3450 5342
600 697 796 745 ramnoxou
816 699 864 745 111.
893 699 962 746 aar.
981 700 1017 745 11.
1261 679 1331 752 155

279 859 414 920 Morerit,
428 874 499 909 uuus
514 856 555 926 (et
572 874 653 927 supra
665 857 706 925 a).
742 860 903 922 Removeat,
921 860 1017 910 unus.“
1036 857 1109 914 Ald.
1128 857 1215 913 Man.
1250 861 1331 916 Recte

279 955 373 999 monet
391 942 494 996 Gernb.
522 944 603 997 verbo
622 946 704 996 movit
724 944 887 1015 respondere
911 945 938 997 in
958 965 1032 1017 seqq.
1057 947 1251 1016 pronuntiatus
1276 963 1333 1003 ert:

279 1035 363 1106 igitur
380 1031 464 1085 solam
484 1031 628 1085 lectionem
646 1033 728 1085 movit
743 1032 856 1104 probam
873 1051 939 1086 esse.
956 1030 1016 1087 Mr.
1055 1034 1195 1099 „Pertinet
1205 1033 1258 1088 boc
1271 1054 1333 1089 cum

279 1122 313 1176 ad
331 1120 570 1193 gesticulationem,
590 1130 647 1173 tum
666 1120 699 1173 ad
718 1131 823 1173 motum
841 1118 948 1186 actoris,
967 1138 1037 1191 quse
1056 1108 1112 1174 ubo
1132 1121 1243 1175 nomine
1260 1122 1334 1176 dice·

279 1214 380 1266 bantur
397 1209 508 1265 elatio.
544 1208 679 1262 Numerus
696 1219 785 1262 autem
805 1219 834 1261 ut
852 1207 979 1262 carminis
996 1208 1033 1262 sic
1057 1209 1136 1262 etiam
1161 1220 1198 1262 est
1216 1209 1334 1265 saltatio-

281 1302 323 1354 nis
341 1299 438 1372 cuique
455 1316 519 1352 suus
536 1307 562 1352 et
580 1297 734 1369 proprius-‘⁸
757 1297 865 1368 wyri.

352 1397 404 1439 aut
420 1388 445 1440 si
462 1404 556 1439 uersus
578 1386 777 1456 pronuntiatus
803 1396 846 1437 est
863 1413 898 1424 —
915 1397 966 1438 aut
981 1386 1095 1458 longior]
1129 1383 1216 1451 „Cum
1242 1397 1333 1441 tamen

280 1477 309 1529 in
328 1494 403 1529 versu
420 1482 561 1547 peccatum
579 1474 613 1527 sit
629 1478 733 1544 poetae,
753 1493 809 1527 uon
827 1473 969 1528 bistrionis.
1004 1473 1058 1527 Sed
1077 1475 1139 1546 quia
1159 1474 1250 1529 bistrio
1268 1496 1335 1548 pro·

282 1564 387 1617 nuntiat
404 1561 513 1616 absente
534 1566 630 1633 po'bta,
658 1561 682 1614 ei
710 1561 819 1633 plausus
844 1563 930 1616 datur.
950 1591 986 1603 -
1035 1563 1098 1615 Vel
1114 1562 1230 1634 longior,
1256 1582 1335 1619 unus.

280 1651 404 1704 Breviori
421 1661 449 1702 et
467 1650 596 1722 longiori,
616 1668 672 1703 esse
690 1649 718 1702 in
737 1650 897 1722 quibusdam
910 1650 985 1704 libris
1000 1661 1120 1705 notatum
1138 1650 1243 1704 rideo.“
1259 1650 1335 1707 ΑΜ.
1436 1650 1438 1657 '

280 1737 368 1791 Man.
410 1735 544 1809 „intelligi
570 1737 662 1808 possit:
699 1737 728 1790 Si
757 1738 843 1792 brevis
866 1737 968 1809 syllaba
995 1749 1025 1792 ut
1048 1738 1145 1810 longa,
1170 1750 1216 1793 aut
1240 1738 1333 1794 contra

281 1824 455 1897 pronuntiata
470 1825 514 1878 sit:
533 1824 578 1878 sed
599 1825 700 1896 potius:
718 1824 740 1878 si
758 1844 847 1879 versus
864 1825 966 1896 syllaba
984 1846 1038 1879 una
1056 1825 1162 1880 deficiat
1180 1838 1226 1880 aut
1243 1828 1331 1880 abun-

279 1913 355 1966 det.“
374 1913 450 1967 Frc.
469 1910 560 1983 Sylr.
604 1912 707 1965 Laudat
731 1912 765 1966 ad
785 1913 810 1966 b.
829 1913 847 1966 l.
864 1913 947 1985 Borg.
975 1908 1033 1968 Cic.
1051 1912 1100 1966 Or.
1120 1917 1169 1969 51:
1194 1918 1228 1967 In
1255 1934 1332 1969 uersu

279 1988 403 2075 puidam,
420 2001 531 2053 theatra
550 2009 612 2053 tota
630 2001 795 2067 reclamant,
826 2003 851 2053 si
864 2002 930 2072 fuit
954 2018 1011 2055 una
1029 2002 1139 2070 syllaba
1160 2012 1210 2053 aut
1231 2001 1334 2055 brevibr

280 2097 332 2139 aut
357 2088 472 2160 longior.
515 2087 584 2141 Add.
610 2086 645 2140 de
670 2086 720 2140 Or.
739 2088 759 2155 l,
780 2091 824 2142 61.
848 2088 955 2154 11],50.
974 2118 1009 2129 -
1062 2091 1093 2142 ln
1119 2089 1204 2142 Godd.
1229 2087 1288 2143 Crz.
1308 2095 1333 2143 2.

282 2176 362 2230 Drsd.
381 2179 408 2230 1.
426 2179 452 2231 3.
473 2174 582 2245 syllaba
603 2174 707 2228 brevior
725 2193 781 2227 una
806 2174 904 2247 legitur
932 2186 958 2229 et
992 2177 1030 2230 sic
1053 2175 1133 2230 etiam
1157 2177 1186 2229 in
1211 2175 1282 2230 Gud.
1301 2178 1334 2231 A.

281 2265 313 2317 ln
332 2263 439 2318 Suerin.
457 2274 496 2317 est
512 2262 613 2316 sillaba
632 2264 747 2316 breviori
765 2275 816 2316 aut
835 2265 964 2336 longiori,
982 2265 1010 2317 in
1029 2264 1088 2318 Cre.
1109 2267 1134 2318 1.
1153 2264 1261 2335 syllaba
1279 2285 1335 2317 una

282 2355 386 2427 longior
402 2365 454 2406 aut
471 2353 583 2407 breuior.
619 2352 727 2406 Omittit
746 2372 802 2405 una
820 2353 870 2407 Ed.
889 2352 974 2407 Sullr.
992 2354 1073 2408 Petri.
1117 2353 1185 2407 cod.
1203 2355 1261 2407 Cra.
1287 2353 1335 2407 ba-

282 2444 401 2497 betuna
419 2443 455 2495 in
473 2441 590 2513 syllaba.
627 2441 687 2493 Mr.

354 2530 516 2584 exsibilatur
540 2541 568 2581 et
592 2529 747 2599 exploditur
755 2530 774 2595 r]
822 2529 871 2594 „ln
900 2525 967 2582 cod.
995 2529 1106 2599 antiquo
1137 2528 1266 2600 scriptum
1297 2538 1335 2581 est

282 2618 370 2672 solum
387 2619 566 2689 exploditur.“
584 2617 661 2670 Frc.
680 2616 767 2687 Sylv.
809 2615 951 2671 Omittitur
976 2626 1004 2667 et
1022 2615 1050 2668 in
1074 2614 1140 2670 On.
1158 2614 1190 2669 Ε.
1208 2614 1241 2667 Ν.
1260 2635 1286 2683 η.
1305 2633 1335 2679 ψ.

282 2706 357 2761 Gud.
376 2706 409 2760 Α.
429 2705 487 2761 Cra.
505 2709 530 2760 1.
550 2711 575 2759 2.
594 2709 619 2760 3.
640 2704 719 2758 Drsd.
742 2709 765 2757 2.
784 2708 811 2758 5.
846 2705 878 2756 ln
896 2703 976 2757 Drsd.
996 2706 1021 2756 1.
1040 2703 1115 2756 abest
1132 2702 1211 2756 etiam
1225 2703 1334 2756 verbum

281 2793 452 2862 exploditur,
474 2811 534 2848 cnm
554 2792 684 2865 particula
702 2802 747 2853 εἰς
765 2791 846 2845 Drsd.
866 2794 893 2846 3.
922 2802 961 2845 est
983 2790 1146 2850 exilabitur,
1171 2791 1333 2860 exploditur.

282 2883 365 2936 Abest
382 2883 445 2935 item
463 2893 491 2933 et
513 2882 542 2935 in
561 2881 647 2936 codd.
671 2880 731 2934 Bas.
759 2878 839 2932 Bern.
867 2877 957 2934 Guell.
984 2879 1051 2932 Edd.
1079 2897 1136 2950 pra.
1156 2880 1236 2932 1465.
1265 2877 1335 2931 Vict.

282 2972 352 3025 Rob.
371 2971 463 3044 Stepb.
483 2972 544 3024 Asc.
562 2974 642 3026 1511.
667 2969 731 3022 Sola
750 2969 819 3022 Ven.
838 2971 919 3022 1492.
947 2968 1027 3022 babet
1050 2967 1179 3036 explodit.
1223 2962 1336 3018 Conlert

283 3059 317 3112 ad
336 3057 361 3111 b.
379 3059 395 3113 Ι.
415 3057 515 3112 Gernb.
532 3058 588 3112 Cic.
607 3058 641 3111 de
665 3056 715 3110 Or.
734 3056 778 3123 lll,
796 3059 841 3123 51,
861 3058 929 3110 1932
958 3067 990 3108 ut
1011 3057 1040 3108 in
1065 3073 1143 3107 uersu
1170 3054 1284 3126 uulgus,
1312 3055 1337 3105 si

283 3157 325 3198 est
339 3157 495 3216 peccatum,
514 3147 603 3197 uidet:
623 3146 677 3210 sic,
695 3145 720 3196 si
738 3144 806 3216 quid
817 3145 846 3196 in
864 3155 960 3196 nostra
978 3145 1098 3220 oratione
1111 3143 1258 3210 claudicat,
1276 3162 1335 3195 sen-

283 3237 335 3288 tits
359 3234 407 3286 sed
423 3239 520 3302 poetae
543 3252 594 3284 non
618 3234 742 3304 ignoscit.
786 3232 868 3285 Unde
892 3244 964 3286 recte
989 3233 1098 3286 coniicit
1122 3231 1251 3285 exsibilari
1280 3250 1334 3283 non

283 3321 439 3375 histrionem
459 3330 571 3392 propter
588 3321 665 3373 metri
685 3321 898 3391 neglectionem,
927 3321 971 3374 sed
990 3340 1111 3385 versum,
1140 3319 1158 3372 i.
1178 3339 1201 3372 e.
1228 3331 1333 3391 poetam

283 3422 396 3480 propter
414 3426 535 3471 versum,
555 3407 629 3460 cuius
646 3418 736 3460 tamen
756 3408 927 3479 reprehensio
946 3410 973 3462 in
993 3418 1160 3481 praesentem
1179 3406 1332 3460 histrionem

283 3498 459 3552 coniicintur:
487 3513 570 3564 quare
588 3513 643 3547 non
662 3496 794 3566 scripsisse
812 3499 971 3551 Ciceronem
989 3499 1020 3549 si
1046 3514 1150 3548 uersum
1173 3494 1337 3563 pronuntia-

283 3589 339 3653 vit,
361 3594 390 3636 ut
408 3583 433 3633 si
451 3600 479 3632 se
497 3582 588 3634 mouit·
623 3581 681 3636 ΜΓ.

353 3670 518 3723 exsibilatur
541 3679 568 3721 et
592 3668 771 3745 explodimu]
813 3673 996 3746 „praepositio
1029 3693 1062 3725 ex
1092 3675 1119 3727 in
1147 3672 1186 3725 bis
1219 3683 1245 3725 et
1278 3670 1335 3724 aliis

283 3762 369 3815 verbis
387 3758 519 3831 significat
537 3758 778 3831 improbationem:
797 3780 882 3833 quae,
900 3763 919 3814 si
939 3761 969 3816 fit
986 3762 1063 3815 sibilo
1082 3762 1152 3830 oris,
1172 3760 1271 3815 dicitur
1285 3778 1333 3814 exe

285 3850 393 3901 sibilare
418 3848 549 3918 aliquem:
581 3850 600 3900 si
629 3848 723 3920 plausu
745 3869 891 3917 manuum,
923 3851 1021 3905 dicitur
1047 3851 1186 3919 explodere
1211 3851 1336 3921 aliquem.

285 3939 368 3990 Cuius
383 3937 548 3990 contrarium
567 3949 605 3992 est
623 3939 767 3992 abeodem
793 3941 875 3994 verbo
895 3939 1036 4009 plaudere,
1054 3937 1244 4010 applaudere,
1262 3938 1334 4010 quod

285 4024 416 4096 significat
433 4026 655 4096 approbationem
675 4046 804 4082 manuum
823 4029 918 4102 plausu
937 4025 1142 4097 significatam.“
1161 4026 1265 4096 VVytt.

355 4117 390 4165 In
408 4115 466 4165 vita
486 4125 531 4172 tu,
551 4133 620 4186 quae
638 4116 807 4186 omnigsstu
823 4116 891 4168 mod.
918 4114 989 4166 omni
1008 4132 1085 4165 versu
1105 4112 1195 4182 aptior
1212 4128 1268 4160 esse
1288 4109 1334 4158 tla-

286 4202 343 4267 bet,
363 4212 395 4254 ut
413 4203 441 4254 in
459 4203 522 4272 syll.
544 4214 570 4253 te
587 4221 696 4271 peccare
716 4205 796 4272 dices]
835 4208 888 4270 „In
907 4203 965 4256 vita
983 4211 1030 4263 tu,
1048 4201 1107 4271 qui
1124 4218 1148 4250 o.
1166 4217 1194 4267 g.
1214 4215 1247 4246 m·
1266 4215 1289 4250 a.
1310 4217 1335 4247 u·

284 4312 309 4346 a.
327 4311 350 4348 e.
371 4290 464 4350 debes3
484 4302 523 4342 ut
540 4291 569 4342 in
587 4290 696 4358 syllaba
713 4301 734 4344 t.
751 4310 779 4360 p
790 4293 815 4342 d.
836 4287 1061 4362 quattuordecim,
1080 4287 1108 4336 in
1127 4302 1244 4354 quorum
1264 4302 1330 4336 uno:

284 4384 317 4432 ln
336 4382 395 4433 vita
414 4388 445 4431 tu
464 4380 558 4448 itaque
577 4398 599 4430 o.
620 4398 647 4447 g.
667 4389 717 4432 etc,
762 4384 862 4432 Gestu:
895 4377 995 4427 Versu:
1021 4371 1163 4426 Histrionis
1187 4370 1279 4423 vitium
1305 4370 1332 4423 in

283 4478 375 4538 gestu,
396 4479 489 4539 poetae
507 4467 534 4519 in
554 4484 638 4520 versu.
675 4465 727 4518 Sed
750 4473 826 4537 po'e'ta
847 4487 901 4521 non
921 4462 1047 4536 prodibat
1065 4460 1092 4513 in
1112 4479 1236 4528 scenam,
1254 4461 1336 4515 dabat
