3450 5342
670 688 867 744 ructuosos
889 694 932 741 u.
961 693 1030 743 car.
1052 694 1073 741 a
1322 669 1396 747 283

345 872 507 924 sustentare;
525 869 554 912 ut
573 856 671 911 dicitur
689 856 760 908 aiere
779 873 877 910 servos,
895 871 986 924 equas,
1004 854 1084 909 etiam
1104 874 1153 926 pro
1172 856 1276 910 habers
1314 858 1396 927 Quod

346 949 452 1020 scripsit
466 948 583 1018 fructus
601 944 663 998 alibi
683 944 811 999 dicuntur
834 941 934 995 reditus
960 941 1082 1015 adeoque
1106 944 1270 1015 vectigalias‘
1297 943 1398 1017 VVytt.

344 1039 432 1104 „Esse
450 1035 523 1088 abest
540 1035 573 1087 ab
594 1052 658 1087 uno.
686 1031 774 1085 Alias:
793 1031 922 1081 neminem
939 1030 1076 1083 hominnm
1094 1049 1152 1083 esse
1170 1031 1309 1085 divitem.¹‘
1328 1035 1400 1088 Ald.

346 1123 533 1177 Manutius.
568 1121 623 1174 Ubi
640 1121 679 1174 sic
696 1121 826 1190 scriptum
844 1117 893 1182 sit,
911 1118 1012 1173 nescio.
1055 1118 1169 1171 librum
1187 1117 1328 1190 equidem,
1354 1122 1421 1190 qui¹

345 1210 522 1275 sicbaberet,
541 1208 591 1260 vidi
612 1206 725 1259 nullum.
762 1205 823 1257 Mr·
1211 1250 1214 1254 .

415 1301 486 1370 quod
500 1297 617 1367 papulus
631 1299 772 1348 Romanus
790 1292 882 1349 tantis
896 1292 1074 1362 vectigalibus
1083 1291 1138 1345 iam
1154 1293 1260 1362 pridem
1279 1294 1324 1346 vix
1335 1304 1402 1362 pat-

343 1386 397 1451 est]
440 1385 525 1451 „Nam
547 1382 664 1456 populus
689 1382 828 1435 Romanus
854 1398 912 1432 nou
936 1389 1022 1433 totum
1053 1380 1201 1437 exercitum,
1226 1381 1330 1448 alebat,
1355 1383 1400 1437 sed

343 1475 530 1528 tautummodo
549 1473 688 1526 dimidiam
707 1481 812 1541 partem
829 1467 984 1551 legionum,
1011 1468 1076 1523 item
1101 1471 1205 1541 equites
1231 1470 1401 1542 legionarios,

343 1562 437 1615 fabros·
451 1573 476 1615 et
495 1560 641 1615 lubicinus:
660 1557 780 1628 reliquus
792 1555 929 1608 'exercitus
948 1555 1062 1610 dabatur
1079 1569 1105 1611 et
1124 1558 1244 1613 alebatur
1262 1580 1277 1613 a
1295 1562 1399 1615 sociis.“

342 1645 448 1718 ΜΗ.
493 1647 548 1716 Qui
567 1646 620 1700 bue
637 1645 741 1698 faciunt
759 1643 904 1714 scriptores
931 1644 1038 1699 abunde
1065 1644 1210 1699 laudantur
1233 1666 1247 1700 e
1267 1646 1399 1703 Creuaero

342 1737 371 1789 iu
389 1735 468 1799 libro,
488 1753 570 1806 quem
588 1734 724 1803 inscripsit
742 1732 835 1785 Abriss
853 1732 879 1784 d.
897 1731 976 1784 Ram.
995 1733 1138 1804 Antiquitt.
1157 1733 1207 1786 Ed.
1217 1740 1241 1787 2.
1261 1755 1287 1805 p.
1305 1739 1399 1792 393-

341 1825 405 1876 395.
422 1821 521 1874 iudicio
540 1820 619 1874 etiam
638 1820 806 1890 interposito.
852 1818 895 1871 Ad
920 1820 1000 1873 verba
1028 1832 1054 1874 et
1080 1822 1113 1874 ad
1141 1841 1199 1874 rem
1218 1821 1300 1893 Borg.
1318 1823 1399 1878 baec:
1457 1873 1460 1878 .

342 1909 399 1961 Cic.
420 1927 470 1979 pro
494 1926 557 1979 rege
582 1908 671 1961 Deiot.
690 1911 720 1971 βε
746 1907 840 1959 Antea
865 1906 972 1977 quidem
991 1909 1141 1961 Deiotarus
1166 1903 1279 1963 maiores
1310 1913 1401 1981 copias

341 1997 578 2065 alerapoterat:
596 2015 668 2048 num
685 1996 800 2066 exiguas
818 1994 878 2046 vix
894 1997 991 2047 tueri
1006 2006 1106 2064 potest.
1125 2025 1158 2038 ·-
1199 1999 1352 2070 Vectigalia
1371 1999 1398 2053 iu

342 2084 498 2155 provinciis,
514 2085 638 2137 redibant
665 2083 704 2136 vel
730 2102 759 2135 es
785 2082 925 2151 scripturn
943 2081 983 2136 vel
1001 2102 1032 2134 ex
1050 2084 1184 2151 decumis,
1203 2085 1241 2137 vel
1262 2105 1291 2137 es
1307 2098 1399 2156 portu.

342 2172 401 2225 Vid.
421 2171 471 2225 Or.
488 2191 538 2242 pro
557 2171 629 2242 Lege
647 2170 722 2224 Men.
740 2174 768 2236 6,
787 2175 821 2224 15
840 2170 906 2240 ibiq.
926 2169 1074 2241 interprr,“
1112 2171 1185 2237 Quid
1203 2173 1236 2226 sit
1253 2168 1400 2243 scriptura,

341 2280 411 2332 quae
429 2259 528 2312 ibidem
547 2258 719 2331 distinguitur
744 2279 758 2312 a
779 2258 900 2312 decumis
919 2268 945 2311 et
970 2259 1108 2328 portorio,
1125 2260 1176 2313 vid.
1196 2261 1224 2314 iu
1243 2260 1309 2314 Eru.
1328 2259 1399 2315 Clas.

341 2346 482 2402 Cietae
520 2347 580 2400 Mr.

312 2478 318 2488 .
411 2437 491 2506 Quod
505 2437 623 2505 populns
641 2440 779 2488 Romanus
797 2435 859 2501 cen]
879 2430 966 2487 Codd.
985 2433 1066 2487 Drsd.
1085 2437 1110 2489 3.
1130 2434 1195 2488 Osx.
1214 2435 1245 2490 E.
1262 2436 1282 2490 Ι.
1299 2438 1398 2507 populo

339 2527 476 2574 Romana:
501 2523 608 2594 ineptus
626 2523 753 2591 nimirum
772 2522 898 2575 librarius
916 2523 951 2576 ita
972 2521 1077 2592 legebat
1102 2523 1290 2593 compendium
1316 2525 1398 2578 usita-

340 2621 399 2662 tum
416 2613 550 2664 1³0.1t0.
585 2611 616 2663 1η
634 2611 716 2664 Drsd.
733 2615 760 2665 4.
779 2623 819 2665 est
834 2630 963 2664 romanus
978 2610 1105 2681 papulus.
1141 2609 1162 2663 li
1182 2610 1257 2676 libri,
1285 2611 1331 2682 qui
1347 2611 1396 2665 ba·

344 2699 409 2749 beut
425 2698 525 2767 populo
543 2717 666 2762 rontano,
684 2698 749 2751 Osa.
758 2697 828 2763 E.l.,
846 2698 927 2752 Drsd.
940 2701 975 2763 8,
996 2697 1024 2751 iu
1038 2717 1113 2769 seqq.
1132 2697 1255 2751 exhibent
1269 2700 1318 2753 vix
1335 2710 1399 2766 pat-

341 2796 384 2838 e'st
402 2786 624 2858 contingere,
643 2787 715 2858 quod
734 2786 838 2840 addidit
854 2797 1011 2853 corrector,
1029 2797 1059 2841 ut
1078 2785 1270 2856 aliquideene
1287 2785 1398 2856 intelligi

339 2883 443 2944 posset,
463 2891 626 2945 quamquam
647 2893 743 2944 parurn
763 2885 824 2944 apta
843 2884 883 2926 est
900 2874 1044 2928 correctio.
1088 2873 1142 2926 Sed
1169 2892 1198 2926 ex
1223 2873 1256 2926 iis
1280 2893 1398 2945 quoque,

339 2961 386 3032 qui
405 2959 503 3014 babent
518 2962 809 3031 populns'liamanus,
835 2961 923 3015 Codd.
941 2961 1022 3014 Drsd.
1042 2964 1067 3014 1.
1086 2964 1111 3014 4.
1141 2960 1249 3016 Suerin.
1279 2962 1397 3015 additum

338 3048 436 3102 babent
455 3049 520 3102 illud
539 3051 699 3120 contingere.
748 3049 802 3102 Pro
830 3049 920 3100 tantis
946 3059 985 3101 est
1013 3050 1158 3101 extentis
1184 3050 1212 3101 in
1232 3049 1317 3101 codd.
1338 3052 1396 3103 Cra.

339 3143 364 3191 1.
384 3141 410 3191 3.
429 3149 454 3191 et
475 3149 537 3191 octo
557 3137 643 3190 Codd.
663 3137 733 3190 Atdi.
753 3166 786 3177 -
824 3136 893 3190 Cod.
921 3139 979 3190 Cra.
999 3140 1025 3190 1.
1053 3136 1133 3190 babet
1150 3138 1206 3189 iam
1224 3138 1270 3189 vix
1286 3138 1399 3206 pridem.

338 3227 394 3278 Pro
408 3236 499 3294 potest
512 3237 551 3280 est
559 3227 650 3295 patuit
662 3226 689 3277 in
701 3224 787 3278 codd.
799 3224 858 3278 Cra.
866 3230 891 3278 2.
906 3225 1016 3278 Drsd.4.
1043 3224 1110 3277 lllud
1131 3227 1269 3277 extentis
1282 3238 1397 3296 occnpat

337 3312 435 3366 multas
453 3312 539 3378 Edu,
558 3313 614 3364 imo
632 3331 741 3377 omnes,
759 3323 821 3366 ante
840 3312 1006 3378 Gruterum,
1033 3313 1147 3384 exceptis
1174 3313 1225 3367 Ed.
1250 3333 1308 3384 pre.
1329 3315 1398 3368 Vict.

338 3413 365 3454 et
384 3400 454 3452 ttob.
474 3398 567 3468 Stepb.
602 3399 636 3452 Et
655 3399 786 3453 Gruterus
805 3400 916 3470 quidem
934 3398 1117 3465 „particulam
1136 3419 1179 3464 ex,
1198 3400 1293 3471 inquit,
1313 3401 1398 3454 abieci

338 3501 368 3542 ut
388 3506 444 3538 non
463 3487 639 3539 necessariam
658 3508 687 3540 ex
707 3488 759 3541 fide
778 3488 911 3541 librorum
929 3486 1095 3558 scriptorum
1113 3497 1140 3541 et
1154 3505 1183 3540 ex
1202 3487 1336 3558 impressis
1354 3507 1398 3540 ve·

337 3574 474 3629 tustissimi
494 3573 638 3647 cuiusque:
666 3595 755 3648 neque
780 3577 857 3630 aliter
882 3577 1049 3630 Victorius.“
1091 3573 1145 3628 Sed
1170 3575 1242 3648 quod
1268 3595 1297 3627 es
1324 3574 1397 3629 nulla

337 3664 456 3719 enotavit
482 3663 530 3717 Ed.
549 3675 635 3718 vetere
654 3665 721 3731 On,
749 3684 828 3736 prava
853 3665 934 3718 lectio
960 3665 1238 3735 populoliantano
1256 3673 1398 3732 -potest

336 3753 560 3823 contingere,
579 3753 701 3806 exhibent
720 3753 820 3806 multae
838 3773 853 3806 e
872 3742 984 3806 dostris:
1004 3752 1053 3806 Ed.
1072 3772 1116 3824 ap.
1131 3752 1216 3806 Meus.
1235 3754 1305 3805 Ven.
1318 3756 1396 3807 1492.

336 3843 418 3895 1514.
436 3839 516 3892 Hdlb.
530 3841 591 3894 Asc.
599 3844 678 3895 1511.
690 3842 753 3895 Par.
763 3845 842 3896 1501.
850 3845 930 3896 1512.
942 3839 1007 3913 Arg.
1019 3841 1104 3912 Lugd.
1115 3841 1176 3896 Par.
1185 3861 1204 3894 s.
1214 3861 1238 3894 a.
1249 3839 1315 3894 Dav.
1335 3840 1365 3892 Μ
1373 3861 1395 3894 r.

364 3958 366 3963 ·
401 3931 482 3998 'Erga
500 3929 550 3979 hoc
565 3930 703 3998 proposita
723 3949 863 4003 nunqnam
879 3931 933 3983 eris
951 3928 1025 3982 dives
1045 3941 1121 3995 anta,
1140 3931 1233 4001 quam]
1260 3929 1314 3981 Pro
1332 3947 1395 3996 ergo

335 4028 374 4070 est
393 4018 480 4088 igitur
498 4017 525 4070 in
546 4018 613 4070 Cod.
630 4021 689 4071 Cra.
708 4023 734 4073 3.
752 4018 820 4071 Edd.
840 4038 908 4089 pre,
928 4038 971 4089 ap.
990 4018 1086 4085 Meus,
1105 4016 1199 4071 lamb.
1213 4014 1297 4068 Sulfr.
1313 4015 1395 4078 Petu,

336 4104 433 4157 nostris
452 4105 518 4158 Dav.
538 4105 618 4160 Hdlb.
645 4106 731 4178 bugd.
754 4108 815 4160 Par.
835 4111 917 4162 1521.
937 4110 1016 4160 1512.
1040 4106 1105 4177 Arg.
1133 4104 1394 4157 vestustate.

335 4189 394 4242 ΜΓ·
430 4195 508 4255 „Hoc
524 4196 676 4263 proposito,
693 4196 711 4248 i.
731 4214 754 4249 e.
772 4195 793 4249 si
812 4196 864 4249 boe
884 4195 946 4261 tibi,
966 4195 1075 4262 Crasse,
1096 4192 1280 4264 proposueris,
1308 4188 1394 4242 nemi·

334 4297 397 4330 nem
418 4298 473 4333 esse
492 4280 614 4349 divitem,
639 4283 689 4336 nisi
709 4285 756 4356 qui
775 4288 846 4341 etc.“
867 4287 906 4338 W
913 4296 971 4357 ytt.
1013 4282 1143 4334 Similiter·
1163 4278 1266 4349 scripsit
1286 4278 1342 4331 Cic.
1361 4278 1394 4332 de

333 4367 418 4420 Fiam
441 4368 486 4434 lV,
507 4373 550 4436 ts,
570 4376 619 4425 54:
644 4373 688 4425 liis
714 4376 859 4443 propositis
885 4374 974 4428 tenuit
1001 4389 1113 4440 prorsus
1139 4367 1337 4439 carrasquentia.
1356 4397 1390 4405 ·-

333 4455 388 4507 Pro
408 4457 457 4508 liae
482 4469 521 4512 est
545 4460 639 4512 harum
665 4463 693 4514 in
720 4461 770 4516 0¹.
791 4481 819 4524 a.
868 4463 932 4517 inde
952 4484 966 4515 a
986 4459 1105 4513 Grutero
1130 4456 1158 4510 in
1185 4455 1251 4509 Edd.
1270 4455 1394 4510 scribitur
