3450 5342
612 709 807 758 usnanoxou
834 711 864 756 v.
893 710 962 757 mn.
982 710 1030 757 111.
1268 688 1343 765 209

290 885 451 963 quantum
478 878 577 945 habet
601 874 824 943 dominatum!
852 893 919 957 quo
945 874 1065 940 timore
1089 881 1245 942 nocentes
1269 832 1343 946 atn-

288 1016 350 1083 oit!
400 1022 540 1081 Annon
566 1017 615 1077 est
638 1013 746 1078 omnis
780 1014 886 1076 metus
915 1011 1080 1075 servitus?
1133 1010 1222 1090 Quid
1259 1016 1345 1080 valet

289 1156 390 1236 igitur
415 1154 471 1219 illa
497 1147 756 1232 eloquentissimi
782 1147 862 1227 viri,
888 1147 923 1211 L.
951 1146 1080 1227 Crassi,
1107 1149 1245 1230 copiosa
1271 1169 1344 1217 ma-

289 1295 358 1376 gis,
394 1307 493 1373 quam
519 1290 650 1371 sapiens
677 1285 810 1352 oratio‘t
862 1278 1017 1375 Eripite
1046 1307 1115 1352 nos
1151 1308 1197 1354 ex
1223 1288 1345 1357 seroi-

290 1437 370 1495 tute
397 1430 471 1492 -t
524 1426 620 1505 Quas
650 1429 700 1489 est
733 1423 796 1487 ista
823 1422 963 1487 servitus
989 1427 1057 1487 tam
1091 1427 1182 1493 otaro
1215 1429 1342 1495 homini

288 1572 422 1649 tamque
444 1565 576 1631 nouum
627 1561 746 1628 omnis
780 1561 881 1625 amm
916 1560 1073 1627 uenturas
1098 1568 1130 1627 et
1154 1567 1286 1634 numius
1311 1536 1362 1635 er

289 1702 384 1767 tracti
409 1700 565 1765 timiditas
591 1698 732 1762 servitus
759 1703 819 1761 est.
871 1692 996 1762 Nolite
1014 1695 1139 1764 sinere
1164 1722 1233 1768 uos
1259 1703 1341 1793 cui-

288 1857 402 1928 quam
418 1831 571 1902 servire.
622 1834 660 1896 ln
686 1833 870 1897 libertatem
895 1832 1056 1898 vindicari
1075 1837 1169 1899 vulti
1195 1839 1341 1906 Minime.

288 1974 379 2054 Quid
413 1975 502 2038 enim
535 1972 704 2053 adiungit?
761 1965 847 2035 Nisi
884 1964 986 2036 robis
1017 1971 1213 2041 universis.
1270 1978 1342 2045 lto·

288 2113 414 2176 minum
439 2117 585 2188 mutare,
611 2126 679 2175 non
706 2109 791 2172 iiber
808 2125 881 2174 esse
906 2108 992 2175 vuiti
1020 2106 1162 2196 Quibus
1188 2124 1224 2180 et
1243 2136 1342 2206 pos-

287 2267 414 2313 sumus
448 2254 483 2311 et
518 2239 699 2310 debemus.
762 2243 830 2311 Nos
863 2261 962 2323 vero,
997 2246 1024 2308 si
1060 2248 1193 2329 quidem
1229 2251 1342 2315 animo

287 2387 422 2451 excelso
456 2388 488 2447 et
513 2385 584 2448 atto
610 2387 642 2447 et
668 2384 841 2448 virtutibus
875 2389 1075 2464 exaggerato
1110 2405 1241 2468 sumus,
1280 2407 1342 2454 neo

286 2521 465 2593 debemus,
499 2536 559 2582 neo
583 2534 768 2599 possumus.
835 2519 885 2582 Tu
910 2535 1009 2600 posse
1035 2523 1067 2584 te
1102 2521 1220 2599 dicito,
1257 2540 1342 2602 quo-

285 2659 379 2723 niam
407 2654 540 2735 quidem
562 2657 675 2734 potes:
715 2654 835 2717 debere
859 2672 902 2718 ne
929 2655 1068 2732 dixeris;
1106 2657 1264 2738 quoniam
1290 2660 1343 2722 ni-

283 2770 1415 2874 mmfflwfflfflmwmfflm'

285 2926 353 2994 Sed
378 2926 461 2993 traeo
486 2926 654 3001 hactenus.
716 2924 775 2988 ltto
801 2924 929 3003 videat,
957 2927 1134 3006 ¹quomodo
1162 2927 1343 3010 imperator

287 3079 361 3127 esse
387 3034 509 3144 possit,
536 3079 638 3143 quum
665 3077 744 3124 eum
767 3078 810 3125 ne
837 3062 979 3126 liberum
1007 3062 1138 3143 quidem
1157 3080 1229 3127 esse
1254 3024 1340 3130 ratio

287 3202 320 3261 et
345 3197 466 3262 veritas
492 3199 565 3278 ipsa
587 3197 770 3261 convincat.

351 3316 549 3383 ’Ὀτιμόνος
568 3351 602 3360 -
622 3318 732 3390 ι’ἰφρων
750 3323 897 3389 δοῦλος]
945 3324 983 3375 lta
1011 3322 1071 3375 dedi
1098 3341 1159 3376 cum
1181 3322 1249 3373 Edd.
1274 3325 1342 3380 Vict.

284 3410 379 3464 Lamb.
395 3409 428 3462 Η.
450 3408 535 3460 Wott.
555 3408 650 3460 Goion.
670 3405 756 3461 Gron.
775 3408 859 3460 Verb.
879 3407 976 3461 Graes.
995 3407 1066 3461 Otiv.
1091 3409 1156 3460 Ern.
1176 3429 1235 3480 sqq.
1259 3411 1341 3481 idque

284 3519 312 3554 sc
329 3498 412 3552 etiam
436 3495 464 3548 in
482 3495 593 3548 Venetis
620 3495 749 3565 reperisse
775 3504 886 3548 testatur
910 3497 1016 3547 comer.
1043 3493 1130 3546 Habet
1147 3492 1279 3547 Graecam
1298 3496 1341 3546 in·
1366 3562 1369 3567 Ι

284 3587 459 3658 scriptionem
485 3602 500 3634 e
526 3580 612 3635 Codd.
639 3581 735 3634 nostris
761 3579 866 3645 nultus,
895 3600 924 3634 er
951 3580 1016 3634 01'1.
1044 3578 1116 3632 solus
1140 3579 1185 3644 N.,
1217 3578 1340 3646 eandem,

284 3692 367 3748 quam
388 3690 447 3725 nos.
490 3668 544 3722 Sed
564 3669 639 3723 valde
656 3670 758 3722 variant
776 3669 848 3723 editi.
892 3668 984 3722 Solam
1011 3665 1142 3719 Graecam
1162 3665 1261 3721 habent
1279 3666 1341 3719 Atd.

284 3762 365 3816 tait.
383 3760 463 3811 1552.
482 3756 543 3809 Par.
562 3759 641 3811 taut.
660 3756 746 3828 tiugd.
783 3757 818 3809 Et
836 3756 904 3809 duae
924 3753 1033 3828 quidem
1053 3748 1170 3824 priores:
1198 3747 1239 3806 irs
1257 3756 1280 3806 oi
1298 3774 1343 3808 σο-

284 3854 329 3911 9ο1
347 3841 493 3914 thiderico,
513 3850 557 3896 καὶ
575 3845 598 3896 oi
615 3850 698 3915 popei
716 3847 808 3897 δοῦλοι
814 3853 825 3910 ,·’
841 3843 910 3898 duae
929 3844 1103 3915 posteriores:
1130 3844 1176 3893 Oti
1199 3861 1289 3895 monos
1307 3844 1342 3896 to

283 3934 383 4005 cophos
402 3931 551 3986 eleutheros
570 3933 600 3984 ke
616 3943 714 4002 pantes
733 3933 762 3983 Ιιὶ
781 3933 848 3984 mori
867 3932 932 3985 doli.
979 3930 1071 3984 Solam
1090 3930 1211 3983 Latinam
1238 3932 1297 3984 cra.
1315 3934 1342 3982 t,

282 4026 381 4077 omme
405 4020 540 4091 sapientes
567 4017 663 4072 liberos
695 4036 765 4084 esse,
799 4038 887 4072 omnes
918 4020 1019 4072 stultos
1046 4037 1136 4070 servos
1168 4018 1342 4069 demonstrat.

283 4102 345 4159 Cn.
366 4108 391 4159 ².
408 4098 556 4159 Omnes'-
575 4124 645 4173 esse,
673 4117 708 4158 ct
735 4125 823 4159 omnes
850 4107 952 4159 stultos
980 4124 1069 4158 servos
1095 4123 1166 4159 esse,
1194 4123 1255 4157 cum
1276 4101 1342 4155 Cod.

282 4190 357 4247 Gud.
376 4190 421 4258 B.‚
440 4191 468 4245 in
489 4193 546 4248 ver.
565 4191 626 4246 Car.
646 4192 738 4265 steph.
764 4192 836 4247 Gud.
854 4193 887 4248 A.
907 4204 945 4247 est
963 4196 1058 4244 Omnes
1075 4220 1110 4230 -
1129 4209 1187 4242 esse
1208 4200 1236 4240 et
1255 4208 1342 4242 omnes

281 4278 390 4333 stultos
407 4298 514 4342 servos,·
535 4280 601 4334 Orx.
620 4279 651 4331 E.
669 4279 702 4332 N.
721 4279 757 4332 U.
775 4297 804 4341 ψ.
823 4281 935 4333 Adest
962 4277 1080 4348 (volebat
1103 4276 1220 4346 scriptor
1244 4275 1274 4325 id
1290 4285 1340 4341 est,

282 4376 314 4421 nt
332 4364 429 4432 habet,
447 4385 612 4439 quamquam
631 4367 749 4433 omissis,
766 4376 797 4419 ut
814 4367 876 4433 dixi,
896 4365 981 4420 verbis
996 4363 1115 4428 Graecis,
1135 4361 1201 4415 Cod.
1212 4360 1291 4415 Drsd.
1303 4362 1341 4432 2.)

282 4454 383 4506 Omnes
402 4482 435 4494 -
456 4472 513 4508 esse
530 4465 557 4506 et
576 4471 664 4506 omnes
682 4453 782 4507 stultos
800 4471 906 4514 servos,-
933 4450 1012 4504 Drsd.
1031 4452 1057 4503 t.
1076 4448 1155 4518 Quod
1172 4448 1277 4519 sapiens
1296 4469 1340 4503 so·

1062 4538 1109 4608 14
