3450 5342
342 650 388 721 lt
656 668 828 715 essenon
855 657 1048 713 eroruonnu.

339 832 506 907 Stoicorum,
525 829 570 883 sed
589 827 714 882 adhibitis
730 825 897 880 ornamentis
913 826 1053 894 oratoriis,
1077 843 1145 897 quse
1163 823 1246 896 vulgo
1266 844 1283 879 a
1303 825 1390 880 Stoicis

261 943 265 952 ·
338 921 571 993 negligebantur.“
607 921 704 986 Stoyse
728 934 778 985 pro
802 914 885 967 stoice
908 916 1038 986 seriptum
1063 912 1152 969 estin
1175 911 1267 967 Codd.
1294 911 1353 967 Crs.
1369 917 1388 965 2.

339 1007 419 1062 Drsd.
438 1010 464 1060 l.
506 1009 537 1061 ln
556 1004 616 1059 cn.
633 1006 660 1058 3.
679 1013 718 1056 est
734 1003 820 1055 solum
839 1022 889 1074 pro
908 1004 990 1068 solet,
1018 1003 1046 1056 in
1073 999 1153 1055 Drsd.
1172 1004 1198 1055 b.
1218 1001 1291 1053 solet
1308 1003 1388 1064 stoice,

339 1095 445 1149 inverso
463 1092 573 1157 ordins;
593 1093 621 1145 in
638 1089 724 1145 Codd.
744 1087 803 1143 Cra.
817 1092 842 1143 l.
861 1089 943 1146 Drsd.
959 1094 984 1146 b.
1005 1100 1065 1161 post
1080 1089 1150 1142 solet
1166 1088 1259 1143 statim
1279 1089 1388 1161 sequitur

338 1184 431 1239 disere.
467 1181 547 1236 Drsd.
563 1184 590 1235 4.
615 1178 713 1233 omittit
735 1178 766 1229 de
791 1177 843 1230 diis
867 1177 1080 1238 irnnmrtaiibrss5
1108 1174 1177 1230 Cod.
1199 1174 1247 1231 Cr.
1267 1179 1296 1232 3.
1320 1178 1387 1231 babet

337 1271 391 1323 biis
411 1288 462 1342 pra
481 1269 552 1323 Diis.
588 1265 649 1323 Mr.
820 1288 822 1293 ·
1033 1314 1037 1321 .

410 1355 531 1411 Nullis
548 1355 674 1407 oratoriis
692 1352 855 1411 ornamentis
873 1351 1014 1421 adhibitis]
1035 1352 1078 1420 „th
1098 1351 1174 1405 libris
1192 1352 1250 1407 lere
1268 1353 1386 1407 omnibu

339 1444 471 1499 veteribus
488 1442 562 1499 abest
578 1433 676 1506 nattis,
700 1441 728 1494 in
751 1459 807 1495 uno
822 1451 866 1497 ,est
883 1441 926 1493 vet
944 1459 993 1511 pro
1012 1441 1111 1493 nattis.-
1139 1460 1168 1493 ea
1187 1459 1244 1512 quo
1265 1441 1385 1512 suspiras,

338 1531 422 1584 nullis
440 1529 610 1583 librariorum
630 1527 710 1599 culpa
729 1547 744 1581 e
760 1527 836 1585 libris
858 1527 992 1581 veteribus
1012 1529 1162 1582 evanuisse:
1188 1529 1264 1599 quod
1286 1527 1384 1583 restitui.

339 1618 423 1689 ldque
441 1636 473 1671 eo
492 1617 617 1671 fidentius
635 1616 696 1683 feci,
716 1616 789 1688 quod
808 1615 835 1668 in
855 1634 911 1669 uuo
925 1634 1018 1688 eoque
1037 1616 1229 1687 antiquissimo¹
1244 1619 1336 1670 Stoice
1350 1637 1383 1669 so

339 1706 376 1757 let
396 1708 523 1759 oratoriis
539 1707 702 1759 ornamentis
719 1723 785 1757 non
803 1702 950 1756 adhibitis:
978 1720 1144 1776 quamquam
1167 1722 1222 1757 nan
1247 1715 1383 1758 transserss

339 1793 407 1848 linea
426 1815 441 1848 a
460 1796 550 1848 nescio
570 1812 625 1865 quo
645 1791 799 1849 confossum
819 1793 904 1845 erat.“
929 1790 1087 1847 Lambin.
1123 1790 1174 1857 „ln
1191 1791 1263 1846 Cod.
1285 1793 1384 1864 antiquo

338 1902 393 1935 non
412 1883 518 1954 reperio
535 1883 627 1935 nullis.
670 1880 749 1949 Quae
766 1879 846 1932 lectio
858 1880 885 1953 ¹si
905 1897 965 1931 sera
983 1891 1065 1946 esset,
1090 1881 1247 1936 conueniret
1266 1901 1329 1936 oum
1347 1900 1383 1935 eo:

337 1973 401 2023 Feci
417 1972 499 2021 etiarn
517 1970 665 2020 audacius:
694 1968 738 2020 sed
765 1968 798 2020 ab
823 1966 869 2019 illo
897 1965 1072 2038 discreparet:
1099 1968 1127 2020 in
1153 1986 1185 2019 eo
1211 1970 1325 2031 haeresi
1345 1979 1384 2030 est,

338 2077 407 2130 qnae
429 2058 535 2109 nullam
559 2056 681 2127 sequitur
701 2055 797 2108 florem
822 2054 951 2109 orationis
975 2058 1045 2111 eta.“
1071 2055 1094 2109 F
1101 2074 1144 2110 re.
1166 2054 1262 2127 Sylr.
1308 2057 1384 2125 „Fere

338 2164 432 2201 omnes
449 2144 510 2197 lihri
528 2141 628 2198 hahent
644 2143 744 2195 nullis:
766 2143 812 2198 sed
830 2142 859 2196 in
879 2145 948 2197 Ven.
967 2144 1051 2197 nullis
1069 2143 1196 2205 omissum
1217 2144 1300 2209 tacis,
1314 2154 1347 2200 ut
1360 2145 1385 2197 de

337 2233 417 2287 huius
434 2230 486 2285 loci
506 2230 613 2293 veritate
631 2230 815 2302 quaerendum
830 2230 984 2302 diligentius
1000 2250 1055 2287 esse
1071 2231 1199 2287 videatur.
1229 2233 1328 2305 Atque
1344 2249 1385 2302 eqo

338 2319 447 2392 quidem
466 2320 584 2373 Venetae
602 2318 711 2371 lectioni
727 2319 866 2373 assentior.
902 2319 970 2373 Nam
997 2329 1025 2371 et
1050 2319 1114 2373 alihi
1140 2319 1313 2391 eloquentiae
1336 2320 1386 2374 lau-

337 2407 400 2461 dem
419 2404 516 2460 Catoni
534 2406 626 2460 tribuit
644 2406 756 2476 Cicero,
776 2419 803 2463 et
819 2407 928 2462 ordiens
946 2407 1018 2462 clare
1036 2406 1088 2462 boe
1108 2407 1186 2475 dixit,
1205 2408 1324 2463 dicendo
1341 2407 1386 2463 Ca·

338 2508 430 2552 tonem
449 2507 639 2561 consecutum,
663 2506 693 2548 ut
712 2495 803 2550 Stoica
821 2497 900 2550 etiarn
921 2495 1024 2567 populo
1043 2496 1192 2568 probabilia
1211 2497 1386 2553 viderentur-‘¹

338 2584 509 2638 Camerar.
556 2583 654 2651 „Quae
673 2584 796 2656 superius
816 2585 850 2637 ds
869 2583 980 2638 Catonis
1000 2583 1152 2655 eloquentia
1171 2596 1235 2639 sunt
1252 2586 1386 2657 disputato,

338 2671 455 2738 iaciunt,
478 2682 508 2725 ut
525 2670 673 2725 Camerarii
691 2692 819 2727 censurae
838 2683 863 2727 et
883 2673 990 2726 lectioni
1009 2673 1128 2726 Venetae
1146 2672 1275 2728 libentius
1291 2673 1385 2746 astipo-

337 2759 378 2814 ler
395 2772 422 2814 et
438 2761 523 2829 nuliis
534 2763 719 2832 ¹expungam.“
741 2761 831 2832 Xyst.
849 2761 960 2815 Betul.

410 2850 545 2908 Oratoriis
563 2850 737 2917 ornamentis]
758 2848 903 2920 „Plerique
916 2849 972 2902 cusi
988 2848 1193 2920 praemittebant
1211 2848 1303 2913 nullis,
1322 2846 1387 2920 quod

338 2958 393 2992 non
412 2937 503 2990 visitur
521 2936 549 2988 in
568 2935 724 2989 melioribus
743 2936 921 3002 membranis,
950 2939 1088 3008 mirorque
1112 2954 1259 3007 agnoscere
1279 2955 1330 3006 pro
1346 2953 1388 3006 ge·

337 3025 422 3077 nuino
440 3023 617 3089 Lambinum,
645 3042 715 3076 eum.
730 3022 756 3074 id
781 3023 869 3095 ipsum
889 3035 998 3093 spernat
1016 3026 1101 3090 ratio,
1125 3036 1152 3079 et
1176 3024 1284 3078 dicendi
1308 3035 1387 3077 artem

338 3109 438 3167 tribuat
457 3107 553 3162 Catoni
571 3106 676 3165 Tullius
700 3109 728 3162 in
754 3108 839 3163 Bruto
864 3129 888 3185 o.
907 3113 952 3177 31,
975 3123 1005 3165 ut
1029 3111 1201 3167 adnotaverat
1225 3112 1387 3175 Gulielmius,

337 3197 383 3270 qui
403 3207 552 3263 cumesset
570 3196 597 3249 in
616 3195 675 3253 MS·
693 3197 868 3264 hortatoriis,
892 3198 919 3253 id
939 3197 1000 3259 heio
1015 3198 1105 3261 losum
1125 3199 1224 3265 habere
1246 3221 1323 3272 posse
1340 3218 1387 3271 pu·

336 3285 438 3339 tahat.“
457 3283 553 3337 Grut.
589 3285 704 3351 „Nullis
722 3296 793 3338 reete
811 3286 973 3355 deleverant,
992 3288 1046 3342 iarn
1065 3300 1128 3343 ante
1142 3287 1304 3355 Gruterum,
1322 3287 1387 3341 Lan-

336 3371 396 3444 gius
414 3383 441 3427 et
459 3371 606 3439 Manutius,
622 3373 969 3445 adplaudentaPithoeano
988 3387 1019 3432 et·
1031 3376 1113 3440 libris¹
1122 3376 1180 3429 aliis
1198 3377 1387 3431 vetustioribus.

335 3460 413 3516 llane
431 3461 590 3533 scripturam
609 3459 702 3517 asserit
719 3464 819 3519 vocula·
831 3465 978 3531 duntaxat,
997 3484 1067 3536 quae
1085 3464 1230 3536 praecedit,
1253 3483 1323 3537 quae
1341 3482 1386 3517 no·

336 3560 375 3604 tat
387 3551 492 3614 saltem,
510 3551 655 3611 nrinirnam.
693 3557 760 3605 Oato
778 3564 871 3616 autern
888 3554 1026 3606 duntaxat
1046 3553 1284 3623 demagnitadine
1301 3551 1387 3613 anirni,

336 3629 388 3693 boe
403 3651 455 3693 est:
472 3638 493 3692 si
512 3657 567 3692 non
587 3639 621 3707 de
636 3640 739 3706 esteris,
758 3640 791 3692 de
809 3640 997 3712 magnitudine
1015 3640 1099 3697 animi
1115 3639 1220 3707 saltem,
1239 3639 1329 3695 dicere
1346 3654 1387 3690 so-

335 3724 407 3778 lebat
429 3723 554 3783 adhibitis
575 3728 744 3780 ornamentis
760 3728 894 3791 oratoriis.
929 3729 997 3783 Nam
1015 3727 1147 3783 Catonem
1166 3727 1294 3783 disertum
1311 3726 1387 3789 fuisse

329 3812 419 3882 ,modo
438 3814 603 3865 ostensum.“
623 3812 746 3867 Graes.
783 3815 970 3884 Aldiautem,
990 3836 1071 3889 quem
1087 3815 1179 3877 laudat
1197 3813 1315 3882 Graes„
1329 3812 1387 3867 Ma·

337 3898 403 3953 nutii
424 3897 495 3963 ¹haee
518 3910 557 3953 est
581 3902 734 3955 annotatio:
761 3902 842 3971 „Non
859 3905 978 3972 dubito„
1006 3904 1072 3977 quin
1098 3903 1164 3970 haec
1191 3904 1271 3957 rerba
1299 3910 1387 3957 vacent

336 3987 410 4042 Omni
430 3987 539 4042 mendo·
574 3986 628 4042 Sed
648 3990 776 4062 quoniam
796 3992 918 4057 dubitare
936 3994 1012 4047 rideo
1031 3991 1153 4046 homines
1171 3989 1330 4061 eruditoset
1342 3988 1388 4041 ad·

335 4075 399 4129 dere
418 4075 588 4146 negationem
608 4078 699 4144 nullis,
718 4099 788 4151 quae
806 4092 844 4135 est
861 4081 890 4134 in
908 4100 952 4134 sex
971 4082 1045 4149 meis,
1064 4099 1119 4135 non
1139 4078 1247 4145 faciam,
1269 4079 1290 4133 si
1310 4076 1386 4131 modo

336 4163 464 4236 consequi
484 4174 589 4235 potero,
607 4175 638 4219 ut
656 4166 807 4239 quisquam,
826 4160 1165 4234 auetoritatstoommotns,
1180 4165 1210 4235 in
1224 4186 1318 4221 errore
1332 4183 1388 4218 ver·

335 4260 417 4304 setur.
454 4249 550 4316 Catoni
570 4272 627 4306 non
646 4254 729 4309 modo
747 4255 844 4311 Cicero
863 4267 890 4311 et
907 4256 970 4321 alibi
995 4266 1021 4310 et
1039 4255 1091 4309 hoe
1109 4255 1167 4326 ipso
1192 4254 1223 4309 in
1247 4253 1322 4319 loeo,
1345 4250 1388 4306 sed

335 4335 475 4396 Sallustius
492 4353 519 4397 et
536 4341 695 4397 Plutarchus
715 4353 742 4397 et
763 4344 807 4400 alii
831 4342 1014 4413 eloquentiam
1040 4343 1181 4408 tribuunt,
1202 4360 1257 4413 qua
1283 4339 1388 4413 quidem

335 4422 363 4477 in
386 4440 480 4484 senatu
504 4431 539 4485 ita
565 4429 715 4501 disputabat
740 4429 774 4482 de
797 4428 982 4501 magnitudine
1005 4430 1141 4485 animi-
1165 4427 1277 4501 aliisque
1302 4428 1389 4491 rebus,
