3450 5342
673 675 871 725 rtrtuoxou
890 675 932 721 ιι.
957 675 1027 723 car.
1044 677 1078 724 ιι.
1310 654 1383 728 301

337 841 527 895 mediocria
545 844 739 906 temperate
754 845 844 905 potest
863 835 958 886 dicere.
975 861 1010 873 -
1047 835 1077 887 Ie
1094 834 1181 905 igitur
1199 837 1323 907 eloquens
1341 843 1388 905 (ut

337 931 424 980 idem
454 927 550 980 iliud
580 927 720 989 iteremus)
746 924 794 994 qui
812 951 846 960 -
864 921 964 990 poterit
987 939 1076 990 parva
1102 922 1240 975 summisse
1256 927 1388 978 modica

338 1026 548 1084 temperate,
566 1031 666 1085 magna
682 1011 805 1082 graviter
824 1009 918 1085 dicere.
966 1006 1019 1060 Sed
1049 1007 1082 1061 de
1096 1048 1102 1061 ..
1111 1027 1161 1061 usu
1187 1012 1389 1082 praepositionis

338 1105 384 1166 od,
402 1105 505 1174 dequo
523 1100 643 1173 exposuit
660 1101 763 1170 wyte,
777 1097 928 1151 accuratius
946 1097 1000 1167 egit
1018 1095 1138 1151 Handius
1155 1097 1183 1149 in
1201 1097 1354 1152 Tursellino
1371 1101 1391 1154 l.

339 1211 366 1261 p.
382 1195 434 1244 tot
453 1211 491 1262 sq.
510 1189 613 1245 dicens:
632 1187 767 1254 „Ponitur
784 1185 829 1251 ad,
846 1185 893 1238 ubi
910 1183 1084 1255 significanda
1096 1195 1134 1238 est
1147 1204 1242 1239 norma
1256 1197 1282 1240 et
1299 1185 1390 1258 regula

338 1288 365 1331 et
382 1277 426 1342 id,
446 1277 518 1348 quod
537 1277 671 1331 actionem
690 1274 807 1345 aliquam
827 1273 896 1344 regit
920 1284 947 1325 et
964 1271 1133 1327 modulatur:
1160 1273 1187 1326 id
1217 1275 1290 1346 quod
1316 1275 1391 1329 reddi

338 1377 424 1437 potest
442 1384 490 1436 per
507 1363 667 1419 vocabulum
684 1362 838 1416 secundum.
875 1360 934 1413 Hoc
952 1354 1024 1412 enim
1043 1360 1189 1432 sequendi,
1216 1360 1281 1415 illud
1313 1381 1390 1416 acce-

336 1454 417 1507 dendi
437 1465 463 1509 et
480 1451 629 1524 attingendi
648 1451 788 1507 notionem
806 1448 835 1501 in
859 1446 992 1501 sehabet.
1036 1445 1132 1502 Graeci
1158 1447 1252 1504 dicunt
1278 1449 1347 1503 nord
1364 1461 1390 1504 et

337 1540 384 1593 oilr
403 1554 429 1595 et
446 1545 488 1607 bc,
507 1539 637 1595 Germani
653 1543 762 1608 gemdss
781 1547 807 1590 et
824 1535 922 1589 nncb.“
968 1534 1071 1589 Laudat
1095 1536 1166 1589 idem
1192 1537 1388 1611 Heusingerum

339 1629 372 1682 ad
393 1627 449 1682 Cic.
467 1628 500 1680 de
515 1627 574 1683 Osi.
589 1627 635 1692 tlt,
654 1630 699 1692 21,
717 1628 759 1678 10.
776 1625 817 1694 (p.
836 1625 900 1678 449.
921 1622 961 1676 ed.
981 1622 1091 1695 Zumpt.
1109 1625 1183 1692 mai.)
1208 1625 1253 1679 uhi
1279 1627 1390 1699 legitur:

339 1721 401 1770 Non
419 1715 520 1781 babeo,
539 1716 583 1767 cd
600 1714 704 1784 vulgi
721 1711 931 1782 opinionem,
956 1728 1026 1782 quoe
1054 1712 1140 1765 mcior
1161 1712 1285 1778 utilitas,
1308 1733 1390 1785 quarn

337 1803 484 1872 regnandi,
502 1821 558 1856 ease
572 1802 678 1872 possit,·
708 1799 769 1853 add.
786 1798 925 1852 Bromium
955 1797 988 1853 ad
1008 1795 1091 1852 Corn.
1108 1799 1177 1869 Nep.
1201 1799 1295 1871 Epam.
1313 1801 1345 1867 ll,
1364 1806 1389 1858 3.

338 1895 371 1948 ad
383 1891 473 1945 rerba:
495 1890 534 1942 nd
540 1900 662 1943 nostram
672 1886 890 1941 consuetudinem
899 1895 964 1939 sunt
973 1885 1044 1939 iccio
1050 1906 1060 1949 ,·
1080 1885 1259 1960 Oudendorp.
1271 1889 1303 1942 ad
1315 1889 1391 1943 Caes.

337 1982 368 2033 B.
385 1979 420 2033 G.
440 1979 485 2046 Vl,
504 1982 529 2045 1,
548 1983 580 2033 t:
599 1979 637 2033 od
654 1977 800 2047 opinionem
819 1974 943 2042 Gallice,
975 1975 1022 2030 ubi
1050 1974 1100 2029 vid.
1125 1976 1205 2030 etiam
1222 1977 1345 2032 Heldium
1366 1991 1391 2034 et

336 2068 491 2134 Moebium,
522 2079 547 2120 et
566 2066 599 2121 ad
618 2082 833 2138 synonymorum
859 2063 997 2117 nudiocrie
1023 2074 1050 2117 et
1068 2063 1185 2118 modicus
1209 2065 1388 2121 differentiam

337 2157 409 2211 coni.
430 2155 601 2210 Doederlein.
619 2155 675 2209 lat.
697 2152 803 2224 Synon.
829 2171 857 2205 u.
874 2149 991 2222 Etymol.
1010 2151 1044 2205 V.
1072 2171 1098 2221 p.
1116 2155 1179 2208 203.
1196 2182 1231 2192 -
1281 2154 1390 2226 Legitur

337 2245 423 2296 media
444 2263 493 2313 pro
513 2242 632 2303 condico,
660 2259 689 2295 ex
717 2240 802 2311 glossa
822 2257 919 2310 parum
946 2248 1026 2309 apta,
1054 2238 1082 2293 in
1107 2236 1175 2294 Cod.
1203 2239 1282 2295 Suer.
1323 2243 1388 2297 Post

336 2331 414 2384 nulla
433 2330 540 2385 additur
557 2340 599 2382 est
617 2330 646 2382 in
665 2327 751 2383 codd.
768 2325 849 2380 Drsd.
870 2329 895 2381 1.
914 2329 938 2381 3.
981 2325 1025 2379 Ad
1043 2346 1065 2380 r.
1084 2328 1123 2380 od
1139 2337 1215 2383 tuam
1233 2331 1311 2383 nullo
1329 2330 1389 2385 lau·

338 2419 383 2471 dat
400 2417 503 2473 Gernh.
520 2418 553 2471 de
571 2416 658 2471 Crassi
679 2416 774 2470 divitiis
802 2415 894 2468 locum
913 2413 1048 2470 Plutarchi
1070 2414 1098 2469 in
1123 2417 1180 2471 eiua
1205 2419 1254 2472 vita
1282 2439 1341 2491 cap.
1361 2426 1386 2474 2.

337 2507 379 2560 ad
396 2525 453 2559 rem
474 2506 536 2559 Frc.
555 2504 627 2576 Sylr.
646 2503 725 2559 haec:
755 2502 899 2570 „Ciceroni
924 2501 1021 2557 multas
1038 2503 1118 2557 suisse
1142 2504 1258 2573 divitias,
1282 2507 1327 2561 eed
1347 2528 1390 2563 eas

338 2595 434 2648 iniuste
453 2580 558 2664 parias,
578 2593 678 2646 obiecit
696 2591 842 2646 Sallustius.
879 2591 943 2645 Eius
961 2591 995 2645 ad
1014 2590 1154 2648 maledicta
1166 2592 1262 2647 Cicero
1276 2612 1387 2666 respon-

338 2683 419 2747 dens,
438 2684 587 2735 amicorum
607 2679 768 2734 testamentis
787 2679 934 2733 selectum
953 2679 1017 2734 dicit
1035 2679 1266 2752 locupletiorem.“
1301 2680 1360 2734 Mc.

409 2770 441 2820 de
459 2789 499 2821 me
514 2767 610 2832 silebo,
633 2769 665 2819 de
683 2786 717 2820 re
735 2768 851 2839 loquan]
897 2766 919 2819 E
946 2767 1127 2840 duodeviginti
1154 2768 1216 2822 Atdi
1244 2770 1389 2825 codicibus

338 2857 495 2930 quindecim
510 2855 668 2910 exhibebant
686 2875 723 2922 re,
741 2867 794 2910 tres
812 2866 854 2909 tes
873 2853 921 2909 llle
941 2867 1029 2910 tamen
1049 2869 1089 2924 te,
1109 2870 1138 2911 ut
1154 2858 1260 2925 rectius,
1279 2860 1386 2929 praeie-

337 2946 422 3000 rebat.
458 2944 510 2999 Sed
530 2944 607 2998 aliter
624 2944 704 2998 sensit
722 2944 872 3009 Victorius,
891 2946 937 3018 qui
957 2943 1060 3001 exhibet
1078 2964 1123 3012 re,
1143 2957 1169 2999 et
1186 2956 1247 3018 post
1263 2964 1325 3001 eum
1333 2945 1388 3017 Ca·

337 3033 482 3086 merarius:
507 3032 579 3087 Hier.
599 3032 678 3086 etiam
697 3030 784 3085 Wott.
803 3032 835 3083 de
853 3052 894 3098 re,
920 3033 1023 3104 inquit,
1049 3031 1157 3100 melius,
1187 3053 1268 3106 quam
1297 3036 1329 3087 de
1347 3047 1389 3088 tc.

336 3123 441 3176 Habent
459 3132 548 3176 autem
565 3119 632 3175 illud
651 3131 677 3172 te
694 3119 817 3192 plerique
843 3120 936 3193 scripti
955 3132 982 3175 et
1006 3121 1079 3177 editi.
1121 3120 1175 3176 Sed
1201 3134 1308 3193 praeter
1333 3144 1388 3188 eos,
1483 3150 1489 3167 ν

337 3231 406 3282 quos
430 3209 596 3275 memoravi,
627 3227 656 3261 re
687 3208 810 3263 exhibent
836 3206 903 3262 On.
939 3219 1070 3280 quatuor,
1105 3209 1166 3264 llas.
1197 3209 1266 3265 Pith.
1294 3211 1389 3267 Duisb.

336 3299 417 3352 Drsd.
437 3303 463 3351 2.
481 3297 615 3367 itemque,
639 3315 701 3351 cum
721 3294 831 3362 Glossa,
856 3292 916 3349 Cra.
934 3300 965 3350 2:
990 3297 1022 3347 de
1051 3315 1087 3349 re
1111 3299 1256 3375 incepto
1283 3301 1387 3373 icquar,

336 3387 408 3440 unde
428 3384 498 3437 vides
516 3402 576 3437 eam
593 3383 723 3454 glossam,
750 3402 819 3455 quae
845 3384 874 3436 in
893 3383 985 3439 codice
1010 3383 1095 3436 multo
1113 3385 1254 3439 vetustiore
1273 3389 1387 3460 margini

336 3483 404 3527 esset
421 3473 541 3543 adpicta,
560 3471 638 3525 nohis
654 3490 768 3526 servasse
779 3470 911 3524 veriorem
929 3471 1098 3542 scripturam,
1116 3491 1197 3541 quam
1210 3472 1273 3526 inde
1286 3493 1302 3529 a
1315 3473 1389 3529 Gro-

337 3561 419 3615 novio
437 3571 463 3614 et
481 3559 595 3613 Graerio
613 3558 735 3614 exhibent
752 3578 846 3630 omnes
871 3558 990 3630 itemque
1008 3558 1050 3614 ed.
1077 3579 1134 3632 prc.
1158 3562 1281 3632 Magum.
1308 3567 1387 3619 teca.

335 3648 469 3704 Graevius
486 3658 575 3701 autem
594 3658 681 3702 recte:
698 3647 749 3714 „ln
766 3667 842 3719 seqq.
861 3666 917 3701 non
936 3646 1055 3719 loquitur
1073 3647 1106 3701 de
1124 3646 1234 3717 Crasso,
1252 3650 1298 3703 sed
1311 3669 1387 3704 com-

336 3749 415 3811 parat
433 3737 557 3790 virtutem
576 3729 639 3790 cum
657 3735 766 3790 divitiiss
786 3764 818 3776 -
848 3754 911 3789 nam
935 3736 1022 3789 statim
1041 3736 1184 3791 subnectit:
1209 3739 1233 3790 si
1256 3741 1387 3793 censendo

335 3825 409 3878 nobis
428 3834 512 3895 atque
530 3824 699 3876 aestimando
719 3842 774 3876 res
791 3829 859 3878 est.·‘
896 3823 928 3877 ln
947 3841 979 3877 eo
997 3834 1086 3878 autem
1104 3824 1214 3892 errarit,
1234 3827 1307 3898 quod
1326 3847 1342 3880 a
1359 3848 1386 3881 se

336 3915 457 3986 primum
476 3922 613 3984 receptum
632 3911 787 3967 existimavit
805 3932 841 3968 re.
886 3911 967 3980 Quod
998 3912 1060 3966 dixit
1086 3911 1182 3966 Cicero
1206 3913 1303 3975 silebo,
1328 3914 1386 3966 ior-

335 4015 402 4056 tasse
421 4002 533 4055 miretur
550 4000 653 4072 aliquis,
673 4010 825 4072 exspectans
842 3999 944 4064 tacebo,
963 4019 1032 4070 quae
1050 4010 1090 4053 est
1107 3999 1384 4070 glossaCod.Crz.1.,

334 4090 382 4161 qui
401 4089 440 4143 his
458 4089 521 4160 ipsis
540 4089 567 4142 in
586 4089 673 4143 verbis
695 4087 799 4143 desinit.
842 4086 896 4141 sed
927 4087 1006 4140 adeas
1030 4086 1249 4141 Doederleinium
1277 4087 1304 4139 in
1330 4088 1385 4142 Lat.

334 4178 441 4249 Synon.
459 4197 486 4230 u.
506 4177 624 4249 Etymol.
641 4178 661 4230 l.
680 4197 706 4248 p.
716 4179 859 4244 84-88,
879 4176 926 4249 qui
946 4186 1034 4229 tamen
1055 4175 1138 4228 nostri
1157 4174 1208 4228 loci
1226 4173 1277 4226 suit
1289 4174 1385 4227 imme-

334 4285 404 4320 mor.
448 4266 602 4338 Utrumque
627 4267 736 4319 verbum
762 4264 847 4319 iunxit
864 4265 961 4319 Cicero
986 4263 1014 4315 in
1041 4262 1092 4318 Or.
1111 4281 1161 4334 pro
1180 4259 1254 4314 Sulla
1273 4264 1318 4328 29,
1336 4264 1385 4316 stt:

331 4355 377 4421 Si,
406 4373 488 4425 quum
506 4356 586 4407 ceteri
605 4354 637 4405 de
655 4353 729 4406 nohis
756 4353 883 4419 silent,
909 4372 961 4405 non
986 4351 1068 4403 etiem
1093 4360 1194 4403 nosmet
1216 4350 1269 4419 ipsi
1292 4359 1384 4402 tuce-

335 4459 409 4493 mue
424 4473 431 4498 ‚
448 4460 532 4514 grove
550 4452 601 4495 est.
637 4439 679 4493 Ad
698 4439 863 4495 locutionem
883 4441 973 4495 laudat
991 4439 1073 4512 Borg.
1090 4438 1247 4505 Liviumdd,
1258 4443 1289 4492 5:
1308 4442 1383 4492 Rem
