3450 5342
623 686 664 731 ro
694 677 893 732 rrrrooxon'
911 685 955 745 vr,
980 683 1004 734 a.
1270 664 1344 737 367

289 847 363 900 etin
384 846 530 918 posteriore
550 846 699 901 annotaritz
726 845 873 911 „Sescenta
900 845 942 899 itta
970 863 1024 899 non
1044 845 1176 899 modoad
1195 846 1346 903 huiusmodi

292 946 416 1005 sumptus
434 953 488 987 non
509 934 661 1002 sufficiunt,
691 934 735 987 sed
758 953 791 987 ne
818 934 851 987 ad
878 934 957 986 senus
974 933 1082 1005 quidem
1108 934 1263 987 solvendum
1289 938 1347 990 satis

293 1036 364 1080 sunt.
403 1022 559 1094 Sumptuosi
579 1024 649 1077 enim
670 1023 790 1094 ingentes
810 1023 938 1092 pecunias
954 1022 1049 1076 fenore
1068 1025 1205 1077 sumunt.⁴⁴

363 1144 382 1197 Ι.
395 1144 427 1197 Α.
443 1144 625 1197 Ernestus:
646 1132 784 1209 (exbibens
802 1142 926 1196 Lambini
944 1141 1101 1209 lectionem)
1121 1142 1190 1209 „iiie
1209 1143 1277 1196 ordo
1288 1143 1346 1197 rui-

289 1243 366 1305 gatus
384 1244 441 1286 erat
459 1244 520 1287 ante
539 1232 699 1286 bambinum
719 1233 894 1301 [videseum,
922 1251 956 1284 ne
981 1231 1106 1304 inspectis
1134 1231 1242 1304 quidem
1270 1230 1347 1298 Edd,

289 1324 317 1374 in
338 1322 416 1375 rerba
437 1321 557 1374 Lambini
577 1323 691 1390 iurarez]
721 1323 766 1394 qui
785 1334 810 1377 et
829 1322 951 1384 servarit,
979 1321 1025 1374 etsi
1054 1319 1176 1373 inlibris
1200 1320 1305 1393 scriptis
1322 1332 1347 1375 et

289 1408 451 1462 editionibus
470 1421 529 1463 vett.
549 1421 685 1480 repererat
710 1430 763 1461 non
789 1411 864 1462 modo
889 1409 927 1459 ad
938 1407 1104 1479 fructum
1124 1439 1157 1448 -
1177 1420 1345 1479 sumptus.

288 1495 389 1551 Sensus
408 1498 516 1570 quidem
534 1497 609 1549 ilium
629 1496 752 1548 ordinem
772 1495 899 1568 requirit,
918 1494 990 1549 bunc
1008 1514 1078 1548 non:
1107 1496 1198 1568 itaque
1217 1495 1345 1550 restitui-‘⁸

290 1584 356 1643 Post
374 1584 515 1638 Ernestum
535 1583 624 1637 nuiins
643 1582 775 1637 editorum
795 1584 827 1635 ad
847 1582 957 1636 Gruteri
983 1594 1154 1656 veterumque
1173 1584 1241 1637 Edd.
1260 1584 1345 1656 piuri-

291 1691 397 1724 marum
418 1672 562 1726 lectionum
581 1672 667 1727 rediit.

364 1775 399 1829 D.
418 1775 719 1848 Wyttenbacbius
737 1776 779 1841 (in
799 1775 911 1843 scholis,
930 1777 1026 1831 reiecta
1048 1788 1107 1831 vett.
1126 1777 1186 1830 edd.
1204 1777 1345 1847 iectioneJ:

288 1864 325 1931 „i.
345 1885 387 1931 e.,
407 1865 509 1937 inquit,
529 1865 572 1919 bic
591 1867 694 1919 iructus
714 1863 752 1916 vei
772 1865 873 1919 reditus
891 1866 999 1938 exiguus
1016 1876 1067 1930 est,
1087 1883 1141 1919 non
1153 1865 1343 1937 satismagnus,

290 1972 347 2004 nou
368 1953 449 2005 modo
477 1953 511 2006 ad
530 1965 665 2024 sumptum
693 1953 846 2007 faciendum
867 1953 894 2006 in
921 1974 950 2006 re
969 1953 1106 2019 familiari,
1133 1953 1178 2005 sed
1208 1953 1286 2005 etiam
1311 1951 1343 2004 ad

290 2039 368 2091 senus
386 2039 541 2093 solvendum
561 2061 611 2112 pro
630 2062 660 2095 ea
679 2043 809 2115 pecunia,
836 2063 917 2115 quam
937 2043 970 2095 ab
989 2041 1045 2095 aliis
1064 2051 1158 2093 mutuo
1176 2041 1347 2110 sumpseris.“

289 2127 378 2179 Venio
406 2127 471 2193 iam,
500 2133 577 2192 (nam
597 2129 718 2182 Gernb.
744 2130 809 2182 nibii
836 2131 925 2197 addit,
953 2129 1003 2182 nisi
1028 2148 1107 2182 sensu
1135 2126 1284 2200 postulante
1309 2146 1344 2191 se,

291 2236 353 2270 cum
374 2217 503 2284 Ernesto,
522 2217 681 2270 Lambinurn
700 2220 789 2291 sequi)
810 2219 892 2275 adii.
912 2218 931 2271 Ι.
952 2218 1192 2288 Borgersium,
1212 2215 1257 2286 qui
1277 2234 1345 2268 con-

291 2305 375 2358 tendit
394 2306 482 2376 tegere
508 2325 600 2359 omnes
628 2317 688 2377 post
715 2307 893 2374 Lambinum,
923 2327 975 2359 non
1006 2307 1080 2358 modo
1109 2305 1147 2355 nd
1170 2315 1344 2372 saraptam

290 2391 337 2442 itta
353 2403 396 2443 eat
412 2394 477 2461 f-ru
489 2404 586 2456 ctus,
605 2395 650 2446 sed
670 2405 720 2448 etc.
740 2395 825 2466 [quod
846 2414 926 2467 quam
947 2412 1038 2446 verum
1057 2393 1106 2457 sit,
1126 2391 1197 2444 vides
1216 2411 1244 2443 ex
1264 2388 1346 2461 supe-

291 2477 420 2530 rioribus:
448 2478 550 2532 ridetur
575 2479 733 2552 Borgersius
752 2501 806 2534 nou
834 2482 973 2554 inspexisse
993 2479 1155 2546 Gruterum,
1189 2479 1343 2546 Graevium,

291 2563 469 2632 Gronovium,
488 2565 679 2633 Sebreveiium,
698 2568 908 2640 Verburgium:]
929 2569 966 2624 sic
985 2568 1085 2641 pergit:
1102 2568 1260 2641 „quiquam
1276 2569 1344 2621 bene

291 2649 324 2701 de
344 2651 395 2705 boc
410 2651 473 2705 ioco
492 2655 601 2708 meritus
618 2656 664 2722 sit,
695 2656 792 2727 poterit
809 2656 920 2710 iudicari
946 2677 974 2711 es
1000 2654 1067 2711 Cod.
1088 2656 1209 2711 Vossiani
1236 2657 1283 2710 Nr.
1299 2659 1342 2709 10.

289 2737 420 2804 lectione,
453 2761 547 2814 quam,
577 2755 606 2796 ut
631 2744 806 2808 verissimam,
837 2744 864 2796 in
886 2756 982 2798 testum
1003 2746 1121 2817 recipere
1140 2763 1194 2798 nou
1214 2744 1344 2797 dubitavi-

290 2846 362 2879 mus:
382 2831 442 2881 Non
461 2832 536 2882 inodo
548 2832 664 2901 fruetus
681 2833 727 2883 itte
744 2834 783 2884 ad
798 2845 937 2904 sumptus,
956 2834 1102 2885 sedetiam
1121 2834 1159 2884 ud
1171 2834 1266 2904 senus,
1285 2833 1344 2883 exi-

287 2935 369 2986 guus.
406 2915 484 2984 Quae
504 2918 581 2972 tectio
600 2920 634 2972 ob
655 2931 771 2992 quatuor
789 2922 990 2974 terminationes
1008 2922 1036 2973 in
1056 2940 1088 2973 us
1107 2939 1198 2973 ansam
1218 2917 1340 2990 praebuit

287 3002 457 3058 variantibus.
494 3004 551 3060 Cat.
570 3007 601 3072 ΙΙ,
621 3011 651 3060 8:
668 3010 788 3078 Quodsi
806 3011 942 3062 maturius
955 3014 1052 3079 jacere
1071 3009 1234 3072 voluissent,
1259 3024 1342 3077 neque

286 3101 432 3144 certare
449 3112 518 3144 eum
537 3096 657 3148 usuris
668 3082 860 3167 fructibus
877 3098 1117 3168 praediorum,
1138 3096 1228 3167 ibique
1246 3094 1343 3146 Muret.

286 3190 310 3231 et
330 3177 454 3233 Sebiiu.⁴‘

361 3283 419 3355 Ego
438 3304 513 3352 vero,
534 3304 595 3338 cum
615 3285 746 3350 riderem,
766 3297 880 3338 veterem
900 3286 1057 3359 lectionem,
1078 3307 1091 3338 a
1110 3287 1228 3339 Grutero
1248 3288 1342 3340 desen·

287 3389 360 3435 sam,
390 3383 459 3424 stare
479 3392 533 3424 non
554 3392 646 3443 posse,
675 3392 737 3426 cum
756 3373 789 3425 de
815 3372 900 3426 reditu
927 3373 1097 3445 praediorum
1118 3373 1282 3440 (defructu)
1302 3375 1344 3425 Ιο-

291 3471 389 3530 quatur
408 3459 516 3526 Cicero,
537 3480 592 3513 non
612 3461 645 3513 de
666 3471 789 3532 sumptu;
810 3481 864 3532 quo
884 3461 955 3514 iacto
975 3461 1122 3514 necessario
1134 3460 1251 3530 fructus
1271 3463 1343 3512 Sub-

286 3547 347 3598 iecti
368 3546 456 3600 iocum
475 3561 566 3601 tenere
585 3548 691 3601 debuit:
720 3547 835 3600 eundem
855 3548 927 3601 enim
949 3547 1077 3620 fructum
1096 3549 1197 3614 statim,
1228 3549 1260 3600 de
1279 3568 1342 3600 suo-

287 3654 349 3686 rum
369 3636 455 3690 reditu
475 3637 647 3707 praediorum
677 3636 805 3707 loquens,
831 3635 951 3708 vectigal
980 3635 1058 3701 dicit,
1092 3656 1121 3689 ex
1156 3654 1210 3706 quo
1240 3635 1340 3706 aliquid

284 3725 365 3777 etiam
385 3725 532 3790 redundet,
551 3745 607 3778 non
627 3745 655 3777 ex
674 3736 800 3796 sumptu;
828 3744 889 3778 cum
910 3736 1079 3796 reputarem,
1108 3723 1231 3777 Lambini
1250 3722 1343 3776 iectio-

286 3831 349 3864 nem
360 3811 505 3866 Codicibus
523 3825 595 3867 certe
614 3833 670 3866 non
684 3813 793 3879 firmari,
813 3832 977 3886 quamquam
997 3812 1029 3867 ad
1048 3813 1205 3867 sententiam
1224 3812 1256 3866 sit
1271 3832 1342 3873 verm

287 3918 348 3952 eam
367 3900 502 3971 ampiexus
520 3922 595 3968 sum,
624 3889 707 3973 quae,
739 3904 904 3976 paucissimis
929 3902 1050 3966 mutatis,
1083 3921 1171 3973 neque
1199 3902 1340 3953 verborum

286 3989 521 4057 transpositionem
541 3990 694 4061 postulans,
715 3991 793 4042 unius
813 3990 873 4042 iibri
893 3990 957 4041 boni
979 3987 1144 4057 (Vossiani),
1160 3989 1202 4040 cui
1223 3989 1341 4058 proxime

285 4074 390 4128 accedit
408 4075 530 4140 suerin,
551 4077 643 4130 nititur
662 4077 853 4141 fundamento,
883 4077 917 4128 ita
949 4087 1054 4141 tamen,
1074 4087 1118 4141 ut,
1149 4075 1222 4147 quod
1242 4076 1339 4128 babent

281 4162 344 4217 libri
365 4182 473 4230 omnes,
503 4164 712 4236 desideravitque
731 4164 864 4228 Oreliius,
898 4163 1040 4228 adderem,
1070 4163 1178 4215 verbum
1197 4163 1341 4216 substanti-

284 4271 345 4303 vum
365 4263 422 4314 est,
442 4272 471 4304 ex
490 4251 557 4306 Cod.
575 4254 682 4306 Sueriu.

357 4357 459 4423 Restat,
479 4370 507 4411 ut
527 4360 559 4412 de
579 4359 711 4413 Codicum
731 4359 874 4431 scriptione
895 4356 1022 4421 reseram,
1047 4355 1092 4427 qui
1121 4373 1175 4406 non
1202 4355 1234 4408 ad
1254 4373 1338 4407 unum

283 4464 379 4496 omnes
407 4444 503 4500 babent
531 4447 601 4500 iiiam
630 4461 747 4502 veterum
782 4448 930 4502 editionum
959 4443 1114 4496 lectionem:
1150 4444 1217 4509 „ttti
1236 4472 1267 4485 -
1289 4462 1340 4495 non
