3450 5342
353 657 427 733 262
687 679 860 727 ramooxa
885 677 1081 727 stoicorum.

353 841 431 895 Suer.
451 838 541 892 debere
560 850 592 891 te
611 855 676 890 non
695 837 803 891 dixeris.
839 835 912 887 Tum
932 833 1012 887 Dred.
1030 838 1056 888 5.
1076 837 1205 907 quonium
1226 838 1404 910 quiequam

354 926 551 982 nihildebet.
588 924 648 978 llllr.

422 1015 476 1068 nr'ei
493 1015 566 1087 quod
583 1023 624 1066 eet
642 1023 722 1082 turpe
740 1029 792 1064 non
811 1010 938 1087 reddere]
959 1008 1026 1066 Cod.
1044 1009 1140 1064 Duisb.
1160 1013 1235 1084 quod
1253 1024 1335 1084 turpe
1351 1025 1401 1076 eet,

351 1123 412 1158 cum
427 1101 499 1156 Gud.
517 1104 550 1155 Α.
578 1111 603 1154 et
620 1099 689 1154 hanc
712 1097 855 1152 lectionem
884 1098 1057 1152 commendat
1083 1098 1134 1153 Th.
1154 1100 1286 1156 Bentlei.:
1316 1102 1400 1156 eadem

351 1190 473 1262 placebat
489 1187 648 1241 Geruhardo
667 1187 696 1239 in
714 1185 800 1252 Add.‚
820 1204 908 1257 neque
928 1185 1004 1238 nobie
1022 1184 1160 1257 displicet:
1179 1190 1227 1242 sed
1249 1201 1354 1244 mutare
1365 1191 1400 1241 ni·

350 1279 386 1332 hil
399 1278 530 1331 voluimus
547 1289 601 1331 tam
621 1277 713 1348 exigua
724 1275 882 1329 auctoritate
899 1274 1051 1328 accedente.
1069 1274 1099 1326 Μ
1109 1294 1130 1327 r.
1168 1275 1239 1343 „Est
1257 1277 1310 1331 hoc
1328 1278 1400 1331 instar

350 1365 511 1420 definitionis
528 1365 600 1418 verbi
620 1365 724 1416 debere:
748 1363 781 1416 de
800 1383 855 1435 quo
875 1362 925 1416 alia
945 1362 1025 1416 etiam
1044 1363 1181 1418 annotavit
1199 1364 1285 1418 Barn.
1306 1365 1398 1416 Brisso·

350 1455 411 1507 nius
428 1453 461 1506 de
482 1452 582 1505 Verbb.
601 1451 697 1524 Signis.
716 1471 742 1523 p.
762 1454 841 1506 206.“
860 1452 1038 1523 Wyttenb.
1073 1450 1135 1518 [Ed.
1155 1444 1396 1522 t.c.1uer.1.ips.

350 1545 430 1595 1121.
447 1542 466 1594 f.
484 1559 536 1604 m.;
559 1539 604 1593 sed
632 1539 660 1592 iu
680 1538 728 1590 Ed.
757 1538 829 1592 Frcl.
847 1538 972 1593 Weohel.
993 1542 1073 1594 taea.
1093 1539 1113 1591 l'.
1132 1557 1169 1591 m.
1189 1551 1231 1593 eet
1248 1559 1276 1610 p.
1296 1543 1347 1594 168
1364 1560 1396 1611 sq.

349 1629 418 1682 Add.
437 1629 469 1682 H.
496 1628 527 1682 E.
554 1625 686 1680 Dirleenii
712 1625 839 1680 Manuale
864 1625 971 1681 Latinit.
997 1626 1126 1679 Fontium
1149 1626 1220 1679 luris
1245 1626 1301 1680 civ.
1328 1627 1395 1680 Rom.

349 1737 374 1788 p.
391 1721 452 1772 245.
487 1715 547 1768 Mr.

417 1805 472 1856 Sed
488 1805 555 1855 haec
573 1803 724 1870 haerenae]
750 1801 817 1869 „Est
835 1803 953 1856 formula
973 1800 1099 1855 Ciceroni
1119 1802 1266 1872 frequeus3
1286 1803 1393 1857 vid.l.il>.

347 1891 381 1946 de
400 1891 486 1944 Amic.
505 1894 549 1944 15.
576 1900 601 1943 et
619 1890 652 1942 de
671 1888 752 1943 Offic.
771 1890 814 1956 ΙΙΙ,
835 1893 880 1943 2.“
901 1891 1004 1960 Wytt.
1055 1889 1110 1941 Pro
1139 1889 1207 1940 haee
1237 1902 1275 1944 est
1300 1892 1349 1944 boc
1369 1892 1391 1942 in

347 1977 414 2032 Cod.
434 1977 484 2030 Ox.
504 1977 524 2030 l.
572 1977 614 2029 Ad
632 1978 710 2030 verba
735 1977 781 2029 ille
810 1979 901 2029 video!
932 1978 998 2031 Ern.
1018 1974 1170 2029 annulavit:
1203 1962 1268 2044 „De
1295 1996 1348 2050 quo
1369 1980 1390 2030 in

347 2066 480 2139 principio
499 2065 600 2120 dictum
619 2068 685 2119 eet.“
722 2064 866 2132 „Marcum
887 2064 1036 2119 Antonium
1055 2063 1093 2119 ihi
1111 2063 1300 2135 significavit.⁴‘
1328 2066 1391 2120 Fre.

346 2153 407 2225 Syl
418 2174 438 2206 r.
475 2154 529 2207 Pro
548 2154 594 2205 ille
613 2154 681 2207 cod.
697 2152 779 2207 Bern.
798 2153 902 2208 exhibet
919 2155 990 2225 ips03
1008 2151 1102 2206 Lamb.
1119 2151 1172 2202 iste
1195 2170 1260 2204 cum
1280 2152 1326 2205 Ed.
1344 2152 1391 2206 Col.

346 2240 400 2293 Pro
419 2240 510 2292 videat
534 2252 573 2295 est
590 2242 696 2293 viderer
719 2241 747 2293 in
773 2241 853 2295 Drsd.
873 2247 899 2296 5.
948 2239 1062 2294 Volebat
1085 2240 1197 2292 sortasse
1225 2241 1338 2298 viderit.
1364 2241 1390 2294 de

347 2346 398 2399 qua
418 2325 534 2380 lormula
555 2327 605 2380 vid.
623 2316 718 2399 Reisig.
737 2328 840 2382 Vorles.
858 2330 903 2382 tib.
922 2329 978 2382 Lat.
998 2327 1172 2400 Sprachwise
1190 2328 1214 2396 5.
1226 2332 1288 2382 291.
1307 2332 1390 2401 ρ.502.

345 2415 410 2486 ibiq.
429 2426 521 2469 annot.
556 2415 643 2469 llaasii
661 2420 724 2472 455.
760 2415 819 2471 llllr.
990 2405 993 2412 ’

416 2504 542 2576 quomodo
560 2505 705 2574 imperatur
722 2523 779 2557 esee
792 2504 908 2574 poecit‚]
934 2503 1097 2569 „Concludit
1115 2521 1164 2572 per
1191 2502 1234 2566 id,
1263 2522 1316 2573 quo
1334 2520 1388 2555 coe-

344 2595 447 2664 perat.“
468 2592 490 2643 F
497 2611 565 2647 acc.
602 2594 816 2663 „Imperatorem
834 2592 878 2646 hic
897 2593 1019 2645 nominat
1037 2591 1197 2643 Antonium.
1243 2589 1298 2644 Sed
1317 2588 1389 2660 respi-

344 2681 380 2733 cit
396 2679 503 2733 interim
523 2679 555 2732 ad
578 2699 678 2733 nomen
697 2679 780 2750 regie,
806 2679 879 2750 quod
899 2679 927 2732 in
945 2679 997 2732 hoc
1015 2678 1155 2732 Paradoxo
1177 2679 1345 2733 continetur:
1365 2674 1389 2726 οὐ

342 2769 419 2829 μόνον
437 2770 466 2820 δὲ
482 2770 634 2838 ἐλευθέρους
651 2763 718 2820 εἶναι
731 2762 792 2826 τούς
810 2762 920 2834 σοφοῦς,
948 2763 1017 2818 dttcl
1036 2771 1079 2817 καὶ
1097 2768 1238 2833 βασιλέας,
1258 2770 1306 2836 τῆς
1322 2772 1388 2831 βασι-

344 2857 413 2914 λείας
431 2852 510 2926 οὔσης
528 2853 610 2926 ἀρχῆς
628 2851 824 2923 ἀνυπευθύνου,
851 2848 926 2924 ἦτις
950 2859 1009 2926 napi
1027 2855 1121 2916 μόνους
1140 2849 1174 2906 ἷῖν
1201 2854 1297 2918 σοφούς
1314 2861 1386 2923 σταίη,

344 2944 418 2994 καθά
434 2961 497 3010 φησι
516 2942 667 3012 Χρύσιππος
685 2945 710 2993 ἓν
728 2944 767 3009 τῷ
785 2949 844 3013 περὶ
870 2945 919 2994 τοῦ
937 2949 1031 3013 κυρίως
1050 2947 1199 3012 κεχρῆσθαι
1217 2942 1325 3013 Ζήνωνα
1341 2954 1387 2999 τοῖς

344 3027 472 3092 ὀνόμασιν.
508 3029 643 3084 Hactenus
660 3029 787 3082 Laertius.
805 3030 862 3098 [Est
880 3032 938 3086 Lib.
956 3031 1013 3086 Vll.
1031 3029 1120 3100 Segm.
1141 3035 1203 3084 122.
1233 3033 1296 3087 Vid.
1318 3031 1345 3085 F.
1359 3029 1385 3082 N.

344 3115 378 3168 G.
406 3116 509 3186 Baguet
532 3116 565 3168 de
591 3114 741 3189 Chrysippo
769 3137 795 3189 p.
814 3121 867 3184 350
887 3139 926 3191 sq.
945 3119 1011 3191 ibiq.
1029 3118 1135 3185 laudd.,
1166 3120 1212 3173 ubi
1240 3141 1291 3175 nec
1315 3116 1385 3173 nostri

344 3204 465 3257 locifuit
490 3203 658 3272 immemort]
695 3204 749 3258 Sed
776 3207 832 3279 ipse
857 3204 953 3261 Cicero
979 3207 1046 3261 haec
1071 3207 1146 3260 miris
1172 3209 1263 3263 modis
1289 3207 1385 3279 exagitat

343 3292 466 3345 adversus
478 3293 607 3345 Catonem
625 3293 653 3346 io
673 3295 795 3349 oratione
812 3314 862 3366 pro
875 3295 989 3348 Murena
1008 3297 1042 3362 [c.
1057 3297 1208 3364 29-at.].
1234 3296 1384 3368 Suntquae·

342 3380 403 3433 dam
423 3380 474 3435 huc
493 3381 651 3452 pertinentia
670 3383 741 3455 apud
760 3382 892 3437 Senecam
912 3404 933 3438 c
948 3388 972 3438 8.
992 3385 1024 3436 de
1043 3382 1192 3438 Clementia
1213 3385 1255 3452 [L.
1269 3387 1288 3439 1.
1300 3387 1383 3458 plat.

341 3468 382 3522 ed.
403 3466 523 3522 Gronov.
543 3468 603 3523 Vol.
621 3469 655 3525 ll.
673 3491 698 3542 p.
717 3475 778 3527 287.
796 3474 837 3527 ed.
856 3472 1003 3541 Fickert.]“
1021 3472 1112 3542 Xyst.
1131 3472 1284 3528 Betulei.

410 3560 499 3626 Quum
515 3576 575 3610 eum
592 3577 625 3609 ne
643 3559 754 3611 liberum
773 3561 880 3632 quidem
897 3581 954 3614 erre
967 3591 1000 3600 -
1017 3562 1120 3614 veritas
1139 3563 1204 3631 ipsc
1222 3561 1382 3627 convincotdl

341 3643 427 3698 codd.
446 3644 523 3699 Suer.
543 3646 614 3699 Gud.
634 3646 664 3698 B.
691 3666 751 3699 cum
768 3668 828 3700 eum
847 3670 912 3703 non
929 3649 1042 3701 liberum
1061 3649 1167 3720 quidem
1175 3683 1183 3707 ,
1210 3653 1270 3705 Cra.
1289 3655 1313 3705 1.
1335 3666 1382 3702 nec

340 3731 452 3784 liberum
468 3752 539 3799 esee,
558 3733 624 3787 Oax.
640 3736 660 3786 l.
679 3755 704 3802 η.
723 3752 753 3797 ψ.
780 3737 968 3790 moltherum
993 3737 1099 3809 quidem
1118 3756 1194 3806 esee,
1224 3737 1276 3793 Ox.
1294 3738 1323 3792 Ε.
1339 3754 1383 3789 nr·

341 3837 400 3890 que
418 3817 529 3870 liberum
546 3821 651 3890 quidem
668 3839 733 3875 ecee.
769 3824 849 3877 Drsd.
868 3830 894 3879 4.
923 3845 982 3878 eum
1006 3824 1118 3876 liberum
1139 3844 1199 3878 eece
1218 3828 1288 3880 idem
1303 3836 1329 3877 et
1344 3841 1384 3875 ve-

340 3907 454 3957 ritaret
472 3904 544 3956 ratio
567 3906 627 3974 ipso
650 3925 724 3960 conv.
772 3909 852 3965 Drsd.
871 3919 897 3968 5.
926 3913 1023 3967 omittit
1047 3931 1141 3966 rocem
1169 3933 1244 3982 eece,
1277 3913 1343 3969 Gud.
1358 3912 1383 3965 Α·

338 4014 430 4049 vocem
448 3996 517 4064 ipae.
554 3994 634 4049 Drsd.
654 4000 679 4052 2.
699 3997 778 4054 habet
796 4002 981 4057 convincatur.
1017 4000 1178 4054 Formulam
1199 4005 1274 4057 ratio
1288 4014 1315 4055 et
1327 4002 1384 4055 veri-

337 4096 381 4138 tae
399 4083 507 4138 variavit
523 4082 627 4140 Cicero.
666 4086 712 4142 Sic
728 4089 760 4143 de
779 4091 829 4145 Or.
846 4092 867 4158 l,
886 4095 929 4146 53.
948 4091 1025 4146 dixit:
1051 4091 1126 4144 ratio
1145 4096 1292 4153 veritatis,
1317 4107 1384 4162 supra

335 4173 430 4226 Parad.
450 4172 470 4240 l,
489 4176 520 4225 1:
540 4192 603 4226 vera
623 4177 710 4243 ratio,
738 4180 810 4254 quod
834 4192 927 4235 nostro
949 4179 1009 4235 loco
1030 4198 1080 4250 per
1097 4180 1124 4232 ἓν
1144 4180 1193 4235 ded
1213 4187 1290 4239 δυοῖν
1314 4180 1382 4255 sigui·

335 4258 403 4314 sicat.
440 4259 500 4314 Mo.
