3450 5342
413 650 484 722 170
738 666 910 715 rinrooxx
938 663 1131 713 srorconun.

483 829 637 885 Virtutibus
648 829 759 901 denique
773 827 901 893 umoribus,
916 836 948 881 nt
958 827 1104 891 moenibus,
1115 827 1247 895 saeptus]
1268 824 1339 880 Cod.
1349 826 1428 880 Drsd.
1436 833 1457 882 5.

409 919 547 974 viribus
565 918 685 991 denique.
727 918 760 969 ln
779 916 913 987 prioribus
930 914 999 969 cod.
1018 913 1069 968 Ox.
1094 910 1174 967 babet
1199 916 1395 968 contentione
1412 935 1457 986 pro

409 1006 634 1077 contemptione.
678 1004 760 1073 Quod
778 1003 804 1059 b.
824 1005 841 1058 1.
860 1002 926 1058 dicit
945 1003 1109 1069 virtutibus,
1126 1012 1160 1055 ut
1178 1001 1325 1069 moenibus,
1344 1014 1458 1074 saeptus,

408 1114 487 1167 supra
506 1095 538 1149 lt.
559 1112 617 1165 prc.
635 1091 699 1146 dixit
716 1101 758 1145 tot
776 1091 912 1144 virtutum
927 1089 1071 1160 praesidio.
1117 1088 1159 1143 Ad
1187 1089 1272 1142 nostri
1303 1089 1359 1143 ioci
1384 1091 1456 1142 verba

409 1186 515 1240 confert
532 1183 614 1254 Borg.
629 1179 686 1235 Cic.
706 1180 739 1233 de
756 1179 836 1233 Finn.
855 1178 876 1244 l,
896 1181 944 1233 16:
962 1179 1042 1248 Quod
1057 1177 1081 1229 si
1100 1178 1148 1249 qui
1165 1205 1200 1216 -
1218 1178 1346 1246 saepti
1362 1196 1418 1229 esse
1433 1187 1456 1227 et

409 1272 536 1325 nunniti
551 1271 695 1329 videntum
715 1267 748 1321 de
766 1268 824 1320 Pet.
844 1269 925 1320 Cone.
942 1270 973 1318 ἵε
1008 1270 1045 1318 Ut
1063 1294 1099 1305 -
1118 1266 1193 1317 trumo
1210 1293 1247 1303 —
1265 1264 1354 1317 nattis
1371 1266 1456 1316 amicis

408 1369 553 1428 saeptus
571 1357 700 1408 bominem
712 1383 747 1394 -
760 1355 827 1407 bona
840 1355 1039 1406 existimatione
1057 1372 1082 1404 m
1091 1373 1108 1404 u
1116 1354 1193 1405 nitu
1204 1372 1227 1404 m
1245 1364 1454 1422 praecurrat,-

403 1444 471 1513 fieri
487 1436 539 1496 non
555 1452 654 1512 potest.
697 1442 762 1497 Post
788 1451 900 1510 saeptus
925 1440 1010 1494 Codd.
1038 1441 1117 1493 Drsd.
1136 1444 1160 1493 1.
1179 1444 1205 1495 3.
1228 1453 1351 1512 pergunt
1372 1460 1455 1493 num·

409 1532 495 1603 qnid
512 1530 633 1583 vincetur
650 1549 712 1582 cum
730 1528 780 1585 Ed.
798 1529 861 1582 Par.
881 1549 901 1582 s.
919 1549 944 1582 a.
980 1528 1102 1600 Sequens
1119 1539 1146 1580 et
1164 1527 1293 1581 omittunt
1312 1531 1372 1581 Cro.
1394 1533 1416 1580 2.
1433 1537 1454 1579 et

409 1617 487 1670 Drsd.
503 1620 529 1672 3.
565 1617 636 1670 Tum
654 1616 761 1669 Suerin.
776 1627 978 1688 expugnatur.
1015 1618 1071 1670 Mt.

481 1708 511 1757 N
514 1724 549 1756 ec
567 1707 625 1756 cni
642 1705 757 1777 quidem]
777 1707 887 1776 „Neque
907 1706 1005 1757 unus.“
1024 1704 1098 1758 ΑΜ.
1116 1705 1201 1758 Man.
1249 1705 1325 1760 Haec
1344 1715 1382 1758 est
1399 1702 1452 1756 Atti

410 1794 547 1848 annotatio
566 1793 594 1846 in
612 1793 661 1846 Ed.
677 1793 797 1845 Graevii:
818 1792 890 1845 unde
908 1792 994 1846 bausit
1013 1792 1113 1846 Gerub.
1131 1794 1160 1845 in
1177 1812 1224 1845 sua
1243 1804 1338 1846 annot.
1350 1793 1375 1844 id
1388 1790 1452 1863 quod

408 1884 445 1937 ibi
463 1884 588 1955 legimus:
607 1900 693 1934 unurn
712 1880 774 1933 aldi
793 1879 922 1932 Codicem
941 1878 1039 1932 habere
1059 1882 1176 1951 Neque
1195 1881 1240 1931 cui
1258 1880 1379 1952 quidem,
1399 1876 1452 1931 reli-

409 1991 476 2042 quos
493 1971 524 2038 (i.
543 1990 565 2022 e.
590 1968 683 2023 decem
709 1979 734 2023 et
760 1967 875 2039 septem)
906 1967 1028 2021 exhibere
1051 1988 1111 2020 nec
1137 1968 1191 2021 cui
1216 1969 1333 2039 quidem.
1378 1964 1451 2034 Quod

407 2057 487 2129 plane
506 2057 600 2109 salsum
617 2068 662 2110 est.
702 2056 748 2109 Est
767 2057 838 2108 enim
857 2055 883 2108 b.
901 2055 919 2108 l.
938 2057 966 2109 iu
985 2056 1033 2108 Ed.
1053 2056 1159 2109 Graevii
1177 2075 1249 2107 unus
1267 2075 1297 2108 ex
1316 2054 1368 2108 illis
1384 2072 1451 2106 erro-

407 2147 496 2212 ribus,
517 2166 584 2218 quos
601 2144 672 2197 baud
692 2164 793 2216 paucos
813 2143 892 2196 babet
910 2163 939 2195 ea
958 2143 1047 2197 editio.
1083 2144 1207 2196 Debebat
1225 2162 1282 2195 esse
1293 2143 1391 2195 {emma
1409 2160 1452 2193 au-

407 2233 563 2286 notationis:
583 2234 629 2305 qui
647 2250 707 2284 nec
724 2233 775 2284 civ.
794 2232 824 2300 (i.
845 2251 869 2283 e.
886 2230 1003 2300 civitate)
1021 2232 1143 2302 quidem:
1163 2231 1196 2284 ad
1216 2232 1289 2302 quod
1304 2228 1389 2282 -refer't
1408 2227 1451 2281 At-

408 2320 469 2385 dus,
488 2340 573 2372 unum
592 2319 690 2372 babere
708 2319 755 2390 qui
772 2337 883 2391 neque
900 2319 1012 2370 civitate
1030 2321 1148 2391 quidem,
1168 2318 1287 2390 reliquos
1305 2337 1397 2372 omues
1410 2317 1452 2370 ba-

406 2409 471 2461 bere
490 2411 537 2480 qui
554 2429 611 2460 nec
628 2409 740 2461 civitate
764 2409 883 2478 quidem,
910 2418 939 2460 ut
957 2407 1056 2461 babent
1081 2408 1160 2460 etiam
1186 2406 1272 2460 Codd.
1298 2406 1380 2473 Oxx.,
1411 2427 1450 2459 ex-

407 2507 486 2566 cepto
504 2497 555 2563 N.,
575 2516 683 2564 omnes,
706 2496 823 2567 itemque
848 2494 928 2548 Drsd.
947 2501 972 2549 2.
991 2500 1015 2549 4.
1036 2495 1107 2547 Gud.
1121 2497 1153 2548 A.
1173 2495 1204 2549 B.
1223 2497 1357 2567 (quorum
1376 2496 1449 2566 prior,

408 2583 533 2651 Gudnt,
553 2586 651 2639 omittit
670 2585 788 2656 quidem)
807 2595 834 2636 ct
851 2582 959 2638 Suerin.
977 2583 1053 2637 Alter
1074 2595 1113 2637 est
1132 2602 1209 2635 error
1226 2585 1255 2635 in
1275 2583 1326 2637 Ed.
1347 2581 1449 2646 Gernb,

407 2693 460 2726 esse
477 2674 542 2726 ittud
559 2693 606 2724 nec
624 2702 659 2715 -
679 2673 785 2743 quidem
803 2673 831 2724 in
850 2672 918 2726 Edd.
938 2683 998 2727 vett.
1018 2672 1143 2724 omnibus
1162 2681 1223 2724 aute
1242 2670 1341 2726 Graes.
1353 2681 1378 2724 ct
1393 2669 1449 2720 Ern.

406 2774 511 2833 praeter
539 2781 606 2832 quos
632 2761 733 2814 nullam
752 2760 802 2812 Ed.
827 2760 926 2815 babere
947 2761 1088 2832 suspiceris
1111 2779 1196 2812 ne-
1216 2759 1323 2830 quidem
1349 2778 1378 2811 ex
1401 2757 1448 2809 eius

405 2850 587 2903 annotatione.
633 2849 686 2901 Sed
711 2849 746 2902 ita
766 2849 890 2902 exhibent
907 2850 975 2903 Edd.
995 2851 1064 2903 Vict.
1091 2850 1196 2901 Camer.
1225 2847 1320 2900 Lamb.
1346 2846 1447 2900 Lambb.

405 2937 485 2990 Goth.
504 2935 601 2989 Colou.
620 2935 689 2987 And.
726 2936 784 2989 Tai.
804 2936 882 2990 Grut.
901 2937 986 2990 Gron.
1005 2948 1031 2990 et
1049 2957 1123 3008 seqq.
1143 2954 1245 3002 omnes,
1266 2947 1376 3007 excepto
1390 2935 1448 2986 Fac·

405 3024 517 3089 cioiato,
537 3025 613 3076 cuius
631 3022 768 3076 annotatio
788 3023 853 3077 baec
873 3037 922 3078 est:
953 3026 1041 3094 „Quin
1060 3045 1091 3076 ne
1110 3054 1145 3063 -
1164 3023 1217 3075 Atii
1243 3042 1340 3077 omnes
1366 3022 1447 3092 legunt

404 3114 452 3182 qui
479 3130 519 3166 ne.
565 3110 703 3178 Quoniam
728 3111 755 3163 in
787 3123 847 3165 vett.
871 3111 967 3179 MSS„
996 3113 1067 3165 unde
1092 3113 1157 3165 baec
1185 3123 1292 3182 sumpta
1313 3120 1388 3176 sunt,
1407 3124 1446 3178 per

404 3218 486 3252 unam
516 3199 626 3251 fortasse
645 3199 812 3272 eandemque
836 3199 950 3254 litteram
975 3222 992 3253 n
1018 3201 1161 3254 finiebatur
1178 3219 1225 3251 vox
1247 3199 1338 3269 prior,
1364 3208 1389 3250 et
1410 3196 1447 3247 in-

404 3288 550 3342 choabatur
570 3288 709 3358 posterior,
732 3309 782 3342 nec
800 3289 827 3342 id
848 3291 973 3343 librarius
988 3291 1112 3355 advertit,
1137 3288 1201 3342 hinc
1218 3289 1289 3340 facta
1309 3297 1349 3340 cst
1367 3284 1447 3357 perio-

403 3376 453 3428 dus
471 3396 523 3429 una
542 3396 591 3448 pro
610 3377 721 3430 duabus.
767 3379 802 3430 At
821 3378 870 3430 nisi
893 3377 996 3450 legatur
1015 3378 1080 3450 quin
1101 3389 1127 3429 et
1147 3395 1215 3429 nova
1235 3374 1281 3428 frat
1300 3371 1446 3444 propositio,

403 3463 430 3515 in
446 3482 526 3534 quam
544 3485 574 3517 ea
594 3467 766 3533 conveniant,
797 3486 864 3538 quae
883 3477 1050 3539 sequuntur,
1076 3485 1132 3517 non
1158 3475 1230 3518 recte
1253 3463 1376 3535 procedit
1393 3478 1446 3513 ora-

402 3551 468 3604 tio.⁴‘
487 3581 520 3592 -
556 3552 616 3607 Mr.

473 3643 520 3710 qui
538 3661 570 3692 ne
587 3641 698 3693 civitate
718 3643 823 3714 quidem
839 3645 905 3713 pelli
918 3643 1040 3714 potest?]
1069 3643 1130 3695 Non
1151 3641 1254 3694 videtur
1274 3637 1444 3694 necessarium

401 3729 518 3780 refutare
535 3728 609 3791 illos,
641 3730 737 3800 quibus
754 3732 898 3786 Faccioiati
926 3734 1076 3786 emendatio
1103 3733 1195 3804 (quin)
1226 3730 1335 3801 placere
1362 3727 1447 3801 possit:

402 3834 490 3886 neque
506 3815 595 3885 magis
610 3833 663 3880 eos,
684 3818 729 3888 qui
748 3819 814 3872 illud
834 3822 981 3875 multorum
1000 3822 1132 3874 librorum
1142 3818 1272 3872 mendum
1286 3820 1335 3890 qui
1352 3834 1444 3869 nec-

402 3902 508 3974 quidem
525 3902 634 3955 fortasse
660 3906 822 3974 postliminio
846 3911 1045 3977 reducendum,
1075 3911 1096 3962 si
1122 3909 1167 3979 qni
1193 3918 1269 3971 sunt,
1300 3905 1444 3958 existiment.

401 3987 536 4041 Maiumus
554 3989 652 4044 addere
670 3994 872 4066 Wyttenbacbii
890 3998 1106 4062 annotationem,
1129 4013 1297 4067 quamquam
1317 4013 1372 4046 non
1393 4009 1446 4063 pos-

401 4095 491 4129 sumus
502 4095 562 4129 cum
582 4097 614 4130 eo
627 4079 725 4149 iacere,
745 4103 806 4136 curn
820 4084 949 4157 Scioppio
960 4086 1023 4154 (vid.
1034 4086 1181 4137 Excursum
1190 4082 1250 4151 Vl.)
1265 4081 1446 4140 contendente,

401 4166 463 4219 inde
482 4187 497 4220 a
517 4168 602 4221 verbis
620 4173 758 4241 Sapientis
776 4175 883 4226 unimus·
899 4200 934 4213 ·—
952 4194 1001 4226 nos
1014 4193 1068 4228 non
1088 4173 1185 4245 quarti,
1204 4172 1249 4225 sed
1267 4173 1363 4244 quinti,
1380 4168 1445 4223 cuius

401 4254 506 4308 initium
525 4255 591 4310 desit
610 4269 640 4311 ut
659 4262 745 4331 quarti
765 4282 826 4333 pars
845 4262 970 4328 maxima,
1002 4264 1080 4315 verba
1101 4273 1126 4314 et
1145 4259 1337 4330 expositionem
1358 4259 1445 4328 legere·

401 4339 438 4393 lta
457 4352 545 4395 autem
563 4343 622 4397 illes
648 4347 725 4411 „Hoc
745 4352 832 4404 statim
851 4350 991 4405 manifesto
1010 4363 1049 4405 est
1065 4349 1165 4402 indicio
1183 4336 1344 4400 Ciceronem
1362 4352 1445 4398 contre

401 4426 540 4497 Clodium,
568 4450 656 4502 aquo
677 4434 704 4487 in
725 4437 831 4491 exilium
856 4437 978 4510 expulsus
996 4440 1100 4502 fuerat,
1130 4435 1195 4494 illud
1217 4433 1397 4497 contendere,
1421 4444 1443 4479 κ
