<?xml version="1.0" encoding="UTF-8"?>
<!DOCTYPE html PUBLIC "-//W3C//DTD XHTML 1.0 Transitional//EN"
    "http://www.w3.org/TR/xhtml1/DTD/xhtml1-transitional.dtd">
<html xmlns="http://www.w3.org/1999/xhtml" xml:lang="en" lang="en">
 <head>
  <title>
</title>
<meta http-equiv="Content-Type" content="text/html;charset=utf-8" />
  <meta name='ocr-system' content='tesseract 3.04.00' />
  <meta name='ocr-capabilities' content='ocr_page ocr_carea ocr_par ocr_line ocrx_word'/>
</head>
<body>
  <div class='ocr_page' id='page_1' title='image "./paradoxa00wyttgoog_0363.png"; bbox 0 0 3450 5342; ppageno 0'>
   <div class='ocr_carea' id='block_1_1' title="bbox 665 662 1390 739">
    <p class='ocr_par' dir='ltr' id='par_1_1' title="bbox 665 662 1390 739">
     <span class='ocr_line' id='line_1_1' title="bbox 665 662 1390 739; baseline 0.011 -8"><span class='ocrx_word' id='word_1_1' title='bbox 665 682 863 731; x_wconf 76' lang='lat' dir='ltr'><strong>nsmnoxou</strong></span> <span class='ocrx_word' id='word_1_2' title='bbox 887 683 929 729; x_wconf 83' lang='lat' dir='ltr'><strong>vt.</strong></span> <span class='ocrx_word' id='word_1_3' title='bbox 960 681 1029 729; x_wconf 78' lang='lat' dir='ltr'><strong>uso.</strong></span> <span class='ocrx_word' id='word_1_4' title='bbox 1052 683 1074 728; x_wconf 82' lang='grc' dir='ltr'><strong>ι.</strong></span> <span class='ocrx_word' id='word_1_5' title='bbox 1315 662 1390 739; x_wconf 89' lang='grc'><strong>285</strong></span> 
     </span>
    </p>
   </div>
   <div class='ocr_carea' id='block_1_2' title="bbox 332 839 1393 4412">
    <p class='ocr_par' dir='ltr' id='par_1_2' title="bbox 333 839 1391 1252">
     <span class='ocr_line' id='line_1_2' title="bbox 333 839 1390 918; baseline -0.003 -16"><span class='ocrx_word' id='word_1_6' title='bbox 333 848 423 903; x_wconf 77' lang='grc' dir='ltr'><strong>θεῖοι.</strong></span> <span class='ocrx_word' id='word_1_7' title='bbox 442 851 473 901; x_wconf 88' lang='lat'><strong>8:</strong></span> <span class='ocrx_word' id='word_1_8' title='bbox 501 844 615 898; x_wconf 80' lang='lat' dir='ltr'><strong>maiores</strong></span> <span class='ocrx_word' id='word_1_9' title='bbox 633 842 723 911; x_wconf 81' lang='lat' dir='ltr'><strong>copies</strong></span> <span class='ocrx_word' id='word_1_10' title='bbox 748 842 820 893; x_wconf 89' lang='lat' dir='ltr'><strong>olere</strong></span> <span class='ocrx_word' id='word_1_11' title='bbox 842 850 953 909; x_wconf 78' lang='lat' dir='ltr'><strong>poterut</strong></span> <span class='ocrx_word' id='word_1_12' title='bbox 971 839 1154 908; x_wconf 82' lang='lat' dir='ltr'><strong>(Deiotarus):</strong></span> <span class='ocrx_word' id='word_1_13' title='bbox 1180 861 1252 896; x_wconf 84' lang='lat' dir='ltr'><strong>nuno</strong></span> <span class='ocrx_word' id='word_1_14' title='bbox 1275 847 1390 918; x_wconf 83' lang='lat' dir='ltr'><strong>exiguos</strong></span> 
     </span>
     <span class='ocr_line' id='line_1_3' title="bbox 333 927 1388 1003; baseline 0.003 -17"><span class='ocrx_word' id='word_1_15' title='bbox 333 937 380 987; x_wconf 82' lang='lat' dir='ltr'><strong>nix</strong></span> <span class='ocrx_word' id='word_1_16' title='bbox 398 934 494 988; x_wconf 82' lang='lat' dir='ltr'><strong>tueri</strong></span> <span class='ocrx_word' id='word_1_17' title='bbox 510 941 609 1003; x_wconf 78' lang='lat' dir='ltr'><strong>potest.</strong></span> <span class='ocrx_word' id='word_1_18' title='bbox 653 928 735 998; x_wconf 87' lang='lat' dir='ltr'><strong>Quod</strong></span> <span class='ocrx_word' id='word_1_19' title='bbox 755 947 818 981; x_wconf 80' lang='lat' dir='ltr'><strong>vero</strong></span> <span class='ocrx_word' id='word_1_20' title='bbox 836 927 901 982; x_wconf 89' lang='lat' dir='ltr'><strong>dicit</strong></span> <span class='ocrx_word' id='word_1_21' title='bbox 930 927 1026 982; x_wconf 89' lang='lat' dir='ltr'><strong>Cicero</strong></span> <span class='ocrx_word' id='word_1_22' title='bbox 1044 946 1104 980; x_wconf 80' lang='lat' dir='ltr'><strong>sex</strong></span> <span class='ocrx_word' id='word_1_23' title='bbox 1123 928 1251 1000; x_wconf 76' lang='lat' dir='ltr'><strong>legiones,</strong></span> <span class='ocrx_word' id='word_1_24' title='bbox 1279 934 1388 988; x_wconf 88' lang='lat' dir='ltr'><strong>totidem</strong></span> 
     </span>
     <span class='ocr_line' id='line_1_4' title="bbox 336 1016 1391 1094; baseline -0.001 -19"><span class='ocrx_word' id='word_1_25' title='bbox 336 1023 487 1094; x_wconf 79' lang='lat' dir='ltr'>legionibus</span> <span class='ocrx_word' id='word_1_26' title='bbox 517 1039 549 1073; x_wconf 92' lang='lat' dir='ltr'><strong>eo</strong></span> <span class='ocrx_word' id='word_1_27' title='bbox 567 1031 689 1090; x_wconf 87' lang='lat' dir='ltr'><strong>tempore</strong></span> <span class='ocrx_word' id='word_1_28' title='bbox 715 1018 814 1070; x_wconf 86' lang='lat' dir='ltr'><strong>iustum</strong></span> <span class='ocrx_word' id='word_1_29' title='bbox 836 1016 979 1070; x_wconf 77' lang='lat' dir='ltr'><strong>exercitum</strong></span> <span class='ocrx_word' id='word_1_30' title='bbox 1005 1016 1152 1070; x_wconf 71' lang='lat' dir='ltr'><strong>constitisse</strong></span> <span class='ocrx_word' id='word_1_31' title='bbox 1169 1027 1262 1070; x_wconf 88' lang='lat' dir='ltr'><strong>monet</strong></span> <span class='ocrx_word' id='word_1_32' title='bbox 1279 1017 1391 1074; x_wconf 77' lang='lat' dir='ltr'><strong>Fascio·</strong></span> 
     </span>
     <span class='ocr_line' id='line_1_5' title="bbox 336 1101 1391 1180; baseline -0.001 -19"><span class='ocrx_word' id='word_1_33' title='bbox 336 1110 411 1164; x_wconf 84' lang='lat' dir='ltr'><strong>latus.</strong></span> <span class='ocrx_word' id='word_1_34' title='bbox 455 1110 604 1163; x_wconf 83' lang='lat' dir='ltr'>Numerum</span> <span class='ocrx_word' id='word_1_35' title='bbox 631 1105 705 1178; x_wconf 77' lang='lat' dir='ltr'><strong>(sex)</strong></span> <span class='ocrx_word' id='word_1_36' title='bbox 733 1105 831 1160; x_wconf 89' lang='lat' dir='ltr'><strong>omittit</strong></span> <span class='ocrx_word' id='word_1_37' title='bbox 857 1102 926 1159; x_wconf 92' lang='lat' dir='ltr'><strong>Cod.</strong></span> <span class='ocrx_word' id='word_1_38' title='bbox 956 1103 1008 1160; x_wconf 78' lang='lat' dir='ltr'><strong>Ox.</strong></span> <span class='ocrx_word' id='word_1_39' title='bbox 1031 1121 1061 1167; x_wconf 80' lang='grc' dir='ltr'><strong>ψ.</strong></span> <span class='ocrx_word' id='word_1_40' title='bbox 1098 1102 1165 1158; x_wconf 79' lang='lat' dir='ltr'><strong>cod.</strong></span> <span class='ocrx_word' id='word_1_41' title='bbox 1195 1101 1267 1157; x_wconf 88' lang='lat' dir='ltr'><strong>Gud.</strong></span> <span class='ocrx_word' id='word_1_42' title='bbox 1286 1105 1318 1180; x_wconf 91' lang='lat' dir='ltr'><strong>A.</strong></span> <span class='ocrx_word' id='word_1_43' title='bbox 1344 1107 1391 1160; x_wconf 79' lang='lat' dir='ltr'><strong>bn-</strong></span> 
     </span>
     <span class='ocr_line' id='line_1_6' title="bbox 335 1194 565 1252; baseline -0.009 -1"><span class='ocrx_word' id='word_1_44' title='bbox 335 1199 381 1252; x_wconf 90' lang='lat' dir='ltr'><strong>bet</strong></span> <span class='ocrx_word' id='word_1_45' title='bbox 402 1200 467 1251; x_wconf 87' lang='lat' dir='ltr'><strong>VII.</strong></span> <span class='ocrx_word' id='word_1_46' title='bbox 503 1194 565 1249; x_wconf 69' lang='lat' dir='ltr'><strong>Me.</strong></span> 
     </span>
    </p>

    <p class='ocr_par' dir='ltr' id='par_1_3' title="bbox 334 1272 1393 1946">
     <span class='ocr_line' id='line_1_7' title="bbox 406 1272 1391 1355; baseline 0 -20"><span class='ocrx_word' id='word_1_47' title='bbox 406 1287 471 1335; x_wconf 71' lang='lat' dir='ltr'><strong>See</strong></span> <span class='ocrx_word' id='word_1_48' title='bbox 491 1280 619 1355; x_wconf 74' lang='lat' dir='ltr'><strong><em>legiones]</em></strong></span> <span class='ocrx_word' id='word_1_49' title='bbox 657 1280 725 1345; x_wconf 84' lang='lat' dir='ltr'><strong>„Sic</strong></span> <span class='ocrx_word' id='word_1_50' title='bbox 744 1300 838 1334; x_wconf 87' lang='lat' dir='ltr'><strong>omnes</strong></span> <span class='ocrx_word' id='word_1_51' title='bbox 856 1282 918 1334; x_wconf 90' lang='lat' dir='ltr'><strong>mei.</strong></span> <span class='ocrx_word' id='word_1_52' title='bbox 955 1278 1014 1333; x_wconf 79' lang='lat' dir='ltr'><strong>Diui</strong></span> <span class='ocrx_word' id='word_1_53' title='bbox 1033 1278 1079 1333; x_wconf 88' lang='lat' dir='ltr'><strong>lib.</strong></span> <span class='ocrx_word' id='word_1_54' title='bbox 1090 1280 1110 1334; x_wconf 88' lang='lat' dir='ltr'><strong>l.</strong></span> <span class='ocrx_word' id='word_1_55' title='bbox 1147 1277 1229 1334; x_wconf 85' lang='lat' dir='ltr'><strong>Olfic.</strong></span> <span class='ocrx_word' id='word_1_56' title='bbox 1252 1272 1391 1348; x_wconf 86' lang='lat' dir='ltr'><strong>[nimirum</strong></span> 
     </span>
     <span class='ocr_line' id='line_1_8' title="bbox 336 1366 1393 1441; baseline 0.001 -19"><span class='ocrx_word' id='word_1_57' title='bbox 336 1370 364 1422; x_wconf 89' lang='lat' dir='ltr'><strong>in</strong></span> <span class='ocrx_word' id='word_1_58' title='bbox 385 1368 584 1424; x_wconf 78' lang='lat' dir='ltr'><strong>Commentario</strong></span> <span class='ocrx_word' id='word_1_59' title='bbox 602 1367 636 1421; x_wconf 79' lang='lat' dir='ltr'><strong>ad</strong></span> <span class='ocrx_word' id='word_1_60' title='bbox 656 1366 714 1422; x_wconf 87' lang='lat' dir='ltr'><strong>Cic.</strong></span> <span class='ocrx_word' id='word_1_61' title='bbox 732 1369 766 1421; x_wconf 91' lang='lat' dir='ltr'><strong>de</strong></span> <span class='ocrx_word' id='word_1_62' title='bbox 785 1367 843 1421; x_wconf 85' lang='lat' dir='ltr'><strong>Otf.</strong></span> <span class='ocrx_word' id='word_1_63' title='bbox 862 1368 884 1435; x_wconf 88' lang='lat' dir='ltr'><strong>l,</strong></span> <span class='ocrx_word' id='word_1_64' title='bbox 904 1371 929 1420; x_wconf 81' lang='lat'><strong>8.</strong></span> <span class='ocrx_word' id='word_1_65' title='bbox 950 1387 975 1438; x_wconf 91' lang='lat' dir='ltr'><strong>p.</strong></span> <span class='ocrx_word' id='word_1_66' title='bbox 996 1369 1039 1421; x_wconf 88' lang='grc'><strong>31.</strong></span> <span class='ocrx_word' id='word_1_67' title='bbox 1066 1366 1107 1420; x_wconf 91' lang='lat' dir='ltr'><strong>ed.</strong></span> <span class='ocrx_word' id='word_1_68' title='bbox 1126 1366 1235 1436; x_wconf 73' lang='lat' dir='ltr'><strong>Groun]</strong></span> <span class='ocrx_word' id='word_1_69' title='bbox 1261 1380 1393 1441; x_wconf 77' lang='lat' dir='ltr'><strong>quattuor</strong></span> 
     </span>
     <span class='ocr_line' id='line_1_9' title="bbox 336 1455 1391 1529; baseline -0.001 -18"><span class='ocrx_word' id='word_1_70' title='bbox 336 1458 472 1529; x_wconf 77' lang='lat' dir='ltr'><strong>legiones,</strong></span> <span class='ocrx_word' id='word_1_71' title='bbox 491 1474 547 1510; x_wconf 89' lang='lat' dir='ltr'><strong>non</strong></span> <span class='ocrx_word' id='word_1_72' title='bbox 565 1474 628 1518; x_wconf 81' lang='lat' dir='ltr'><strong>sex,</strong></span> <span class='ocrx_word' id='word_1_73' title='bbox 656 1455 736 1508; x_wconf 80' lang='lat' dir='ltr'><strong>luisse</strong></span> <span class='ocrx_word' id='word_1_74' title='bbox 755 1456 908 1511; x_wconf 85' lang='lat' dir='ltr'><strong>&#39;exercitum</strong></span> <span class='ocrx_word' id='word_1_75' title='bbox 927 1455 958 1508; x_wconf 86' lang='lat' dir='ltr'><strong>P.</strong></span> <span class='ocrx_word' id='word_1_76' title='bbox 977 1455 1008 1507; x_wconf 88' lang='lat' dir='ltr'><strong>R.</strong></span> <span class='ocrx_word' id='word_1_77' title='bbox 1033 1465 1058 1508; x_wconf 80' lang='lat' dir='ltr'><strong>et</strong></span> <span class='ocrx_word' id='word_1_78' title='bbox 1082 1455 1117 1508; x_wconf 81' lang='lat' dir='ltr'><strong>ita</strong></span> <span class='ocrx_word' id='word_1_79' title='bbox 1145 1467 1210 1527; x_wconf 93' lang='lat' dir='ltr'><strong>puto</strong></span> <span class='ocrx_word' id='word_1_80' title='bbox 1237 1455 1391 1528; x_wconf 91' lang='lat' dir='ltr'><strong>legendum.</strong></span> 
     </span>
     <span class='ocr_line' id='line_1_10' title="bbox 338 1541 1389 1615; baseline 0.004 -18"><span class='ocrx_word' id='word_1_81' title='bbox 338 1544 425 1597; x_wconf 76' lang='lat' dir='ltr'><strong>Fluxit</strong></span> <span class='ocrx_word' id='word_1_82' title='bbox 442 1562 520 1597; x_wconf 84' lang='lat' dir='ltr'><strong>error</strong></span> <span class='ocrx_word' id='word_1_83' title='bbox 538 1561 553 1596; x_wconf 94' lang='lat' dir='ltr'><strong>e</strong></span> <span class='ocrx_word' id='word_1_84' title='bbox 571 1541 759 1607; x_wconf 69' lang='lat' dir='ltr'><strong>similitudine,</strong></span> <span class='ocrx_word' id='word_1_85' title='bbox 784 1561 852 1615; x_wconf 79' lang='lat' dir='ltr'><strong>quae</strong></span> <span class='ocrx_word' id='word_1_86' title='bbox 872 1553 911 1595; x_wconf 90' lang='lat' dir='ltr'><strong>est</strong></span> <span class='ocrx_word' id='word_1_87' title='bbox 927 1542 997 1595; x_wconf 86' lang='lat' dir='ltr'><strong>inter</strong></span> <span class='ocrx_word' id='word_1_88' title='bbox 1016 1541 1062 1595; x_wconf 88' lang='lat' dir='ltr'><strong>lV.</strong></span> <span class='ocrx_word' id='word_1_89' title='bbox 1081 1553 1107 1596; x_wconf 93' lang='lat' dir='ltr'><strong>et</strong></span> <span class='ocrx_word' id='word_1_90' title='bbox 1127 1543 1189 1596; x_wconf 89' lang='lat' dir='ltr'><strong>Vl.“</strong></span> <span class='ocrx_word' id='word_1_91' title='bbox 1208 1542 1282 1597; x_wconf 91' lang='lat' dir='ltr'><strong>Ald.</strong></span> <span class='ocrx_word' id='word_1_92' title='bbox 1300 1544 1332 1598; x_wconf 84' lang='lat' dir='ltr'>M</span> <span class='ocrx_word' id='word_1_93' title='bbox 1339 1565 1389 1601; x_wconf 83' lang='lat' dir='ltr'><strong>an.</strong></span> 
     </span>
     <span class='ocr_line' id='line_1_11' title="bbox 336 1628 1390 1702; baseline 0.002 -18"><span class='ocrx_word' id='word_1_94' title='bbox 336 1630 480 1684; x_wconf 87' lang='lat' dir='ltr'><strong>Neminem</strong></span> <span class='ocrx_word' id='word_1_95' title='bbox 498 1629 692 1700; x_wconf 87' lang='lat' dir='ltr'><strong>obsequentem</strong></span> <span class='ocrx_word' id='word_1_96' title='bbox 717 1628 807 1683; x_wconf 84' lang='lat' dir='ltr'><strong>babuit</strong></span> <span class='ocrx_word' id='word_1_97' title='bbox 826 1628 926 1695; x_wconf 87' lang='lat' dir='ltr'><strong>Aldus,</strong></span> <span class='ocrx_word' id='word_1_98' title='bbox 954 1648 1058 1702; x_wconf 87' lang='lat' dir='ltr'><strong>neque,</strong></span> <span class='ocrx_word' id='word_1_99' title='bbox 1084 1641 1114 1683; x_wconf 93' lang='lat' dir='ltr'><strong>ut</strong></span> <span class='ocrx_word' id='word_1_100' title='bbox 1137 1631 1174 1684; x_wconf 84' lang='lat' dir='ltr'><strong>ait</strong></span> <span class='ocrx_word' id='word_1_101' title='bbox 1191 1630 1306 1701; x_wconf 86' lang='lat' dir='ltr'><strong>Gernb.,</strong></span> <span class='ocrx_word' id='word_1_102' title='bbox 1332 1634 1390 1688; x_wconf 83' lang='lat' dir='ltr'><strong>eui-</strong></span> 
     </span>
     <span class='ocr_line' id='line_1_12' title="bbox 342 1716 1390 1795; baseline 0.007 -26"><span class='ocrx_word' id='word_1_103' title='bbox 342 1735 423 1789; x_wconf 87' lang='lat' dir='ltr'><strong>qnam</strong></span> <span class='ocrx_word' id='word_1_104' title='bbox 444 1716 582 1786; x_wconf 83' lang='lat' dir='ltr'><strong>persussit‚</strong></span> <span class='ocrx_word' id='word_1_105' title='bbox 602 1735 665 1768; x_wconf 90' lang='lat' dir='ltr'><strong>eum</strong></span> <span class='ocrx_word' id='word_1_106' title='bbox 685 1735 829 1768; x_wconf 90' lang='lat' dir='ltr'><strong>numerum</strong></span> <span class='ocrx_word' id='word_1_107' title='bbox 849 1716 987 1788; x_wconf 87' lang='lat' dir='ltr'><strong>legionum</strong></span> <span class='ocrx_word' id='word_1_108' title='bbox 1006 1718 1049 1772; x_wconf 86' lang='lat' dir='ltr'><strong>bic</strong></span> <span class='ocrx_word' id='word_1_109' title='bbox 1066 1718 1236 1773; x_wconf 83' lang='lat' dir='ltr'><strong>retinendum</strong></span> <span class='ocrx_word' id='word_1_110' title='bbox 1256 1740 1325 1789; x_wconf 88' lang='lat' dir='ltr'><strong>esse,</strong></span> <span class='ocrx_word' id='word_1_111' title='bbox 1344 1723 1390 1795; x_wconf 90' lang='lat' dir='ltr'><strong>qui</strong></span> 
     </span>
     <span class='ocr_line' id='line_1_13' title="bbox 334 1799 1390 1872; baseline 0.008 -16"><span class='ocrx_word' id='word_1_112' title='bbox 334 1814 397 1856; x_wconf 84' lang='lat' dir='ltr'><strong>ante</strong></span> <span class='ocrx_word' id='word_1_113' title='bbox 416 1800 517 1855; x_wconf 91' lang='lat' dir='ltr'><strong>bellum</strong></span> <span class='ocrx_word' id='word_1_114' title='bbox 535 1802 671 1856; x_wconf 84' lang='lat' dir='ltr'><strong>Punicum</strong></span> <span class='ocrx_word' id='word_1_115' title='bbox 696 1803 845 1857; x_wconf 86' lang='lat' dir='ltr'><strong>secundum</strong></span> <span class='ocrx_word' id='word_1_116' title='bbox 872 1799 960 1858; x_wconf 83' lang='lat' dir='ltr'><strong>iustus</strong></span> <span class='ocrx_word' id='word_1_117' title='bbox 979 1804 1045 1872; x_wconf 88' lang='lat' dir='ltr'><strong>luit,</strong></span> <span class='ocrx_word' id='word_1_118' title='bbox 1073 1807 1118 1859; x_wconf 88' lang='lat' dir='ltr'><strong>sed</strong></span> <span class='ocrx_word' id='word_1_119' title='bbox 1146 1807 1199 1863; x_wconf 81' lang='lat' dir='ltr'><strong>al.</strong></span> <span class='ocrx_word' id='word_1_120' title='bbox 1217 1811 1339 1863; x_wconf 72' lang='lat' dir='ltr'><strong>‘Caesare</strong></span> <span class='ocrx_word' id='word_1_121' title='bbox 1357 1810 1390 1863; x_wconf 79' lang='lat' dir='ltr'><strong>ad</strong></span> 
     </span>
     <span class='ocr_line' id='line_1_14' title="bbox 334 1890 1089 1946; baseline -0.003 -1"><span class='ocrx_word' id='word_1_122' title='bbox 334 1892 428 1946; x_wconf 90' lang='lat' dir='ltr'><strong>decem</strong></span> <span class='ocrx_word' id='word_1_123' title='bbox 446 1900 548 1945; x_wconf 80' lang='lat' dir='ltr'><strong>auctus.</strong></span> <span class='ocrx_word' id='word_1_124' title='bbox 584 1890 646 1945; x_wconf 86' lang='lat' dir='ltr'><strong>Mr.</strong></span> <span class='ocrx_word' id='word_1_125' title='bbox 1087 1890 1089 1894; x_wconf 72' lang='grc'>’</span> 
     </span>
    </p>

    <p class='ocr_par' dir='ltr' id='par_1_4' title="bbox 332 1979 1393 3625">
     <span class='ocr_line' id='line_1_15' title="bbox 406 1979 1392 2051; baseline 0.005 -20"><span class='ocrx_word' id='word_1_126' title='bbox 406 1990 434 2031; x_wconf 82' lang='lat' dir='ltr'><strong>et</strong></span> <span class='ocrx_word' id='word_1_127' title='bbox 452 1997 553 2050; x_wconf 83' lang='lat' dir='ltr'><strong>magna</strong></span> <span class='ocrx_word' id='word_1_128' title='bbox 570 1979 693 2051; x_wconf 76' lang='lat' dir='ltr'><strong>equiturn</strong></span> <span class='ocrx_word' id='word_1_129' title='bbox 712 1997 745 2030; x_wconf 84' lang='lat' dir='ltr'><strong>oo</strong></span> <span class='ocrx_word' id='word_1_130' title='bbox 759 1979 880 2048; x_wconf 85' lang='lat' dir='ltr'><strong>peditum</strong></span> <span class='ocrx_word' id='word_1_131' title='bbox 899 1979 1006 2031; x_wconf 74' lang='lat' dir='ltr'><strong>ouxilm</strong></span> <span class='ocrx_word' id='word_1_132' title='bbox 1024 1981 1129 2050; x_wconf 79' lang='lat' dir='ltr'><strong>possis]</strong></span> <span class='ocrx_word' id='word_1_133' title='bbox 1176 1982 1243 2035; x_wconf 83' lang='lat' dir='ltr'><strong>cod.</strong></span> <span class='ocrx_word' id='word_1_134' title='bbox 1268 1980 1339 2036; x_wconf 86' lang='lat' dir='ltr'><strong>Gud.</strong></span> <span class='ocrx_word' id='word_1_135' title='bbox 1358 1982 1392 2036; x_wconf 91' lang='lat' dir='ltr'><strong>A.</strong></span> 
     </span>
     <span class='ocr_line' id='line_1_16' title="bbox 334 2066 1391 2139; baseline 0.007 -21"><span class='ocrx_word' id='word_1_136' title='bbox 334 2078 372 2119; x_wconf 88' lang='lat' dir='ltr'><strong>ot</strong></span> <span class='ocrx_word' id='word_1_137' title='bbox 392 2085 501 2139; x_wconf 82' lang='lat' dir='ltr'><strong>magno.</strong></span> <span class='ocrx_word' id='word_1_138' title='bbox 537 2066 623 2120; x_wconf 85' lang='lat' dir='ltr'><strong>codd.</strong></span> <span class='ocrx_word' id='word_1_139' title='bbox 644 2066 724 2120; x_wconf 89' lang='lat' dir='ltr'><strong>Drsd.</strong></span> <span class='ocrx_word' id='word_1_140' title='bbox 744 2070 769 2120; x_wconf 89' lang='lat'><strong>1.</strong></span> <span class='ocrx_word' id='word_1_141' title='bbox 791 2069 817 2120; x_wconf 96' lang='grc'><strong>3.</strong></span> <span class='ocrx_word' id='word_1_142' title='bbox 835 2071 861 2120; x_wconf 74' lang='lat'><strong>5.</strong></span> <span class='ocrx_word' id='word_1_143' title='bbox 886 2078 920 2118; x_wconf 80' lang='lat' dir='ltr'><strong>er</strong></span> <span class='ocrx_word' id='word_1_144' title='bbox 937 2067 1068 2136; x_wconf 83' lang='lat' dir='ltr'><strong>pediturn.</strong></span> <span class='ocrx_word' id='word_1_145' title='bbox 1105 2070 1163 2120; x_wconf 79' lang='lat' dir='ltr'><strong>Vos</strong></span> <span class='ocrx_word' id='word_1_146' title='bbox 1188 2070 1294 2121; x_wconf 80' lang='lat' dir='ltr'><strong>anxilio</strong></span> <span class='ocrx_word' id='word_1_147' title='bbox 1318 2070 1391 2126; x_wconf 88' lang='lat' dir='ltr'><strong>deest</strong></span> 
     </span>
     <span class='ocr_line' id='line_1_17' title="bbox 338 2153 1389 2222; baseline 0 -12"><span class='ocrx_word' id='word_1_148' title='bbox 338 2158 366 2210; x_wconf 90' lang='lat' dir='ltr'><strong>in</strong></span> <span class='ocrx_word' id='word_1_149' title='bbox 387 2155 437 2209; x_wconf 80' lang='lat' dir='ltr'><strong>Ox.</strong></span> <span class='ocrx_word' id='word_1_150' title='bbox 455 2173 486 2217; x_wconf 78' lang='grc' dir='ltr'><strong>ψ.</strong></span> <span class='ocrx_word' id='word_1_151' title='bbox 524 2153 566 2219; x_wconf 84' lang='lat' dir='ltr'><strong>Ad</strong></span> <span class='ocrx_word' id='word_1_152' title='bbox 586 2154 744 2208; x_wconf 86' lang='lat' dir='ltr'><strong>sententiam</strong></span> <span class='ocrx_word' id='word_1_153' title='bbox 768 2154 821 2208; x_wconf 84' lang='lat' dir='ltr'><strong>loci</strong></span> <span class='ocrx_word' id='word_1_154' title='bbox 842 2155 1009 2209; x_wconf 88' lang='lat' dir='ltr'><strong>monendum</strong></span> <span class='ocrx_word' id='word_1_155' title='bbox 1036 2166 1086 2222; x_wconf 86' lang='lat' dir='ltr'><strong>est,</strong></span> <span class='ocrx_word' id='word_1_156' title='bbox 1113 2156 1191 2210; x_wconf 82' lang='lat' dir='ltr'><strong>etiem</strong></span> <span class='ocrx_word' id='word_1_157' title='bbox 1216 2157 1389 2212; x_wconf 75' lang='lat' dir='ltr'><strong>Franciscum</strong></span> 
     </span>
     <span class='ocr_line' id='line_1_18' title="bbox 336 2242 1390 2316; baseline 0.001 -19"><span class='ocrx_word' id='word_1_158' title='bbox 336 2243 457 2316; x_wconf 80' lang='lat' dir='ltr'><strong>Sylvium</strong></span> <span class='ocrx_word' id='word_1_159' title='bbox 477 2243 610 2296; x_wconf 77' lang='lat' dir='ltr'><strong>dubitasse</strong></span> <span class='ocrx_word' id='word_1_160' title='bbox 629 2243 662 2295; x_wconf 92' lang='lat' dir='ltr'><strong>de</strong></span> <span class='ocrx_word' id='word_1_161' title='bbox 681 2243 788 2296; x_wconf 77' lang='lat' dir='ltr'><strong>veritate</strong></span> <span class='ocrx_word' id='word_1_162' title='bbox 812 2242 936 2296; x_wconf 85' lang='lat' dir='ltr'><strong>lectionis</strong></span> <span class='ocrx_word' id='word_1_163' title='bbox 952 2262 1012 2294; x_wconf 82' lang='lat' dir='ltr'><strong>sex</strong></span> <span class='ocrx_word' id='word_1_164' title='bbox 1030 2243 1154 2314; x_wconf 78' lang='lat' dir='ltr'><strong>legiones.</strong></span> <span class='ocrx_word' id='word_1_165' title='bbox 1202 2243 1274 2298; x_wconf 77' lang='lat' dir='ltr'><strong>Dicit</strong></span> <span class='ocrx_word' id='word_1_166' title='bbox 1304 2245 1390 2301; x_wconf 77' lang='lat' dir='ltr'><strong>enims</strong></span> 
     </span>
     <span class='ocr_line' id='line_1_19' title="bbox 338 2330 1390 2403; baseline 0.002 -19"><span class='ocrx_word' id='word_1_167' title='bbox 338 2330 388 2399; x_wconf 83' lang='lat' dir='ltr'><strong>„Si</strong></span> <span class='ocrx_word' id='word_1_168' title='bbox 406 2331 482 2385; x_wconf 88' lang='lat' dir='ltr'><strong>locus</strong></span> <span class='ocrx_word' id='word_1_169' title='bbox 499 2331 655 2384; x_wconf 78' lang='lat' dir='ltr'><strong>emendatus</strong></span> <span class='ocrx_word' id='word_1_170' title='bbox 674 2342 727 2398; x_wconf 86' lang='lat' dir='ltr'><strong>est,</strong></span> <span class='ocrx_word' id='word_1_171' title='bbox 747 2331 878 2403; x_wconf 83' lang='lat' dir='ltr'><strong>significet</strong></span> <span class='ocrx_word' id='word_1_172' title='bbox 898 2331 1007 2394; x_wconf 81' lang='lat' dir='ltr'><strong>Cicero,</strong></span> <span class='ocrx_word' id='word_1_173' title='bbox 1025 2330 1053 2383; x_wconf 93' lang='lat' dir='ltr'><strong>in</strong></span> <span class='ocrx_word' id='word_1_174' title='bbox 1072 2331 1195 2384; x_wconf 84' lang='lat' dir='ltr'><strong>Romano</strong></span> <span class='ocrx_word' id='word_1_175' title='bbox 1214 2333 1329 2385; x_wconf 80' lang='lat' dir='ltr'><strong>exercitu</strong></span> <span class='ocrx_word' id='word_1_176' title='bbox 1348 2353 1390 2387; x_wconf 81' lang='lat' dir='ltr'><strong>ses</strong></span> 
     </span>
     <span class='ocr_line' id='line_1_20' title="bbox 335 2418 1391 2491; baseline 0.001 -18"><span class='ocrx_word' id='word_1_177' title='bbox 335 2421 456 2491; x_wconf 81' lang='lat' dir='ltr'><strong>legiones</strong></span> <span class='ocrx_word' id='word_1_178' title='bbox 473 2439 528 2472; x_wconf 87' lang='lat' dir='ltr'><strong>esse</strong></span> <span class='ocrx_word' id='word_1_179' title='bbox 546 2418 642 2472; x_wconf 79' lang='lat' dir='ltr'><strong>solius.</strong></span> <span class='ocrx_word' id='word_1_180' title='bbox 683 2421 787 2472; x_wconf 83' lang='lat' dir='ltr'><strong>Verum</strong></span> <span class='ocrx_word' id='word_1_181' title='bbox 812 2419 884 2490; x_wconf 80' lang='lat' dir='ltr'><strong>apud</strong></span> <span class='ocrx_word' id='word_1_182' title='bbox 904 2419 1007 2471; x_wconf 84' lang='lat' dir='ltr'><strong>Livium</strong></span> <span class='ocrx_word' id='word_1_183' title='bbox 1032 2436 1111 2490; x_wconf 80' lang='lat' dir='ltr'><strong>saepe</strong></span> <span class='ocrx_word' id='word_1_184' title='bbox 1129 2420 1247 2472; x_wconf 78' lang='lat' dir='ltr'><strong>invenire</strong></span> <span class='ocrx_word' id='word_1_185' title='bbox 1272 2419 1333 2474; x_wconf 88' lang='lat' dir='ltr'><strong>licet</strong></span> <span class='ocrx_word' id='word_1_186' title='bbox 1351 2420 1391 2474; x_wconf 90' lang='lat' dir='ltr'><strong>le·</strong></span> 
     </span>
     <span class='ocr_line' id='line_1_21' title="bbox 337 2505 1390 2579; baseline 0.003 -20"><span class='ocrx_word' id='word_1_187' title='bbox 337 2507 431 2579; x_wconf 88' lang='lat' dir='ltr'><strong>giones</strong></span> <span class='ocrx_word' id='word_1_188' title='bbox 455 2517 571 2577; x_wconf 83' lang='lat' dir='ltr'><strong>quatuor</strong></span> <span class='ocrx_word' id='word_1_189' title='bbox 597 2506 676 2559; x_wconf 85' lang='lat' dir='ltr'><strong>fuisse</strong></span> <span class='ocrx_word' id='word_1_190' title='bbox 696 2507 726 2558; x_wconf 92' lang='lat' dir='ltr'><strong>in</strong></span> <span class='ocrx_word' id='word_1_191' title='bbox 743 2506 859 2561; x_wconf 75' lang='lat' dir='ltr'><strong>exercitu</strong></span> <span class='ocrx_word' id='word_1_192' title='bbox 877 2505 1022 2560; x_wconf 80' lang='lat' dir='ltr'><strong>consulari.</strong></span> <span class='ocrx_word' id='word_1_193' title='bbox 1060 2507 1162 2577; x_wconf 87' lang='lat' dir='ltr'><strong>[Pergit</strong></span> <span class='ocrx_word' id='word_1_194' title='bbox 1180 2507 1292 2561; x_wconf 80' lang='lat' dir='ltr'><strong>laudens</strong></span> <span class='ocrx_word' id='word_1_195' title='bbox 1317 2508 1390 2563; x_wconf 86' lang='lat' dir='ltr'><strong>locos</strong></span> 
     </span>
     <span class='ocr_line' id='line_1_22' title="bbox 335 2593 1389 2666; baseline 0.002 -18"><span class='ocrx_word' id='word_1_196' title='bbox 335 2595 401 2648; x_wconf 78' lang='lat' dir='ltr'><strong>Liuii</strong></span> <span class='ocrx_word' id='word_1_197' title='bbox 421 2612 435 2645; x_wconf 92' lang='lat' dir='ltr'><strong>e</strong></span> <span class='ocrx_word' id='word_1_198' title='bbox 455 2593 525 2646; x_wconf 88' lang='lat' dir='ltr'><strong>libro</strong></span> <span class='ocrx_word' id='word_1_199' title='bbox 545 2602 656 2654; x_wconf 80' lang='lat' dir='ltr'><strong>octavo,</strong></span> <span class='ocrx_word' id='word_1_200' title='bbox 676 2593 747 2647; x_wconf 83' lang='lat' dir='ltr'><strong>XXI.</strong></span> <span class='ocrx_word' id='word_1_201' title='bbox 765 2606 792 2648; x_wconf 88' lang='lat' dir='ltr'><strong>et</strong></span> <span class='ocrx_word' id='word_1_202' title='bbox 810 2593 897 2662; x_wconf 87' lang='lat' dir='ltr'><strong>XXll,</strong></span> <span class='ocrx_word' id='word_1_203' title='bbox 927 2595 974 2666; x_wconf 90' lang='lat' dir='ltr'><strong>qui</strong></span> <span class='ocrx_word' id='word_1_204' title='bbox 1002 2613 1064 2648; x_wconf 80' lang='lat' dir='ltr'><strong>vero</strong></span> <span class='ocrx_word' id='word_1_205' title='bbox 1092 2614 1147 2648; x_wconf 92' lang='lat' dir='ltr'><strong>non</strong></span> <span class='ocrx_word' id='word_1_206' title='bbox 1173 2595 1242 2646; x_wconf 82' lang='lat' dir='ltr'><strong>infra</strong></span> <span class='ocrx_word' id='word_1_207' title='bbox 1269 2606 1389 2666; x_wconf 83' lang='lat' dir='ltr'><strong>tempora</strong></span> 
     </span>
     <span class='ocr_line' id='line_1_23' title="bbox 335 2679 1388 2754; baseline 0.002 -19"><span class='ocrx_word' id='word_1_208' title='bbox 335 2680 399 2735; x_wconf 89' lang='lat' dir='ltr'><strong>belli</strong></span> <span class='ocrx_word' id='word_1_209' title='bbox 417 2679 513 2734; x_wconf 86' lang='lat' dir='ltr'><strong>Punici</strong></span> <span class='ocrx_word' id='word_1_210' title='bbox 541 2679 650 2734; x_wconf 81' lang='lat' dir='ltr'><strong>secundi</strong></span> <span class='ocrx_word' id='word_1_211' title='bbox 681 2679 854 2736; x_wconf 83' lang='lat' dir='ltr'><strong>descendunt.</strong></span> <span class='ocrx_word' id='word_1_212' title='bbox 900 2681 1014 2736; x_wconf 76' lang='lat' dir='ltr'><strong>Gravius</strong></span> <span class='ocrx_word' id='word_1_213' title='bbox 1042 2693 1095 2747; x_wconf 84' lang='lat' dir='ltr'><strong>est,</strong></span> <span class='ocrx_word' id='word_1_214' title='bbox 1123 2682 1195 2753; x_wconf 89' lang='lat' dir='ltr'><strong>quod</strong></span> <span class='ocrx_word' id='word_1_215' title='bbox 1223 2702 1253 2734; x_wconf 83' lang='lat' dir='ltr'><strong>ex</strong></span> <span class='ocrx_word' id='word_1_216' title='bbox 1276 2683 1388 2754; x_wconf 76' lang='lat' dir='ltr'><strong>Vegetio</strong></span> 
     </span>
     <span class='ocr_line' id='line_1_24' title="bbox 335 2767 1387 2844; baseline 0.001 -22"><span class='ocrx_word' id='word_1_217' title='bbox 335 2770 455 2841; x_wconf 76' lang='lat' dir='ltr'><strong>profert,</strong></span> <span class='ocrx_word' id='word_1_218' title='bbox 475 2768 594 2835; x_wconf 88' lang='lat' dir='ltr'><strong>dicens:]</strong></span> <span class='ocrx_word' id='word_1_219' title='bbox 613 2767 732 2834; x_wconf 84' lang='lat' dir='ltr'><strong>„Scribit</strong></span> <span class='ocrx_word' id='word_1_220' title='bbox 751 2770 877 2840; x_wconf 86' lang='lat' dir='ltr'><strong>Vegetius</strong></span> <span class='ocrx_word' id='word_1_221' title='bbox 895 2771 953 2844; x_wconf 88' lang='lat' dir='ltr'><strong>[qui</strong></span> <span class='ocrx_word' id='word_1_222' title='bbox 970 2769 1029 2823; x_wconf 76' lang='lat' dir='ltr'><strong>vixit</strong></span> <span class='ocrx_word' id='word_1_223' title='bbox 1046 2769 1136 2824; x_wconf 87' lang='lat' dir='ltr'><strong>seculo</strong></span> <span class='ocrx_word' id='word_1_224' title='bbox 1149 2789 1175 2840; x_wconf 88' lang='lat' dir='ltr'><strong>p.</strong></span> <span class='ocrx_word' id='word_1_225' title='bbox 1188 2767 1219 2822; x_wconf 90' lang='lat' dir='ltr'><strong>C.</strong></span> <span class='ocrx_word' id='word_1_226' title='bbox 1235 2788 1261 2822; x_wconf 90' lang='lat' dir='ltr'><strong>n.</strong></span> <span class='ocrx_word' id='word_1_227' title='bbox 1281 2772 1387 2839; x_wconf 88' lang='lat' dir='ltr'><strong>quarto]</strong></span> 
     </span>
     <span class='ocr_line' id='line_1_25' title="bbox 334 2854 1391 2928; baseline 0 -19"><span class='ocrx_word' id='word_1_228' title='bbox 334 2858 364 2909; x_wconf 94' lang='lat' dir='ltr'><strong>in</strong></span> <span class='ocrx_word' id='word_1_229' title='bbox 382 2856 452 2909; x_wconf 84' lang='lat' dir='ltr'><strong>libro</strong></span> <span class='ocrx_word' id='word_1_230' title='bbox 469 2854 603 2920; x_wconf 86' lang='lat' dir='ltr'><strong>secundo,</strong></span> <span class='ocrx_word' id='word_1_231' title='bbox 624 2856 695 2926; x_wconf 78' lang='lat' dir='ltr'><strong>[cap.</strong></span> <span class='ocrx_word' id='word_1_232' title='bbox 714 2860 740 2910; x_wconf 81' lang='lat'><strong>4.</strong></span> <span class='ocrx_word' id='word_1_233' title='bbox 760 2877 787 2927; x_wconf 88' lang='lat' dir='ltr'><strong>p.</strong></span> <span class='ocrx_word' id='word_1_234' title='bbox 807 2861 850 2913; x_wconf 87' lang='grc'><strong>33.</strong></span> <span class='ocrx_word' id='word_1_235' title='bbox 870 2857 911 2911; x_wconf 92' lang='lat' dir='ltr'><strong>ed.</strong></span> <span class='ocrx_word' id='word_1_236' title='bbox 930 2856 1071 2912; x_wconf 84' lang='lat' dir='ltr'><strong>Stewecbii</strong></span> <span class='ocrx_word' id='word_1_237' title='bbox 1093 2869 1119 2911; x_wconf 89' lang='lat' dir='ltr'><strong>et</strong></span> <span class='ocrx_word' id='word_1_238' title='bbox 1137 2856 1230 2911; x_wconf 84' lang='lat' dir='ltr'><strong>Modii.</strong></span> <span class='ocrx_word' id='word_1_239' title='bbox 1256 2857 1341 2928; x_wconf 85' lang='lat' dir='ltr'><strong>bugd.</strong></span> <span class='ocrx_word' id='word_1_240' title='bbox 1360 2857 1391 2909; x_wconf 89' lang='lat' dir='ltr'><strong>B.</strong></span> 
     </span>
     <span class='ocr_line' id='line_1_26' title="bbox 335 2943 1390 3014; baseline 0 -16"><span class='ocrx_word' id='word_1_241' title='bbox 335 2947 417 2998; x_wconf 79' lang='lat' dir='ltr'><strong>tout.</strong></span> <span class='ocrx_word' id='word_1_242' title='bbox 434 2948 460 2998; x_wconf 86' lang='grc'><strong>4.</strong></span> <span class='ocrx_word' id='word_1_243' title='bbox 478 2963 504 3014; x_wconf 86' lang='grc' dir='ltr'><strong>ρ.</strong></span> <span class='ocrx_word' id='word_1_244' title='bbox 523 2946 567 2998; x_wconf 87' lang='grc'><strong>33.</strong></span> <span class='ocrx_word' id='word_1_245' title='bbox 583 2943 628 2999; x_wconf 85' lang='lat' dir='ltr'><strong>ed.</strong></span> <span class='ocrx_word' id='word_1_246' title='bbox 648 2943 720 3013; x_wconf 91' lang='lat' dir='ltr'><strong>Bip.]</strong></span> <span class='ocrx_word' id='word_1_247' title='bbox 745 2963 774 2996; x_wconf 90' lang='lat' dir='ltr'><strong>se</strong></span> <span class='ocrx_word' id='word_1_248' title='bbox 799 2945 967 2998; x_wconf 85' lang='lat' dir='ltr'><strong>inomnibus</strong></span> <span class='ocrx_word' id='word_1_249' title='bbox 985 2944 1142 2998; x_wconf 83' lang='lat' dir='ltr'><strong>auctoribus</strong></span> <span class='ocrx_word' id='word_1_250' title='bbox 1161 2945 1306 3011; x_wconf 73' lang='lat' dir='ltr'><strong>invenisse,</strong></span> <span class='ocrx_word' id='word_1_251' title='bbox 1332 2946 1390 2998; x_wconf 79' lang='lat' dir='ltr'><strong>sin-</strong></span> 
     </span>
     <span class='ocr_line' id='line_1_27' title="bbox 332 3030 1390 3104; baseline 0.003 -22"><span class='ocrx_word' id='word_1_252' title='bbox 332 3032 413 3103; x_wconf 76' lang='lat' dir='ltr'><strong>gulos</strong></span> <span class='ocrx_word' id='word_1_253' title='bbox 433 3030 559 3083; x_wconf 82' lang='lat' dir='ltr'><strong>Consules</strong></span> <span class='ocrx_word' id='word_1_254' title='bbox 581 3030 712 3086; x_wconf 81' lang='lat' dir='ltr'><strong>adversus</strong></span> <span class='ocrx_word' id='word_1_255' title='bbox 737 3031 1046 3101; x_wconf 76' lang='lat' dir='ltr'><strong>hostes-copiosissimos</strong></span> <span class='ocrx_word' id='word_1_256' title='bbox 1074 3051 1127 3085; x_wconf 90' lang='lat' dir='ltr'><strong>non</strong></span> <span class='ocrx_word' id='word_1_257' title='bbox 1149 3033 1279 3102; x_wconf 82' lang='lat' dir='ltr'><strong>emplius,</strong></span> <span class='ocrx_word' id='word_1_258' title='bbox 1309 3052 1390 3104; x_wconf 74' lang='lat' dir='ltr'><strong>quoin</strong></span> 
     </span>
     <span class='ocr_line' id='line_1_28' title="bbox 334 3117 1390 3191; baseline 0.007 -23"><span class='ocrx_word' id='word_1_259' title='bbox 334 3117 412 3170; x_wconf 85' lang='lat' dir='ltr'><strong>binos</strong></span> <span class='ocrx_word' id='word_1_260' title='bbox 429 3119 559 3189; x_wconf 81' lang='lat' dir='ltr'><strong>legiones,</strong></span> <span class='ocrx_word' id='word_1_261' title='bbox 577 3117 679 3170; x_wconf 80' lang='lat' dir='ltr'><strong>additis</strong></span> <span class='ocrx_word' id='word_1_262' title='bbox 695 3119 809 3172; x_wconf 77' lang='lat' dir='ltr'><strong>auxiliis</strong></span> <span class='ocrx_word' id='word_1_263' title='bbox 825 3121 957 3173; x_wconf 79' lang='lat' dir='ltr'><strong>sociorum</strong></span> <span class='ocrx_word' id='word_1_264' title='bbox 977 3121 1094 3180; x_wconf 66' lang='lat' dir='ltr'><strong>duxisse.</strong></span> <span class='ocrx_word' id='word_1_265' title='bbox 1132 3121 1245 3187; x_wconf 81' lang='lat' dir='ltr'><strong>[Tento,</strong></span> <span class='ocrx_word' id='word_1_266' title='bbox 1264 3120 1315 3191; x_wconf 88' lang='lat' dir='ltr'><strong>(sic</strong></span> <span class='ocrx_word' id='word_1_267' title='bbox 1328 3140 1390 3191; x_wconf 82' lang='lat' dir='ltr'><strong>pen-</strong></span> 
     </span>
     <span class='ocr_line' id='line_1_29' title="bbox 335 3191 1393 3276; baseline 0.005 -20"><span class='ocrx_word' id='word_1_268' title='bbox 335 3205 374 3275; x_wconf 89' lang='lat' dir='ltr'><strong>git</strong></span> <span class='ocrx_word' id='word_1_269' title='bbox 392 3203 531 3274; x_wconf 87' lang='lat' dir='ltr'><strong>Vegetius)</strong></span> <span class='ocrx_word' id='word_1_270' title='bbox 557 3205 586 3256; x_wconf 86' lang='lat' dir='ltr'><strong>in</strong></span> <span class='ocrx_word' id='word_1_271' title='bbox 609 3204 665 3256; x_wconf 86' lang='lat' dir='ltr'><strong>illis</strong></span> <span class='ocrx_word' id='word_1_272' title='bbox 698 3215 759 3257; x_wconf 79' lang='lat' dir='ltr'><strong>erut</strong></span> <span class='ocrx_word' id='word_1_273' title='bbox 789 3207 961 3273; x_wconf 82' lang='lat' dir='ltr'><strong>exercitatio,</strong></span> <span class='ocrx_word' id='word_1_274' title='bbox 991 3217 1073 3259; x_wconf 79' lang='lat' dir='ltr'><strong>tento</strong></span> <span class='ocrx_word' id='word_1_275' title='bbox 1095 3207 1218 3276; x_wconf 85' lang='lat' dir='ltr'><strong>fiducia,</strong></span> <span class='ocrx_word' id='word_1_276' title='bbox 1246 3219 1277 3258; x_wconf 84' lang='lat' dir='ltr'><strong>ut</strong></span> <span class='ocrx_word' id='word_1_277' title='bbox 1304 3191 1393 3261; x_wconf 84' lang='lat' dir='ltr'><strong>cuivis</strong></span> 
     </span>
     <span class='ocr_line' id='line_1_30' title="bbox 333 3288 1388 3364; baseline 0.005 -21"><span class='ocrx_word' id='word_1_278' title='bbox 333 3292 409 3363; x_wconf 90' lang='lat' dir='ltr'><strong>(Bip.</strong></span> <span class='ocrx_word' id='word_1_279' title='bbox 427 3290 528 3358; x_wconf 75' lang='lat' dir='ltr'><strong>cutem)</strong></span> <span class='ocrx_word' id='word_1_280' title='bbox 548 3288 615 3341; x_wconf 87' lang='lat' dir='ltr'><strong>bello</strong></span> <span class='ocrx_word' id='word_1_281' title='bbox 636 3291 705 3342; x_wconf 82' lang='lat' dir='ltr'><strong>duee</strong></span> <span class='ocrx_word' id='word_1_282' title='bbox 722 3292 838 3364; x_wconf 85' lang='lat' dir='ltr'><strong>legiones</strong></span> <span class='ocrx_word' id='word_1_283' title='bbox 856 3295 1029 3347; x_wconf 82' lang='lat' dir='ltr'><strong>crederentur</strong></span> <span class='ocrx_word' id='word_1_284' title='bbox 1049 3313 1129 3363; x_wconf 83' lang='lat' dir='ltr'><strong>posse</strong></span> <span class='ocrx_word' id='word_1_285' title='bbox 1147 3295 1290 3362; x_wconf 72' lang='lat' dir='ltr'><strong>sufficere]</strong></span> <span class='ocrx_word' id='word_1_286' title='bbox 1315 3293 1388 3348; x_wconf 89' lang='lat' dir='ltr'><strong>Idem</strong></span> 
     </span>
     <span class='ocr_line' id='line_1_31' title="bbox 336 3376 1391 3451; baseline 0.003 -19"><span class='ocrx_word' id='word_1_287' title='bbox 336 3377 428 3450; x_wconf 84' lang='lat' dir='ltr'><strong>paullo</strong></span> <span class='ocrx_word' id='word_1_288' title='bbox 447 3388 509 3431; x_wconf 72' lang='lat' dir='ltr'><strong>ante</strong></span> <span class='ocrx_word' id='word_1_289' title='bbox 527 3376 620 3430; x_wconf 79' lang='lat' dir='ltr'><strong>scribit</strong></span> <span class='ocrx_word' id='word_1_290' title='bbox 644 3378 713 3448; x_wconf 83' lang='lat' dir='ltr'><strong>[cap.</strong></span> <span class='ocrx_word' id='word_1_291' title='bbox 732 3378 752 3433; x_wconf 90' lang='lat' dir='ltr'><strong>l.</strong></span> <span class='ocrx_word' id='word_1_292' title='bbox 778 3399 804 3450; x_wconf 89' lang='lat' dir='ltr'><strong>p.</strong></span> <span class='ocrx_word' id='word_1_293' title='bbox 823 3384 867 3434; x_wconf 82' lang='grc'><strong>31.</strong></span> <span class='ocrx_word' id='word_1_294' title='bbox 895 3380 935 3434; x_wconf 81' lang='lat' dir='ltr'><strong>St.</strong></span> <span class='ocrx_word' id='word_1_295' title='bbox 956 3400 983 3451; x_wconf 88' lang='lat' dir='ltr'><strong>p.</strong></span> <span class='ocrx_word' id='word_1_296' title='bbox 1003 3384 1047 3436; x_wconf 84' lang='grc'><strong>31.</strong></span> <span class='ocrx_word' id='word_1_297' title='bbox 1074 3380 1146 3451; x_wconf 90' lang='lat' dir='ltr'><strong>Bip.]</strong></span> <span class='ocrx_word' id='word_1_298' title='bbox 1172 3383 1277 3434; x_wconf 75' lang='lat' dir='ltr'><strong>auxilio</strong></span> <span class='ocrx_word' id='word_1_299' title='bbox 1301 3401 1319 3433; x_wconf 86' lang='lat' dir='ltr'><strong>o</strong></span> <span class='ocrx_word' id='word_1_300' title='bbox 1346 3402 1391 3435; x_wconf 88' lang='lat' dir='ltr'><strong>so-</strong></span> 
     </span>
     <span class='ocr_line' id='line_1_32' title="bbox 335 3454 1390 3535; baseline 0.009 -19"><span class='ocrx_word' id='word_1_301' title='bbox 335 3454 386 3517; x_wconf 59' lang='lat' dir='ltr'><strong>ciis</strong></span> <span class='ocrx_word' id='word_1_302' title='bbox 404 3463 448 3516; x_wconf 80' lang='lat' dir='ltr'><strong>vel</strong></span> <span class='ocrx_word' id='word_1_303' title='bbox 458 3462 614 3533; x_wconf 73' lang='lat' dir='ltr'><strong>foederatis</strong></span> <span class='ocrx_word' id='word_1_304' title='bbox 631 3464 758 3535; x_wconf 84' lang='lat' dir='ltr'><strong>gentibus</strong></span> <span class='ocrx_word' id='word_1_305' title='bbox 775 3468 849 3519; x_wconf 82' lang='lat' dir='ltr'><strong>milti</strong></span> <span class='ocrx_word' id='word_1_306' title='bbox 863 3468 973 3522; x_wconf 65' lang='lat' dir='ltr'><strong>solitas*</strong></span> <span class='ocrx_word' id='word_1_307' title='bbox 1021 3467 1076 3521; x_wconf 88' lang='lat' dir='ltr'><strong>Sed</strong></span> <span class='ocrx_word' id='word_1_308' title='bbox 1103 3470 1243 3524; x_wconf 72' lang='lat' dir='ltr'><strong>manifesto</strong></span> <span class='ocrx_word' id='word_1_309' title='bbox 1268 3471 1301 3523; x_wconf 89' lang='lat' dir='ltr'><strong>de</strong></span> <span class='ocrx_word' id='word_1_310' title='bbox 1320 3473 1390 3525; x_wconf 85' lang='lat' dir='ltr'><strong>anti-</strong></span> 
     </span>
     <span class='ocr_line' id='line_1_33' title="bbox 338 3551 1042 3625; baseline 0.004 -20"><span class='ocrx_word' id='word_1_311' title='bbox 338 3551 472 3624; x_wconf 87' lang='lat' dir='ltr'><strong>quissimis</strong></span> <span class='ocrx_word' id='word_1_312' title='bbox 491 3551 657 3622; x_wconf 85' lang='lat' dir='ltr'><strong>temporibus</strong></span> <span class='ocrx_word' id='word_1_313' title='bbox 675 3551 795 3623; x_wconf 84' lang='lat' dir='ltr'><strong>loquitur</strong></span> <span class='ocrx_word' id='word_1_314' title='bbox 812 3555 948 3625; x_wconf 87' lang='lat' dir='ltr'><strong>Vegetius.</strong></span> <span class='ocrx_word' id='word_1_315' title='bbox 983 3554 1042 3608; x_wconf 78' lang='lat' dir='ltr'><strong>Mn.</strong></span> 
     </span>
    </p>

    <p class='ocr_par' dir='ltr' id='par_1_5' title="bbox 334 3639 1389 4412">
     <span class='ocr_line' id='line_1_34' title="bbox 407 3639 1387 3714; baseline 0.011 -25"><span class='ocrx_word' id='word_1_316' title='bbox 407 3642 469 3690; x_wconf 89' lang='lat' dir='ltr'><strong>Iom</strong></span> <span class='ocrx_word' id='word_1_317' title='bbox 481 3639 588 3708; x_wconf 83' lang='lat' dir='ltr'><strong>soteris</strong></span> <span class='ocrx_word' id='word_1_318' title='bbox 605 3639 705 3710; x_wconf 82' lang='lat' dir='ltr'><strong>igitur,</strong></span> <span class='ocrx_word' id='word_1_319' title='bbox 727 3660 780 3693; x_wconf 90' lang='lat' dir='ltr'><strong>non</strong></span> <span class='ocrx_word' id='word_1_320' title='bbox 796 3660 853 3694; x_wconf 83' lang='lat' dir='ltr'><strong>esso</strong></span> <span class='ocrx_word' id='word_1_321' title='bbox 871 3652 899 3694; x_wconf 79' lang='lat' dir='ltr'><strong>te</strong></span> <span class='ocrx_word' id='word_1_322' title='bbox 918 3643 1055 3710; x_wconf 84' lang='lat' dir='ltr'><strong>divitem,]</strong></span> <span class='ocrx_word' id='word_1_323' title='bbox 1085 3641 1151 3709; x_wconf 85' lang='lat' dir='ltr'><strong>„Sic</strong></span> <span class='ocrx_word' id='word_1_324' title='bbox 1165 3644 1387 3714; x_wconf 80' lang='lat' dir='ltr'><strong>quattuordecim.</strong></span> 
     </span>
     <span class='ocr_line' id='line_1_35' title="bbox 334 3727 1389 3805; baseline 0.002 -21"><span class='ocrx_word' id='word_1_325' title='bbox 334 3732 412 3784; x_wconf 83' lang='lat' dir='ltr'><strong>Duo:</strong></span> <span class='ocrx_word' id='word_1_326' title='bbox 431 3728 487 3778; x_wconf 83' lang='lat' dir='ltr'><strong>iarn</strong></span> <span class='ocrx_word' id='word_1_327' title='bbox 500 3727 606 3796; x_wconf 85' lang='lat' dir='ltr'><strong>soteris</strong></span> <span class='ocrx_word' id='word_1_328' title='bbox 623 3728 711 3798; x_wconf 80' lang='lat' dir='ltr'><strong>igitur</strong></span> <span class='ocrx_word' id='word_1_329' title='bbox 729 3738 763 3779; x_wconf 85' lang='lat' dir='ltr'><strong>te</strong></span> <span class='ocrx_word' id='word_1_330' title='bbox 781 3747 838 3781; x_wconf 85' lang='lat' dir='ltr'><strong>esse</strong></span> <span class='ocrx_word' id='word_1_331' title='bbox 857 3750 922 3782; x_wconf 91' lang='lat' dir='ltr'><strong>non</strong></span> <span class='ocrx_word' id='word_1_332' title='bbox 942 3730 1060 3785; x_wconf 75' lang='lat' dir='ltr'><strong>divitem.</strong></span> <span class='ocrx_word' id='word_1_333' title='bbox 1096 3730 1187 3785; x_wconf 78' lang='lat' dir='ltr'><strong>Unuss</strong></span> <span class='ocrx_word' id='word_1_334' title='bbox 1215 3732 1270 3783; x_wconf 77' lang='lat' dir='ltr'><strong>ione</strong></span> <span class='ocrx_word' id='word_1_335' title='bbox 1282 3732 1389 3805; x_wconf 80' lang='lat' dir='ltr'><strong>fateris</strong></span> 
     </span>
     <span class='ocr_line' id='line_1_36' title="bbox 334 3815 1389 3890; baseline 0.001 -21"><span class='ocrx_word' id='word_1_336' title='bbox 334 3819 422 3889; x_wconf 77' lang='lat' dir='ltr'><strong>igitur</strong></span> <span class='ocrx_word' id='word_1_337' title='bbox 445 3835 511 3867; x_wconf 91' lang='lat' dir='ltr'><strong>non</strong></span> <span class='ocrx_word' id='word_1_338' title='bbox 534 3833 609 3866; x_wconf 87' lang='lat' dir='ltr'><strong>esse</strong></span> <span class='ocrx_word' id='word_1_339' title='bbox 634 3815 752 3870; x_wconf 80' lang='lat' dir='ltr'><strong>diuitem.</strong></span> <span class='ocrx_word' id='word_1_340' title='bbox 798 3815 891 3870; x_wconf 88' lang='lat' dir='ltr'><strong>Unus:</strong></span> <span class='ocrx_word' id='word_1_341' title='bbox 915 3818 970 3869; x_wconf 82' lang='lat' dir='ltr'><strong>lom</strong></span> <span class='ocrx_word' id='word_1_342' title='bbox 989 3819 1096 3888; x_wconf 88' lang='lat' dir='ltr'><strong>soteris</strong></span> <span class='ocrx_word' id='word_1_343' title='bbox 1121 3837 1201 3890; x_wconf 80' lang='lat' dir='ltr'><strong>ergo</strong></span> <span class='ocrx_word' id='word_1_344' title='bbox 1227 3838 1292 3871; x_wconf 90' lang='lat' dir='ltr'><strong>non</strong></span> <span class='ocrx_word' id='word_1_345' title='bbox 1316 3840 1389 3873; x_wconf 84' lang='lat' dir='ltr'><strong>esse</strong></span> 
     </span>
     <span class='ocr_line' id='line_1_37' title="bbox 338 3901 1387 3976; baseline 0.005 -22"><span class='ocrx_word' id='word_1_346' title='bbox 338 3905 472 3958; x_wconf 76' lang='lat' dir='ltr'><strong>divitem.“</strong></span> <span class='ocrx_word' id='word_1_347' title='bbox 490 3901 565 3956; x_wconf 87' lang='lat' dir='ltr'><strong>Ald.</strong></span> <span class='ocrx_word' id='word_1_348' title='bbox 582 3901 672 3957; x_wconf 82' lang='lat' dir='ltr'><strong>Man.</strong></span> <span class='ocrx_word' id='word_1_349' title='bbox 710 3903 778 3957; x_wconf 84' lang='lat' dir='ltr'><strong>Cod.</strong></span> <span class='ocrx_word' id='word_1_350' title='bbox 808 3905 903 3960; x_wconf 90' lang='lat' dir='ltr'><strong>Duisb.</strong></span> <span class='ocrx_word' id='word_1_351' title='bbox 921 3910 981 3957; x_wconf 84' lang='lat' dir='ltr'><strong>Iam</strong></span> <span class='ocrx_word' id='word_1_352' title='bbox 994 3906 1100 3976; x_wconf 84' lang='lat' dir='ltr'><strong>soteris</strong></span> <span class='ocrx_word' id='word_1_353' title='bbox 1124 3925 1213 3976; x_wconf 86' lang='lat' dir='ltr'><strong>ergo.</strong></span> <span class='ocrx_word' id='word_1_354' title='bbox 1252 3905 1387 3963; x_wconf 87' lang='lat' dir='ltr'><strong>Omissum</strong></span> 
     </span>
     <span class='ocr_line' id='line_1_38' title="bbox 336 3989 1388 4064; baseline -0.002 -17"><span class='ocrx_word' id='word_1_355' title='bbox 336 4002 419 4047; x_wconf 76' lang='lat' dir='ltr'><strong>estre</strong></span> <span class='ocrx_word' id='word_1_356' title='bbox 438 3991 466 4043; x_wconf 90' lang='lat' dir='ltr'><strong>in</strong></span> <span class='ocrx_word' id='word_1_357' title='bbox 485 3989 536 4043; x_wconf 83' lang='lat' dir='ltr'><strong>Ox.</strong></span> <span class='ocrx_word' id='word_1_358' title='bbox 551 4007 582 4053; x_wconf 79' lang='grc' dir='ltr'><strong>ψ.</strong></span> <span class='ocrx_word' id='word_1_359' title='bbox 601 3991 718 4047; x_wconf 81' lang='lat' dir='ltr'><strong>Drsd.‹l.</strong></span> <span class='ocrx_word' id='word_1_360' title='bbox 738 4004 765 4046; x_wconf 87' lang='lat' dir='ltr'><strong>et</strong></span> <span class='ocrx_word' id='word_1_361' title='bbox 782 3992 854 4046; x_wconf 90' lang='lat' dir='ltr'><strong>Gud.</strong></span> <span class='ocrx_word' id='word_1_362' title='bbox 872 3994 903 4047; x_wconf 90' lang='grc' dir='ltr'><strong>Β.</strong></span> <span class='ocrx_word' id='word_1_363' title='bbox 940 3993 1049 4064; x_wconf 85' lang='lat' dir='ltr'><strong>Legitur</strong></span> <span class='ocrx_word' id='word_1_364' title='bbox 1068 4004 1101 4044; x_wconf 86' lang='lat' dir='ltr'><strong>te</strong></span> <span class='ocrx_word' id='word_1_365' title='bbox 1119 4011 1172 4044; x_wconf 89' lang='lat' dir='ltr'><strong>non</strong></span> <span class='ocrx_word' id='word_1_366' title='bbox 1189 4011 1261 4043; x_wconf 86' lang='lat' dir='ltr'><strong>esse</strong></span> <span class='ocrx_word' id='word_1_367' title='bbox 1280 3993 1388 4045; x_wconf 81' lang='lat' dir='ltr'><strong>divitem</strong></span> 
     </span>
     <span class='ocr_line' id='line_1_39' title="bbox 335 4077 1387 4145; baseline -0.005 -10"><span class='ocrx_word' id='word_1_368' title='bbox 335 4083 365 4135; x_wconf 93' lang='lat' dir='ltr'><strong>in</strong></span> <span class='ocrx_word' id='word_1_369' title='bbox 385 4079 470 4133; x_wconf 88' lang='lat' dir='ltr'><strong>Codd.</strong></span> <span class='ocrx_word' id='word_1_370' title='bbox 489 4077 561 4132; x_wconf 91' lang='lat' dir='ltr'><strong>Gud.</strong></span> <span class='ocrx_word' id='word_1_371' title='bbox 579 4077 613 4130; x_wconf 88' lang='lat' dir='ltr'><strong>A.</strong></span> <span class='ocrx_word' id='word_1_372' title='bbox 633 4077 755 4145; x_wconf 82' lang='lat' dir='ltr'><strong>Suerin.;</strong></span> <span class='ocrx_word' id='word_1_373' title='bbox 780 4091 813 4132; x_wconf 85' lang='lat' dir='ltr'><strong>te</strong></span> <span class='ocrx_word' id='word_1_374' title='bbox 832 4081 977 4133; x_wconf 81' lang='lat' dir='ltr'><strong>divitem</strong></span> <span class='ocrx_word' id='word_1_375' title='bbox 1001 4100 1053 4132; x_wconf 88' lang='lat' dir='ltr'><strong>non</strong></span> <span class='ocrx_word' id='word_1_376' title='bbox 1079 4079 1180 4130; x_wconf 83' lang='lat' dir='ltr'><strong>esseio</strong></span> <span class='ocrx_word' id='word_1_377' title='bbox 1201 4078 1266 4130; x_wconf 90' lang='lat' dir='ltr'><strong>Cod.</strong></span> <span class='ocrx_word' id='word_1_378' title='bbox 1285 4079 1343 4131; x_wconf 80' lang='lat' dir='ltr'><strong>Cre.</strong></span> <span class='ocrx_word' id='word_1_379' title='bbox 1364 4082 1387 4130; x_wconf 87' lang='lat'><strong>1.</strong></span> 
     </span>
     <span class='ocr_line' id='line_1_40' title="bbox 335 4163 1386 4234; baseline -0.007 -11"><span class='ocrx_word' id='word_1_380' title='bbox 335 4171 407 4223; x_wconf 89' lang='lat' dir='ltr'><strong>Tum</strong></span> <span class='ocrx_word' id='word_1_381' title='bbox 425 4168 505 4222; x_wconf 84' lang='lat' dir='ltr'><strong>Drsd.</strong></span> <span class='ocrx_word' id='word_1_382' title='bbox 523 4172 549 4221; x_wconf 77' lang='lat'><strong>4.</strong></span> <span class='ocrx_word' id='word_1_383' title='bbox 567 4166 612 4218; x_wconf 84' lang='lat' dir='ltr'><strong>eui</strong></span> <span class='ocrx_word' id='word_1_384' title='bbox 629 4167 748 4221; x_wconf 82' lang='lat' dir='ltr'><strong>tontis</strong></span> <span class='ocrx_word' id='word_1_385' title='bbox 767 4167 853 4226; x_wconf 60' lang='lat' dir='ltr'><strong>desim</strong></span> <span class='ocrx_word' id='word_1_386' title='bbox 878 4165 935 4220; x_wconf 82' lang='lat' dir='ltr'><strong>Cro.</strong></span> <span class='ocrx_word' id='word_1_387' title='bbox 943 4170 969 4221; x_wconf 90' lang='lat'><strong>1.</strong></span> <span class='ocrx_word' id='word_1_388' title='bbox 987 4172 1012 4220; x_wconf 81' lang='lat'><strong>2.</strong></span> <span class='ocrx_word' id='word_1_389' title='bbox 1032 4185 1123 4219; x_wconf 87' lang='lat' dir='ltr'><strong>rursus</strong></span> <span class='ocrx_word' id='word_1_390' title='bbox 1141 4164 1222 4217; x_wconf 83' lang='lat' dir='ltr'><strong>habet</strong></span> <span class='ocrx_word' id='word_1_391' title='bbox 1239 4170 1293 4228; x_wconf 68' lang='lat' dir='ltr'><strong>ten,</strong></span> <span class='ocrx_word' id='word_1_392' title='bbox 1314 4163 1386 4234; x_wconf 91' lang='lat' dir='ltr'><strong>quod</strong></span> 
     </span>
     <span class='ocr_line' id='line_1_41' title="bbox 336 4250 1386 4329; baseline -0.008 -18"><span class='ocrx_word' id='word_1_393' title='bbox 336 4276 501 4329; x_wconf 80' lang='lat' dir='ltr'><strong>quamquam</strong></span> <span class='ocrx_word' id='word_1_394' title='bbox 523 4255 682 4327; x_wconf 90' lang='lat' dir='ltr'><strong>plerumque</strong></span> <span class='ocrx_word' id='word_1_395' title='bbox 700 4254 831 4326; x_wconf 80' lang='lat' dir='ltr'><strong>significet</strong></span> <span class='ocrx_word' id='word_1_396' title='bbox 849 4266 955 4319; x_wconf 77' lang='lat' dir='ltr'><strong>tanton,</strong></span> <span class='ocrx_word' id='word_1_397' title='bbox 979 4254 1061 4307; x_wconf 93' lang='lat' dir='ltr'><strong>nibilo</strong></span> <span class='ocrx_word' id='word_1_398' title='bbox 1081 4254 1168 4306; x_wconf 89' lang='lat' dir='ltr'><strong>minus</strong></span> <span class='ocrx_word' id='word_1_399' title='bbox 1186 4250 1329 4322; x_wconf 88' lang='lat' dir='ltr'><strong>legendum</strong></span> <span class='ocrx_word' id='word_1_400' title='bbox 1350 4252 1386 4304; x_wconf 85' lang='lat' dir='ltr'><strong>vi-</strong></span> 
     </span>
     <span class='ocr_line' id='line_1_42' title="bbox 336 4339 1387 4412; baseline -0.006 -12"><span class='ocrx_word' id='word_1_401' title='bbox 336 4347 415 4400; x_wconf 87' lang='lat' dir='ltr'><strong>detur</strong></span> <span class='ocrx_word' id='word_1_402' title='bbox 433 4355 550 4398; x_wconf 83' lang='lat' dir='ltr'><strong>tontum.</strong></span> <span class='ocrx_word' id='word_1_403' title='bbox 595 4342 653 4397; x_wconf 81' lang='lat' dir='ltr'><strong>Cre.</strong></span> <span class='ocrx_word' id='word_1_404' title='bbox 673 4350 697 4398; x_wconf 87' lang='lat' dir='ltr'><strong>l.</strong></span> <span class='ocrx_word' id='word_1_405' title='bbox 716 4355 741 4396; x_wconf 91' lang='lat' dir='ltr'><strong>et</strong></span> <span class='ocrx_word' id='word_1_406' title='bbox 764 4342 815 4396; x_wconf 77' lang='lat' dir='ltr'><strong>Os.</strong></span> <span class='ocrx_word' id='word_1_407' title='bbox 833 4343 863 4397; x_wconf 86' lang='lat' dir='ltr'><strong>E.</strong></span> <span class='ocrx_word' id='word_1_408' title='bbox 883 4353 915 4394; x_wconf 86' lang='lat' dir='ltr'><strong>ut</strong></span> <span class='ocrx_word' id='word_1_409' title='bbox 933 4360 994 4395; x_wconf 90' lang='lat' dir='ltr'><strong>non</strong></span> <span class='ocrx_word' id='word_1_410' title='bbox 1011 4342 1136 4412; x_wconf 83' lang='lat' dir='ltr'><strong>expleas:</strong></span> <span class='ocrx_word' id='word_1_411' title='bbox 1162 4339 1235 4412; x_wconf 90' lang='lat' dir='ltr'><strong>quod</strong></span> <span class='ocrx_word' id='word_1_412' title='bbox 1260 4348 1298 4392; x_wconf 89' lang='lat' dir='ltr'><strong>est</strong></span> <span class='ocrx_word' id='word_1_413' title='bbox 1325 4359 1387 4395; x_wconf 87' lang='lat' dir='ltr'><strong>cor-</strong></span> 
     </span>
    </p>
   </div>
   <div class='ocr_carea' id='block_1_3' title="bbox 335 4427 1385 4503">
    <p class='ocr_par' dir='ltr' id='par_1_6' title="bbox 335 4427 1385 4503">
     <span class='ocr_line' id='line_1_43' title="bbox 335 4427 1385 4503; baseline -0.006 -19"><span class='ocrx_word' id='word_1_414' title='bbox 335 4432 447 4487; x_wconf 82' lang='lat' dir='ltr'><strong>rectoris</strong></span> <span class='ocrx_word' id='word_1_415' title='bbox 465 4449 561 4503; x_wconf 80' lang='lat' dir='ltr'><strong>parum</strong></span> <span class='ocrx_word' id='word_1_416' title='bbox 590 4429 673 4484; x_wconf 76' lang='lat' dir='ltr'><strong>latini·</strong></span> <span class='ocrx_word' id='word_1_417' title='bbox 711 4429 764 4483; x_wconf 88' lang='lat' dir='ltr'><strong>Sed</strong></span> <span class='ocrx_word' id='word_1_418' title='bbox 792 4429 874 4484; x_wconf 80' lang='lat' dir='ltr'><strong>altera</strong></span> <span class='ocrx_word' id='word_1_419' title='bbox 901 4447 996 4483; x_wconf 86' lang='lat' dir='ltr'><strong>manus</strong></span> <span class='ocrx_word' id='word_1_420' title='bbox 1019 4428 1047 4482; x_wconf 88' lang='lat' dir='ltr'><strong>in</strong></span> <span class='ocrx_word' id='word_1_421' title='bbox 1076 4427 1135 4482; x_wconf 78' lang='lat' dir='ltr'><strong>Cre.</strong></span> <span class='ocrx_word' id='word_1_422' title='bbox 1152 4432 1179 4482; x_wconf 87' lang='lat' dir='ltr'><strong>l.</strong></span> <span class='ocrx_word' id='word_1_423' title='bbox 1207 4447 1259 4479; x_wconf 87' lang='lat' dir='ltr'><strong>non</strong></span> <span class='ocrx_word' id='word_1_424' title='bbox 1284 4428 1385 4482; x_wconf 78' lang='lat' dir='ltr'><strong>delevit.</strong></span> 
     </span>
    </p>
   </div>
   <div class='ocr_carea' id='block_1_4' title="bbox 0 0 1730 5342">
    <p class='ocr_par' dir='ltr' id='par_1_7' title="bbox 0 0 1730 5342">
     <span class='ocr_line' id='line_1_44' title="bbox 0 0 1730 5342; baseline 0 0"><span class='ocrx_word' id='word_1_425' title='bbox 0 0 1730 5342; x_wconf 95' lang='lat' dir='ltr'><strong> </strong></span> 
     </span>
    </p>
   </div>
  </div>
 </body>
</html>
