3450 5342
592 704 787 752 0111100000
805 705 848 752 tv.
876 705 947 753 010.
961 707 1038 755 nn.
1271 685 1343 760 189

291 863 371 916 Drsd.
391 867 416 916 1.
437 867 462 918 3.
483 862 548 918 Eud.
569 866 637 918 Ven.
655 863 926 918 1411215141111111.
947 884 969 926 s¹
981 863 1033 918 let
1046 883 1068 917 a.
1086 865 1149 920 Par.
1168 868 1247 919 15111.
1265 870 1345 921 1512.

290 955 371 1004 tuta.
400 952 467 1005 Dav.
495 950 595 1007 Sturm.
622 952 887 1023 Atd.1548.Lugd.
913 953 981 1006 Roh.
1007 952 1099 1024 Steph.
1124 952 1213 1005 llerw.
1240 951 1345 1007 Camer.

290 1037 368 1090 Boul.
389 1037 459 1090 Aud.
478 1039 536 1092 Tal.
553 1039 646 1107 Quare
665 1040 703 1093 sic
726 1058 789 1092 cum
808 1038 859 1093 Or.
881 1039 1019 1093 edidimus.
1062 1040 1092 1092 ln
1118 1042 1177 1094 Cra.
1196 1043 1221 1094 1.
1249 1041 1346 1112 legitur

289 1136 380 1193 potest
404 1147 460 1179 esse
485 1129 571 1181 hostis
591 1139 618 1179 et
642 1128 726 1187 eivis5
756 1126 836 1180 Drsd.
857 1131 882 1179 2.
909 1128 995 1181 hostis
1018 1139 1109 1198 potest
1137 1147 1193 1180 esse
1217 1137 1244 1178 et
1271 1127 1345 1193 rivis,

291 1212 371 1265 Drsd.
388 1218 414 1269 4.
433 1218 459 1268 5.
479 1214 550 1268 Gud.
573 1216 605 1270 A.
625 1214 731 1268 Suerin.
748 1216 835 1267 hostis
852 1225 881 1266 et
900 1215 967 1268 civis
985 1235 1041 1269 esse
1056 1226 1164 1286 potest:
1182 1226 1208 1269 et
1224 1214 1263 1269 sic
1276 1213 1348 1270 Edd.

291 1300 384 1355 Lamb.
401 1303 495 1355 Colon.
513 1301 576 1357 Car.
594 1302 686 1375 Steph.
703 1303 736 1355 H.
755 1303 842 1356 Wolf.
861 1303 923 1358 Ald.
944 1308 1030 1368 1552;
1054 1304 1140 1355 hostis
1157 1313 1184 1354 et
1204 1303 1271 1356 01010
1288 1320 1345 1359 erse

288 1389 429 1455 puteris
448 1390 507 1442 Ald.
519 1395 598 1445 1511.
617 1404 643 1445 01
661 1390 733 1445 Crat.
755 1393 818 1459 [000
833 1411 904 1456 vero,
921 1403 949 1445 ut
967 1392 1004 1445 ait
1023 1391 1083 1457 On,
1102 1390 1174 1445 Crat.
1194 1411 1256 1445 cum
1270 1391 1344 1444 Man.

291 1473 370 1529 habet
387 1478 473 1530 hostis
490 1499 567 1531 esse
584 1490 611 1531 et
630 1481 696 1531 civis
714 1498 769 1531 esse
787 1479 952 1548 puteris].
996 1477 1069 1535 Crat.
1097 1489 1186 1531 autem
1212 1478 1240 1531 in
1258 1497 1343 1550 marg.

288 1575 379 1632 potes,
399 1566 472 1638 quod
491 1566 570 1620 habet
589 1567 665 1638 sylb.
680 1567 709 1620 in
729 1567 866 1621 contextis.
903 1568 973 1620 Cum
991 1566 1102 1629 Geruli„
1121 1566 1168 1638 qui
1185 1565 1345 1620 habetidem

290 1670 346 1703 esse
364 1653 449 1705 hostis
467 1664 495 1705 et
513 1655 579 1706 civis
595 1665 698 1724 potest,
720 1655 824 1708 iaciunt
841 1653 909 1708 Edd.
928 1655 1040 1708 Lambb.
1058 1654 1139 1708 Goth.
1159 1654 1236 1710 Grut.
1256 1655 1342 1709 Gron.

290 1737 386 1790 Graes.
408 1741 490 1793 Verb.
510 1753 536 1794 et
553 1761 644 1814 seqq.;
664 1740 732 1796 Cod.
747 1743 817 1796 Gud.
829 1742 859 1795 B.
874 1726 965 1796 ¹hostis
981 1753 1009 1794 et
1029 1743 1094 1796 civis
1113 1762 1169 1796 esse
1185 1755 1344 1812 putetur.

290 1827 416 1898 Denique
434 1829 494 1881 Par.
514 1849 535 1881 s.
554 1849 578 1882 a.
595 1831 681 1882 hostis
701 1849 757 1886 esse
775 1831 841 1881 civis
856 1841 957 1899 potest.
995 1830 1045 1884 01.
1063 1848 1093 1892 ψ.
1112 1831 1209 1884 omittit
1225 1841 1324 1901 potest.

362 1917 410 1967 An
429 1926 459 1967 tu
475 1917 557 1968 civem
575 1915 610 1968 ab
628 1918 705 1969 hoste
723 1928 826 1970 notura
845 1918 979 1986 001000,]
1009 1921 1073 1984 „Ac
1099 1938 1154 1971 non
1174 1920 1257 1973 estin
1275 1920 1344 1973 duo-

290 2004 349 2059 bus.
385 2006 447 2068 An,
474 2015 590 2076 septem,
615 2016 657 2069 et,
683 2006 764 2058 duo.“
800 2005 875 2058 Atd.
901 2005 988 2059 Man.
1036 2007 1091 2059 Pro
1121 2025 1154 2057 oc
1180 2005 1279 2061 liabent
1306 2025 1344 2059 on

291 2091 355 2145 On.
372 2092 391 2146 l.
409 2092 441 2145 N.
460 2113 486 2161 η.
505 2095 563 2146 Cra.
583 2099 607 2147 2.
625 2092 706 2146 Drsd.
725 2098 750 2145 2.
769 2096 793 2147 3.
811 2098 838 2146 4.
856 2097 889 2158 5;
907 2093 936 2146 10
956 2093 1051 2147 Duisb.
1071 2104 1109 2147 est
1126 2094 1175 2146 At
1195 2104 1226 2145 tu
1246 2095 1343 2158 civem3

290 2180 362 2233 Gud.
378 2183 410 2234 A.
429 2180 527 2234 omittit
544 2192 586 2233 tu.
621 2181 728 2235 Suerin.
747 2181 844 2236 omittit
862 2200 904 2234 00.
940 2179 1052 2234 GudA.
1070 2180 1150 2234 habet
1167 2199 1208 2232 00
1226 2182 1345 2234 locoan

289 2268 424 2322 animis.
462 2271 519 2321 Cri.
538 2271 564 2321 1.
589 2289 680 2323 vocem
700 2280 818 2333 natura,
844 2269 872 2321 in
893 2269 1020 2323 contestis
1038 2271 1176 2336 omissam,
1202 2270 1230 2322 in
1257 2288 1341 2342 marg.

289 2354 405 2409 additam
425 2356 505 2409 habet
523 2357 556 2409 ab
576 2357 626 2410 alia
645 2376 736 2411 manu.
771 2357 845 2409 Idem
874 2357 961 2427 pergit
980 2356 1034 2410 vel
1052 2360 1148 2414 animo.
1185 2357 1235 2410 Th.
1255 2357 1342 2410 Bentl.

290 2443 404 2496 coniecit
415 2445 524 2495 natione
543 2464 593 2515 pro
611 2456 722 2500 natura.
760 2447 843 2497 Vetus
853 2442 943 2497 Caroli
963 2443 1090 2516 Stephani
1109 2464 1152 2497 nn
1169 2447 1265 2498 animo.
1284 2446 1343 2498 llllr.

361 2551 414 2583 non
439 2533 526 2583 animo
539 2533 682 2603 fortisque
708 2532 854 2602 distinguis
862 2531 888 2599 ?]
935 2516 998 2595 „An
1018 2533 1119 2597 animo,
1146 2538 1239 2586 unus.“
1269 2532 1342 2587 Ald.

287 2619 376 2672 Man.
396 2649 430 2658 —
474 2618 542 2671 Cod.
561 2617 620 2672 Crz.
639 2623 666 2670 2.
690 2635 743 2669 000
761 2619 891 2669 animis
911 2619 1064 2691 factisque.
1083 2648 1118 2657 -
1161 2621 1342 2682 „Naturoet

287 2707 361 2768 Ioco,
379 2716 417 2757 est
434 2703 520 2776 figura
539 2706 565 2756 i'r
583 2698 629 2757 dni
647 2708 737 2772 doctr,
756 2724 807 2776 pro
825 2706 883 2757 1000
901 2716 1019 2758 naturae
1039 2707 1056 2758 i.
1074 2727 1096 2759 e.
1118 2707 1253 2774 nascendi,
1271 2707 1341 2774 loco,

287 2813 344 2865 quo
373 2794 433 2864 quis
459 2805 537 2847 natus
571 2804 617 2847 est.
671 2791 718 2846 Sic
747 2802 850 2843 natura
878 2792 978 2846 dicitur
1009 2791 1112 2847 rariore
1137 2813 1199 2860 usu,
1234 2813 1285 2847 nec
1314 2794 1342 2846 in

287 2881 376 2935 lexicis
392 2893 537 2947 annotato,
556 2901 607 2953 pro
625 2900 673 2947 eo,
701 2879 775 2952 quod
798 2880 959 2950 posteriores
984 2880 1106 2935 dixerunt
1132 2881 1267 2946 nativitas,
1295 2880 1342 2934 Ci-

288 2987 350 3021 cero
369 2967 431 3021 alibi
450 2979 476 3022 01
493 2970 551 3023 aliis
570 2970 674 3041 scriptis
693 2968 794 3022 vocavit
806 2971 926 3021 ortum.“
943 2969 1122 3042 VVyttenb.
1157 2969 1250 3040 Borg.,
1269 2980 1342 3041 post-

289 3073 370 3128 quam
388 3057 479 3111 reiecit
497 3056 608 3111 Bentleii
628 3058 811 3112 coniecturam
830 3058 975 3109 natione
992 3077 1026 3109 oc
1043 3054 1108 3120 1000,
1127 3057 1205 3129 plane
1216 3069 1245 3110 ut
1255 3057 1341 3128 vvyn.

287 3144 399 3214 explicat
416 3155 559 3212 naturam,
586 3146 729 3218 laudatque
746 3145 815 3200 Phil.
834 3145 905 3211 Vlll,
924 3150 957 3200 41
981 3147 1030 3198 Sin
1048 3165 1107 3210 eos,
1135 3148 1184 3216 qui
1207 3155 1340 3199 natura

287 3235 358 3285 cives
381 3244 462 3300 sunt,
489 3235 678 3286 voluntate
704 3235 810 3298 hostes,
835 3235 926 3287 salvos
950 3235 1034 3293 00110,-
1068 3234 1096 3286 in
1124 3234 1202 3286 Verr.
1227 3234 1286 3287 Act.
1305 3231 1338 3286 ll.

286 3322 316 3373 L.
337 3322 370 3386 V,
387 3324 432 3387 11,
450 3324 516 3375 182:
536 3323 616 3392 quasi
633 3331 769 3373 natura
794 3333 821 3372 et
838 3341 966 3392 genere
985 3321 1113 3373 disiuncti
1131 3322 1202 3387 sint,
1220 3324 1262 3373 ita
1281 3322 1339 3373 dis-

286 3412 375 3462 st'dent
396 3429 414 3460 a
432 3409 506 3461 nobis
525 3411 638 3461 animo
655 3419 688 3460 et
707 3409 907 3460 voluntate.
934 3408 993 3460 Mr.

360 3497 471 3548 Caedem
488 3496 517 3548 in
531 3497 597 3567 soro
611 3494 734 3566 fecisti:]
772 3492 860 3559 „Cum
882 3494 1003 3547 Clodiani
1023 3494 1117 3546 armati
1135 3494 1203 3547 Vlll.
1230 3494 1340 3547 Calend.

285 3583 367 3637 Febr.
385 3584 421 3650 [a.
439 3582 472 3635 U.
491 3602 514 3637 0.
533 3584 607 3651 tun]
627 3582 734 3648 forum,
755 3580 874 3646 curiam,
894 3580 1033 3635 comitium
1053 3588 1266 3651 occupaverunt,
1285 3588 1340 3630 tam
1431 3598 1432 3602 ¹

286 3672 386 3726 multos
404 3671 483 3724 fuisse
502 3671 535 3724 ab
554 3670 595 3724 liis
612 3672 713 3725 occisos
732 3670 828 3724 Cicero
847 3669 911 3723 dixit
930 3689 980 3741 pro
999 3669 1030 3722 P.
1048 3666 1149 3733 Sestio,
1169 3679 1198 3720 ut
1217 3665 1341 3737 corpori-

287 3763 336 3814 bus
354 3759 451 3814 civium
470 3759 576 3813 Tiberis
594 3759 711 3830 repletus
729 3770 756 3813 et
765 3757 871 3813 cloacae
889 3759 1003 3812 refertae
1015 3757 1141 3811 suerint.“
1159 3756 1182 3808 F
1189 3775 1232 3810 rc.
1251 3754 1270 3807 S
1277 3754 1339 3826 ylv.

359 3849 469 3899 Caedem
486 3849 516 3899 in
527 3849 595 3919 foro
612 3849 674 3916 etc]
711 3847 851 3916 „Clodius,
871 3859 901 3900 ut
920 3848 1004 3901 estin
1023 3844 1153 3900 Oratione
1173 3864 1223 3915 pro
1242 3841 1339 3909 Sestio,

286 3937 376 3990 lorum
394 3935 503 3989 armatis
520 3935 675 3989 hominibus
692 3936 848 4008 occupavit,
875 3935 1006 4006 multique
1032 3934 1112 3989 occisi
1136 3935 1216 3986 sunt“
1242 3931 1339 3985 Face.

287 4025 350 4095 [pro
365 4021 433 4076 Sext.
454 4042 476 4078 c.
496 4025 553 4091 35.]
590 4022 649 4076 Mr.

358 4115 473 4166 armatis
491 4112 643 4165 latronibus
661 4114 761 4183 templa
781 4113 908 4181 tenuisti]
946 4112 1110 4183 „Templum
1126 4109 1242 4164 Castoris
1259 4106 1339 4160 intel·

284 4199 359 4270 11611,
377 4201 448 4271 quod
468 4203 576 4254 armatis
595 4199 748 4253 hominibus
774 4212 801 4254 et
826 4202 907 4255 servis
925 4199 1035 4253 Clodius
1060 4197 1215 4269 occupavit,
1241 4214 1274 4248 ne
1300 4194 1339 4246 lex

283 4288 403 4341 ferretur
420 4287 453 4340 de
471 4286 610 4342 Ciceronis
629 4288 725 4342 reditu.
762 4289 790 4340 ld
809 4301 899 4342 autem
918 4287 1035 4342 Castoris
1055 4284 1184 4355 templum
1204 4301 1254 4352 pro
1279 4282 1339 4336 1000

283 4374 418 4442 iudiciali,
447 4387 476 4429 ut
506 4387 599 4430 contra
625 4377 716 4429 lorum
745 4394 796 4446 pro
822 4395 855 4428 eo
883 4373 984 4444 templo
1009 4391 1087 4443 saepe
1114 4370 1238 4424 dicitur.“
1264 4370 1338 4425 Frc.

284 4461 379 4533 Sylv.
415 4463 578 4534 „Templum
596 4463 694 4517 dicitur
713 4463 801 4516 omnis
818 4463 894 4517 locus
910 4459 1033 4532 publicus
1051 4475 1077 4517 et
1095 4463 1127 4517 ad
1146 4476 1248 4518 certum
1261 4486 1337 4519 usum
