3450 5342
279 724 281 728 -
390 668 463 741 150
720 687 894 736 rumonus
921 685 1116 734 srorconuu.

389 872 451 908 cum
470 850 549 905 Drsd.
567 853 609 914 5.;
628 846 694 901 On.
710 845 741 899 E.
761 845 781 898 I.
806 844 905 900 babent
924 864 985 900 cum
1004 844 1084 898 Drsd.
1100 849 1126 898 4.
1152 843 1332 897 multitudine
1361 862 1440 916 ergo

386 948 556 1012 peccatorum
573 944 706 1006 praestat.
742 933 795 986 Sed
814 953 864 1005 pro
881 943 1007 1003 praestat
1021 931 1122 987 babent
1134 944 1265 1003 peccatur
1279 944 1345 987 octo
1359 932 1441 986 codd.

389 1027 466 1090 Aidi3
488 1034 597 1095 peccat,
622 1041 709 1087 unus;
729 1023 868 1092 peccavit,
885 1040 962 1095 rinus.
1003 1024 1139 1074 Psecatur
1161 1032 1200 1074 est
1224 1021 1305 1075 etiam
1325 1021 1356 1073 in
1376 1018 1439 1074 Cod.

389 1113 496 1168 Suerin.
514 1123 541 1166 et
558 1111 623 1166 On.
641 1132 667 1180 η.
686 1130 711 1164 o.
729 1127 759 1172 ψ.
777 1109 858 1163 Drsd.
877 1113 902 1162 2.
939 1107 985 1161 Sic
1003 1107 1082 1162 etiam
1100 1107 1151 1160 Tb.
1170 1107 1282 1176 Bentlej.
1300 1119 1328 1162 et
1348 1107 1439 1160 deinde

389 1204 530 1275 dignum
547 1208 599 1254 est.
634 1198 665 1252 Ιιι
684 1197 764 1252 Drsd.
784 1202 809 1250 2.
838 1197 1001 1251 omittuntur
1018 1197 1098 1250 verba
1121 1196 1149 1248 in
1164 1197 1256 1266 patris
1273 1225 1309 1236 —
1327 1214 1439 1265 peccon-

389 1302 464 1350 tur.,·
481 1297 576 1359 peccet
594 1286 623 1339 in
642 1286 722 1341 Drsd.
741 1289 767 1340 1.
788 1297 814 1339 et
832 1289 858 1340 3.
907 1286 985 1340 Unus
1002 1284 1065 1339 Atti
1093 1302 1248 1356 proeoque
1270 1283 1352 1336 babet
1370 1302 1438 1354 ergo,

390 1377 468 1431 Suer.
488 1393 601 1447 ecquem
626 1385 684 1428 tum
703 1373 782 1426 Drsd.
801 1377 827 1426 4.
848 1375 944 1426 maiori
957 1391 1063 1442 poeno,·
1088 1370 1160 1424 Gud.
1179 1372 1213 1423 Α.
1230 1389 1314 1442 eoque
1334 1371 1437 1442 dignius

389 1475 431 1520 est
448 1463 547 1517 maiore
564 1464 630 1529 (om.
645 1464 750 1532 poena).
787 1459 837 1516 Ox.
856 1483 882 1532 η.
901 1463 999 1515 omittit
1015 1471 1066 1517 cst.
1108 1457 1158 1512 Ox.
1177 1476 1206 1520 ψ.
1231 1457 1323 1529 pergit
1351 1459 1437 1528 cipro

390 1552 450 1612 sed,·
478 1549 558 1604 Drsd.
575 1553 604 1603 4.
627 1566 696 1621 quoe
719 1568 783 1600 uon
800 1550 895 1620 cuique
914 1566 1000 1620 quae
1023 1557 1143 1617 peccato.
1189 1545 1271 1600 Drsd.
1290 1548 1318 1599 5.
1348 1542 1438 1597 omittit

388 1649 515 1709 peccam
534 1636 647 1691 euos.
664 1635 743 1690 babet
754 1636 790 1687 sit
800 1654 888 1705 poena
895 1656 905 1697 ,·
926 1635 1005 1689 Drsd.
1016 1640 1043 1689 4.
1057 1635 1155 1689 omittit
1167 1643 1289 1703 spectare
1295 1652 1306 1692 ,-
1327 1631 1406 1684 Drsd.
1415 1634 1436 1684 5.

333 1772 349 1793 ,
390 1727 471 1782 babet
487 1736 650 1797 exspectare.
668 1723 729 1776 Mr.
766 1728 926 1787 „Praestot,
946 1724 963 1776 i.
982 1743 1005 1777 e.
1024 1721 1250 1795 praeponderat.“
1270 1718 1293 1771 F
1300 1717 1436 1788 rnSyls.

460 1817 495 1865 Iu
509 1814 600 1882 patris
618 1812 677 1864 vite
694 1810 833 1876 violando]
872 1809 981 1878 „Dictio
1000 1810 1128 1863 violanda
1146 1810 1236 1863 abesse
1255 1816 1364 1880 poteret
1378 1825 1435 1859 sen·

391 1903 472 1956 tentia
491 1901 575 1966 solva,
592 1911 619 1954 et
636 1900 740 1970 ingrato
758 1897 818 1951 heic
836 1909 874 1951 est
890 1899 1015 1963 auribus,
1040 1917 1104 1951 cum
1122 1898 1208 1951 statim
1227 1896 1328 1949 iterum
1347 1912 1437 1966 sequa-

391 1991 460 2040 tur.“
478 1987 620 2041 Gruter.
668 1984 810 2038 Neminem
829 1983 961 2039 Gruterus
990 1986 1181 2057 obsequentem
1204 1993 1298 2038 nactus
1317 1993 1364 2036 est.
1407 1981 1437 2032 Et

390 2073 494 2128 merito.
530 2074 588 2127 Mr.

462 2164 509 2234 qui
526 2163 645 2215 erudivit
665 2190 697 2201 -
717 2161 852 2234 -dignus
877 2163 938 2229 est]
976 2162 1017 2214 Ad
1044 2162 1121 2215 verba
1147 2160 1253 2214 confert
1278 2159 1361 2230 Borg.
1385 2158 1437 2211 Cic.

391 2250 424 2303 de
442 2249 497 2303 lov.
515 2249 535 2316 Ι,
554 2254 604 2305 54:
623 2251 699 2318 opud
715 2269 779 2321 quos
798 2251 930 2302 educatus
948 2252 1000 2315 sit,
1019 2269 1036 2301 a
1055 2248 1152 2322 quibus
1171 2248 1315 2309 eruditus5
1340 2247 1373 2299 de
1389 2245 1437 2299 Or.

391 2339 423 2403 ΙΙ,
442 2339 488 2391 28:
518 2357 594 2409 quem
613 2338 763 2407 procrearit
788 2349 815 2390 ct
840 2339 977 2405 eduxerit;
1004 2339 1036 2391 od
1063 2338 1167 2391 Famm.
1186 2335 1232 2403 Vi,
1251 2340 1284 2390 5:
1312 2337 1355 2388 ito
1372 2335 1436 2386 euim

391 2435 490 2490 notus,
508 2425 550 2476 ito
567 2426 715 2478 eductus
733 2445 761 2479 es
779 2426 842 2495 (Or.
861 2446 924 2480 cum
942 2427 1035 2479 Lomb.
1054 2437 1080 2479 et
1095 2428 1167 2479 Crat.
1175 2425 1333 2490 educatus).
1363 2422 1436 2475 Hom.

392 2510 491 2584 Odyss.
509 2512 540 2578 ΙΙ,
560 2517 621 2568 131.
646 2506 662 2583 ἦ
680 2511 708 2576 μ’
725 2515 833 2582 ἔπεχε,
852 2509 869 2584 ἦ
886 2512 913 2577 μ’
931 2517 1040 2586 scum.
1067 2513 1151 2583 (miro
1169 2530 1261 2565 errore
1282 2531 1334 2583 pro
1352 2506 1436 2577 ἴτεχἸι

392 2598 497 2664 111228:
516 2607 638 2667 γενέσθαι
655 2623 682 2654 τε
700 2608 829 2673 τραφὲμιν
845 2624 883 2660 τε.
920 2605 1000 2657 Sedes
1019 2615 1044 2656 et
1063 2604 1156 2655 domus
1166 2602 1319 2672 iunguntur
1330 2601 1364 2653 de
1375 2599 1435 2669 Rep.

391 2688 423 2754 ll,
441 2692 468 2746 5.
486 2690 599 2756 vt,12;
619 2692 696 2745 Verr.
716 2692 748 2758 ΙΙ,
767 2696 819 2758 653
837 2694 912 2746 sedes
930 2713 961 2747 ac
981 2693 1141 2745 domicilium
1158 2691 1195 2744 ib.
1213 2689 1246 2755 ΙΙ,
1265 2693 1299 2752 33
1326 2689 1399 2740 sedes
1415 2698 1437 2739 et

391 2779 454 2848 agri
469 2777 505 2831 ib.
518 2778 565 2845 ΙΙΙ,
577 2784 621 2834 55.
638 2809 672 2818 -
709 2781 795 2850 Wytt.
813 2781 847 2833 nd
867 2801 889 2833 r.
908 2782 1006 2852 dignus
1024 2790 1065 2832 est
1083 2778 1233 2832 annotavit:
1260 2775 1436 2843 „subaudien-

392 2862 456 2917 dum
471 2868 626 2935 parricida,
643 2868 715 2937 quod
735 2869 763 2919 in
781 2868 999 2921 antecedentibus
1017 2887 1072 2920 non
1092 2867 1199 2940 quidem
1213 2866 1309 2920 diserte
1328 2864 1435 2937 positum

393 2964 445 3017 est,
465 2954 510 3006 sed
530 2953 712 3022 intelligitur.“
730 2983 763 2991 -
800 2953 875 3006 Idem
894 2956 926 3006 sd
945 2976 966 3007 v.
984 2952 1105 3008 inrito:
1134 2955 1209 3022 „i.e.
1238 2954 1267 3007 in
1295 2952 1436 3007 actionibus

393 3039 504 3102 nostris,
521 3038 549 3090 in
568 3040 692 3092 societate
708 3052 734 3094 et
754 3041 946 3095 consuetudine
965 3062 1027 3096 cum
1046 3044 1103 3098 aliis
1120 3043 1284 3097 bominibus.
1321 3043 1368 3096 Sic
1385 3043 1435 3093 vita

393 3134 418 3177 et
436 3123 465 3175 iu
482 3126 534 3178 hoc
553 3126 686 3196 paradoxo
705 3139 730 3180 et
747 3130 775 3181 in
794 3130 889 3183 ceteris
907 3151 985 3202 saepe
1005 3132 1129 3188 dicitur.“
1165 3130 1240 3185 Idem
1259 3131 1293 3185 ad
1308 3151 1332 3185 v.
1346 3132 1434 3183 licent:

393 3211 486 3276 „Licet
506 3213 607 3286 aliquid
634 3217 743 3287 proprie
773 3218 871 3272 dicitur
897 3222 929 3273 de
958 3221 1062 3292 iegibus
1087 3220 1220 3284 civilibus,
1248 3239 1318 3291 quoe
1343 3217 1434 3290 aliquid

287 3306 289 3310 '
394 3301 559 3371 permittunt,
576 3322 627 3357 nec
645 3315 732 3358 temen
751 3306 853 3374 iubent,
874 3309 1094 3381 quandoquidem
1108 3307 1238 3362 eiusmodi
1249 3309 1321 3362 ectio
1340 3317 1435 3379 specta·

393 3399 451 3455 tur,
472 3401 500 3443 ut
519 3410 588 3462 quae
605 3393 687 3463 possit
705 3393 744 3446 rei
763 3396 894 3451 committi
914 3397 952 3450 vei
972 3399 1070 3452 omitti:
1093 3418 1155 3451 iram
1174 3409 1244 3452 extra
1265 3397 1338 3468 leges
1357 3394 1434 3449 civiles

393 3479 540 3530 secundum
559 3479 645 3551 legem
664 3482 830 3548 naturalem,
849 3485 952 3539 ratione
971 3486 1078 3557 quidem
1097 3485 1268 3553 Stoicorum,
1287 3485 1353 3540 nibil
1373 3484 1434 3546 lieet,

392 3563 409 3615 i.
427 3585 451 3618 e.
469 3567 534 3619 nibii
554 3569 620 3621 adeo
638 3569 796 3625 indifferens
814 3583 867 3638 est,
891 3584 920 3625 ut
939 3575 1019 3644 possit
1046 3586 1091 3628 aut
1115 3574 1201 3627 omitti
1230 3585 1278 3629 aut
1303 3569 1433 3633 committi,

393 3654 437 3706 sed
457 3655 495 3707 lex
513 3657 603 3709 omnia
623 3657 662 3710 vel
681 3660 755 3712 iubet
772 3659 811 3711 vel
830 3663 922 3714 vetat.“
943 3664 997 3714 ΜΓ.

463 3742 598 3812 Quicquid
615 3762 666 3795 nore
684 3755 803 3812 oportet,
820 3748 907 3798 scelus
924 3752 1000 3817 esse]
1039 3751 1141 3802 Vocem
1159 3769 1212 3801 non
1224 3750 1324 3803 omittit
1336 3746 1434 3804 Gudss.

394 3825 424 3879 l'n
442 3827 502 3882 Cro.
520 3833 545 3882 3.
573 3829 633 3882 loco
653 3831 724 3883 verbi
749 3844 852 3902 oportet
876 3836 1006 3906 scriptum
1031 3849 1070 3891 est
1094 3841 1132 3905 ὅς.
1157 3836 1230 3890 Gud.
1249 3837 1282 3891 B.
1308 3836 1386 3890 babet
1401 3851 1433 3886 us

393 3915 464 3970 licet.
507 3916 561 3968 Pro
579 3918 754 3986 praecedente
779 3920 860 3972 liceat
880 3933 917 3975 est
934 3925 1013 3977 etiam
1034 3925 1096 3977 iicet
1120 3926 1148 3977 in
1167 3924 1216 3978 Ox.
1238 3927 1258 3977 Ι.
1295 3928 1326 3978 in
1346 3924 1433 3977 Ceut.

393 4015 452 4075 post
469 4015 573 4073 oportet
593 4005 700 4059 additur
711 3998 816 4077 ¹facere.
853 4011 974 4082 Pergont
991 4013 1077 4066 scelus
1088 4025 1129 4066 est
1142 4012 1226 4066 Cndd.
1239 4012 1299 4066 Cm.
1313 4020 1339 4068 2.
1358 4013 1433 4078 Ono.

392 4093 471 4147 Drsd.
488 4097 514 4147 1.
532 4096 558 4147 3.
575 4097 602 4147 4.
644 4094 674 4147 in
700 4095 780 4150 Drsd.
799 4102 823 4152 5.
848 4110 887 4152 est
909 4101 996 4153 scelus
1020 4120 1076 4153 esse
1102 4101 1260 4158 dicemus.
1307 4100 1433 4154 Scribitur

392 4184 494 4250 nephas
512 4183 539 4236 in
558 4181 643 4236 Codd.
662 4185 720 4237 Cre.
740 4189 764 4238 1.
782 4190 807 4239 2.
829 4191 856 4243 3.
893 4189 973 4242 Drsd.
991 4193 1006 4242 t
1027 4200 1052 4242 et
1070 4192 1095 4244 3.
1132 4189 1196 4243 Duo
1217 4190 1378 4260 posteriores
1392 4186 1432 4241 ad·

393 4269 460 4322 dunt
477 4291 541 4324 esse.
584 4272 686 4326 Laudat
704 4276 789 4329 Wetz.
810 4277 842 4330 ad
862 4279 1018 4335 sententiam
1039 4277 1094 4331 cic.
1112 4277 1162 4331 Or.
1189 4297 1240 4349 pro
1260 4277 1346 4331 Balbo
1364 4279 1389 4342 3,
1406 4277 1431 4326 8:

392 4358 495 4409 Fecisse
513 4362 680 4430 Pompeium,
705 4365 777 4435 quod
801 4366 826 4415 ei
840 4367 935 4436 fucere
952 4387 1004 4418 uon
1023 4365 1196 4419 licuerit?
1231 4354 1304 4439 quod
1326 4364 1431 4438 gravius

393 4454 448 4510 est,
474 4463 555 4518 quam
573 4449 597 4499 si
614 4449 645 4500 id
655 4451 768 4519 fuctum
786 4453 821 4504 ob
844 4475 874 4506 eo
900 4455 1013 4519 diceret,
1040 4455 1112 4526 quod
1128 4474 1181 4508 uon
1209 4455 1429 4525 oportuisset.
