<?xml version="1.0" encoding="UTF-8"?>
<!DOCTYPE html PUBLIC "-//W3C//DTD XHTML 1.0 Transitional//EN"
    "http://www.w3.org/TR/xhtml1/DTD/xhtml1-transitional.dtd">
<html xmlns="http://www.w3.org/1999/xhtml" xml:lang="en" lang="en">
 <head>
  <title>
</title>
<meta http-equiv="Content-Type" content="text/html;charset=utf-8" />
  <meta name='ocr-system' content='tesseract 3.04.00' />
  <meta name='ocr-capabilities' content='ocr_page ocr_carea ocr_par ocr_line ocrx_word'/>
</head>
<body>
  <div class='ocr_page' id='page_1' title='image "./paradoxa00wyttgoog_0096.png"; bbox 0 0 3450 5342; ppageno 0'>
   <div class='ocr_carea' id='block_1_1' title="bbox 382 648 1470 771">
    <p class='ocr_par' dir='ltr' id='par_1_1' title="bbox 382 648 1470 771">
     <span class='ocr_line' id='line_1_1' title="bbox 382 648 1470 771; baseline 0 -50"><span class='ocrx_word' id='word_1_1' title='bbox 382 648 431 722; x_wconf 82' lang='lat'><strong>28</strong></span> <span class='ocrx_word' id='word_1_2' title='bbox 707 672 881 722; x_wconf 80' lang='lat' dir='ltr'><strong>ransnoxa</strong></span> <span class='ocrx_word' id='word_1_3' title='bbox 907 672 1100 721; x_wconf 76' lang='lat' dir='ltr'><strong>sroroonus.</strong></span> <span class='ocrx_word' id='word_1_4' title='bbox 1462 711 1470 771; x_wconf 88' lang='lat' dir='ltr'><strong>l</strong></span> 
     </span>
    </p>
   </div>
   <div class='ocr_carea' id='block_1_2' title="bbox 297 789 1431 1888">
    <p class='ocr_par' dir='ltr' id='par_1_2' title="bbox 297 789 1431 1888">
     <span class='ocr_line' id='line_1_2' title="bbox 297 789 1431 933; baseline -0.001 -25"><span class='ocrx_word' id='word_1_5' title='bbox 297 797 302 807; x_wconf 27' lang='lat'>²</span> <span class='ocrx_word' id='word_1_6' title='bbox 341 885 345 893; x_wconf 87' lang='lat'>·</span> <span class='ocrx_word' id='word_1_7' title='bbox 381 844 465 921; x_wconf 86' lang='lat' dir='ltr'><strong>vult,</strong></span> <span class='ocrx_word' id='word_1_8' title='bbox 491 789 572 925; x_wconf 66' lang='lat' dir='ltr'><strong>plus</strong></span> <span class='ocrx_word' id='word_1_9' title='bbox 589 841 677 924; x_wconf 90' lang='lat' dir='ltr'><strong>apud</strong></span> <span class='ocrx_word' id='word_1_10' title='bbox 702 859 756 907; x_wconf 90' lang='lat' dir='ltr'><strong>mo</strong></span> <span class='ocrx_word' id='word_1_11' title='bbox 782 837 926 933; x_wconf 89' lang='lat' dir='ltr'><strong>[tamen]</strong></span> <span class='ocrx_word' id='word_1_12' title='bbox 952 860 1032 909; x_wconf 88' lang='lat' dir='ltr'><strong>vera</strong></span> <span class='ocrx_word' id='word_1_13' title='bbox 1059 843 1144 906; x_wconf 90' lang='lat' dir='ltr'><strong>ratic</strong></span> <span class='ocrx_word' id='word_1_14' title='bbox 1167 843 1310 920; x_wconf 79' lang='lat' dir='ltr'><strong>valebit,</strong></span> <span class='ocrx_word' id='word_1_15' title='bbox 1335 858 1431 923; x_wconf 87' lang='lat' dir='ltr'><strong>quam</strong></span> 
     </span>
     <span class='ocr_line' id='line_1_3' title="bbox 381 982 1430 1065; baseline -0.001 -19"><span class='ocrx_word' id='word_1_16' title='bbox 381 985 469 1065; x_wconf 82' lang='lat' dir='ltr'><strong>vulgi</strong></span> <span class='ocrx_word' id='word_1_17' title='bbox 495 983 630 1065; x_wconf 88' lang='lat' dir='ltr'><strong>opinio:</strong></span> <span class='ocrx_word' id='word_1_18' title='bbox 659 1000 768 1065; x_wconf 86' lang='lat' dir='ltr'><strong>neque</strong></span> <span class='ocrx_word' id='word_1_19' title='bbox 796 1001 860 1064; x_wconf 88' lang='lat' dir='ltr'><strong>ego</strong></span> <span class='ocrx_word' id='word_1_20' title='bbox 887 1000 1034 1064; x_wconf 84' lang='lat' dir='ltr'><strong>unquam</strong></span> <span class='ocrx_word' id='word_1_21' title='bbox 1059 983 1149 1047; x_wconf 89' lang='lat' dir='ltr'><strong>bona</strong></span> <span class='ocrx_word' id='word_1_22' title='bbox 1171 982 1430 1064; x_wconf 84' lang='lat' dir='ltr'><strong>perdidisse-di·</strong></span> 
     </span>
     <span class='ocr_line' id='line_1_4' title="bbox 379 1123 1428 1219; baseline 0.002 -32"><span class='ocrx_word' id='word_1_23' title='bbox 379 1140 471 1203; x_wconf 91' lang='lat' dir='ltr'><strong>cam,</strong></span> <span class='ocrx_word' id='word_1_24' title='bbox 501 1125 528 1188; x_wconf 92' lang='lat' dir='ltr'><strong>si</strong></span> <span class='ocrx_word' id='word_1_25' title='bbox 565 1124 621 1206; x_wconf 84' lang='lat' dir='ltr'><strong>qui</strong></span> <span class='ocrx_word' id='word_1_26' title='bbox 651 1142 751 1207; x_wconf 89' lang='lat' dir='ltr'><strong>pecus</strong></span> <span class='ocrx_word' id='word_1_27' title='bbox 781 1127 837 1190; x_wconf 90' lang='lat' dir='ltr'><strong>aut</strong></span> <span class='ocrx_word' id='word_1_28' title='bbox 861 1123 1100 1219; x_wconf 81' lang='lat' dir='ltr'><strong>supellectilem</strong></span> <span class='ocrx_word' id='word_1_29' title='bbox 1125 1123 1292 1188; x_wconf 87' lang='lat' dir='ltr'><strong>amiserit:</strong></span> <span class='ocrx_word' id='word_1_30' title='bbox 1325 1142 1428 1207; x_wconf 84' lang='lat' dir='ltr'><strong>neque</strong></span> 
     </span>
     <span class='ocr_line' id='line_1_5' title="bbox 379 1257 1428 1359; baseline 0.004 -36"><span class='ocrx_word' id='word_1_31' title='bbox 379 1266 449 1323; x_wconf 92' lang='lat' dir='ltr'><strong>non</strong></span> <span class='ocrx_word' id='word_1_32' title='bbox 475 1276 576 1342; x_wconf 87' lang='lat' dir='ltr'><strong>saepe</strong></span> <span class='ocrx_word' id='word_1_33' title='bbox 601 1258 745 1325; x_wconf 86' lang='lat' dir='ltr'><strong>laudabo</strong></span> <span class='ocrx_word' id='word_1_34' title='bbox 770 1261 954 1342; x_wconf 81' lang='lat' dir='ltr'><strong>sapientem</strong></span> <span class='ocrx_word' id='word_1_35' title='bbox 980 1262 1083 1337; x_wconf 90' lang='lat' dir='ltr'><strong>illum,</strong></span> <span class='ocrx_word' id='word_1_36' title='bbox 1108 1257 1269 1337; x_wconf 87' lang='lat' dir='ltr'><strong>Biantem,</strong></span> <span class='ocrx_word' id='word_1_37' title='bbox 1296 1264 1333 1325; x_wconf 92' lang='lat' dir='ltr'><strong>ut</strong></span> <span class='ocrx_word' id='word_1_38' title='bbox 1360 1262 1428 1359; x_wconf 57' lang='lat' dir='ltr'><strong>opif</strong></span> 
     </span>
     <span class='ocr_line' id='line_1_6' title="bbox 381 1392 1425 1477; baseline 0.002 -19"><span class='ocrx_word' id='word_1_39' title='bbox 381 1412 461 1473; x_wconf 88' lang='lat' dir='ltr'><strong>nor,</strong></span> <span class='ocrx_word' id='word_1_40' title='bbox 491 1395 549 1476; x_wconf 89' lang='lat' dir='ltr'><strong>qui</strong></span> <span class='ocrx_word' id='word_1_41' title='bbox 574 1400 768 1460; x_wconf 90' lang='lat' dir='ltr'><strong>numeratur</strong></span> <span class='ocrx_word' id='word_1_42' title='bbox 794 1396 829 1459; x_wconf 92' lang='lat' dir='ltr'><strong>in</strong></span> <span class='ocrx_word' id='word_1_43' title='bbox 854 1397 998 1476; x_wconf 85' lang='lat' dir='ltr'><strong>septem:</strong></span> <span class='ocrx_word' id='word_1_44' title='bbox 1039 1392 1133 1477; x_wconf 90' lang='lat' dir='ltr'><strong>cujus</strong></span> <span class='ocrx_word' id='word_1_45' title='bbox 1160 1410 1263 1474; x_wconf 87' lang='lat' dir='ltr'><strong>quum</strong></span> <span class='ocrx_word' id='word_1_46' title='bbox 1291 1394 1425 1476; x_wconf 88' lang='lat' dir='ltr'><strong>patriam</strong></span> 
     </span>
     <span class='ocr_line' id='line_1_7' title="bbox 380 1526 1426 1612; baseline -0.002 -18"><span class='ocrx_word' id='word_1_47' title='bbox 380 1531 522 1595; x_wconf 84' lang='lat' dir='ltr'><strong>Prienen</strong></span> <span class='ocrx_word' id='word_1_48' title='bbox 557 1532 695 1612; x_wconf 82' lang='lat' dir='ltr'><strong>cepisset</strong></span> <span class='ocrx_word' id='word_1_49' title='bbox 732 1530 854 1609; x_wconf 87' lang='lat' dir='ltr'><strong>bostis,</strong></span> <span class='ocrx_word' id='word_1_50' title='bbox 887 1528 1055 1609; x_wconf 87' lang='lat' dir='ltr'><strong>ceterique</strong></span> <span class='ocrx_word' id='word_1_51' title='bbox 1093 1528 1140 1592; x_wconf 90' lang='lat' dir='ltr'><strong>ita</strong></span> <span class='ocrx_word' id='word_1_52' title='bbox 1182 1526 1354 1608; x_wconf 84' lang='lat' dir='ltr'><strong>fugerent,</strong></span> <span class='ocrx_word' id='word_1_53' title='bbox 1397 1534 1426 1592; x_wconf 88' lang='lat' dir='ltr'><strong>ut</strong></span> 
     </span>
     <span class='ocr_line' id='line_1_8' title="bbox 381 1664 1426 1745; baseline -0.003 -14"><span class='ocrx_word' id='word_1_54' title='bbox 381 1666 485 1731; x_wconf 86' lang='lat' dir='ltr'><strong>multa</strong></span> <span class='ocrx_word' id='word_1_55' title='bbox 509 1664 550 1729; x_wconf 88' lang='lat' dir='ltr'><strong>de</strong></span> <span class='ocrx_word' id='word_1_56' title='bbox 576 1666 643 1730; x_wconf 90' lang='lat' dir='ltr'><strong>suis</strong></span> <span class='ocrx_word' id='word_1_57' title='bbox 669 1667 768 1731; x_wconf 89' lang='lat' dir='ltr'><strong>rebus</strong></span> <span class='ocrx_word' id='word_1_58' title='bbox 802 1680 917 1729; x_wconf 87' lang='lat' dir='ltr'><strong>secum</strong></span> <span class='ocrx_word' id='word_1_59' title='bbox 948 1667 1175 1745; x_wconf 79' lang='lat' dir='ltr'><strong>asportarent,</strong></span> <span class='ocrx_word' id='word_1_60' title='bbox 1207 1680 1312 1745; x_wconf 86' lang='lat' dir='ltr'><strong>quum</strong></span> <span class='ocrx_word' id='word_1_61' title='bbox 1348 1667 1426 1729; x_wconf 88' lang='lat' dir='ltr'><strong>esset</strong></span> 
     </span>
     <span class='ocr_line' id='line_1_9' title="bbox 381 1766 1427 1888; baseline -0.002 -21"><span class='ocrx_word' id='word_1_62' title='bbox 381 1766 568 1868; x_wconf 57' lang='lat' dir='ltr'><strong>admonit&amp;</strong></span> <span class='ocrx_word' id='word_1_63' title='bbox 595 1819 616 1869; x_wconf 90' lang='lat' dir='ltr'><strong>a</strong></span> <span class='ocrx_word' id='word_1_64' title='bbox 637 1802 792 1885; x_wconf 85' lang='lat' dir='ltr'><strong>quodam,</strong></span> <span class='ocrx_word' id='word_1_65' title='bbox 818 1805 854 1865; x_wconf 91' lang='lat' dir='ltr'><strong>ut</strong></span> <span class='ocrx_word' id='word_1_66' title='bbox 872 1802 959 1865; x_wconf 91' lang='lat' dir='ltr'><strong>idem</strong></span> <span class='ocrx_word' id='word_1_67' title='bbox 974 1801 1046 1882; x_wconf 89' lang='lat' dir='ltr'><strong>ipse</strong></span> <span class='ocrx_word' id='word_1_68' title='bbox 1063 1799 1205 1866; x_wconf 85' lang='lat' dir='ltr'><strong>iaceret:</strong></span> <span class='ocrx_word' id='word_1_69' title='bbox 1229 1794 1317 1888; x_wconf 83' lang='lat' dir='ltr'><strong>Ego</strong></span> <span class='ocrx_word' id='word_1_70' title='bbox 1335 1819 1427 1880; x_wconf 81' lang='lat' dir='ltr'><strong>vero,</strong></span> 
     </span>
    </p>
   </div>
   <div class='ocr_carea' id='block_1_3' title="bbox 253 1903 1464 2057">
    <p class='ocr_par' dir='ltr' id='par_1_3' title="bbox 253 1903 1464 2057">
     <span class='ocr_line' id='line_1_10' title="bbox 253 1903 1464 2057; baseline -0.005 -53"><span class='ocrx_word' id='word_1_71' title='bbox 253 1926 261 1940; x_wconf 65' lang='lat'>⁸</span> <span class='ocrx_word' id='word_1_72' title='bbox 382 1903 498 2017; x_wconf 49' lang='lat' dir='ltr'><strong>insiliit,</strong></span> <span class='ocrx_word' id='word_1_73' title='bbox 520 1933 651 2023; x_wconf 84' lang='lat' dir='ltr'><strong>facio:</strong></span> <span class='ocrx_word' id='word_1_74' title='bbox 676 1957 764 2002; x_wconf 85' lang='lat' dir='ltr'><strong>nam</strong></span> <span class='ocrx_word' id='word_1_75' title='bbox 785 1931 911 2001; x_wconf 67' lang='lat' dir='ltr'><strong>cannia</strong></span> <span class='ocrx_word' id='word_1_76' title='bbox 936 1954 1078 2001; x_wconf 82' lang='lat' dir='ltr'><strong>mecum</strong></span> <span class='ocrx_word' id='word_1_77' title='bbox 1100 1942 1213 2023; x_wconf 82' lang='lat' dir='ltr'><strong>porto</strong></span> <span class='ocrx_word' id='word_1_78' title='bbox 1230 1955 1328 2001; x_wconf 85' lang='lat' dir='ltr'><strong>mea.</strong></span> <span class='ocrx_word' id='word_1_79' title='bbox 1376 1906 1464 2057; x_wconf 46' lang='lat' dir='ltr'><strong>lile]</strong></span> 
     </span>
    </p>
   </div>
   <div class='ocr_carea' id='block_1_4' title="bbox 303 2069 1461 4485">
    <p class='ocr_par' dir='ltr' id='par_1_4' title="bbox 303 2069 1461 4485">
     <span class='ocr_line' id='line_1_11' title="bbox 382 2069 1427 2152; baseline -0.005 -15"><span class='ocrx_word' id='word_1_80' title='bbox 382 2073 466 2137; x_wconf 90' lang='lat' dir='ltr'><strong>haec</strong></span> <span class='ocrx_word' id='word_1_81' title='bbox 491 2072 633 2137; x_wconf 86' lang='lat' dir='ltr'><strong>ludibria</strong></span> <span class='ocrx_word' id='word_1_82' title='bbox 658 2070 812 2136; x_wconf 79' lang='lat' dir='ltr'><strong>fortunae</strong></span> <span class='ocrx_word' id='word_1_83' title='bbox 837 2086 881 2133; x_wconf 88' lang='lat' dir='ltr'><strong>ne</strong></span> <span class='ocrx_word' id='word_1_84' title='bbox 915 2086 976 2135; x_wconf 89' lang='lat' dir='ltr'><strong>sua</strong></span> <span class='ocrx_word' id='word_1_85' title='bbox 1003 2069 1135 2152; x_wconf 84' lang='lat' dir='ltr'><strong>quidem</strong></span> <span class='ocrx_word' id='word_1_86' title='bbox 1171 2070 1316 2151; x_wconf 88' lang='lat' dir='ltr'><strong>putavit,</strong></span> <span class='ocrx_word' id='word_1_87' title='bbox 1352 2086 1427 2150; x_wconf 85' lang='lat' dir='ltr'><strong>quae</strong></span> 
     </span>
     <span class='ocr_line' id='line_1_12' title="bbox 382 2204 1427 2290; baseline 0.004 -19"><span class='ocrx_word' id='word_1_88' title='bbox 382 2225 445 2273; x_wconf 89' lang='lat' dir='ltr'><strong>nos</strong></span> <span class='ocrx_word' id='word_1_89' title='bbox 471 2209 676 2290; x_wconf 86' lang='lat' dir='ltr'><strong>appellamus</strong></span> <span class='ocrx_word' id='word_1_90' title='bbox 701 2208 800 2271; x_wconf 91' lang='lat' dir='ltr'><strong>etiam</strong></span> <span class='ocrx_word' id='word_1_91' title='bbox 825 2207 926 2271; x_wconf 87' lang='lat' dir='ltr'><strong>bona.</strong></span> <span class='ocrx_word' id='word_1_92' title='bbox 979 2204 1068 2285; x_wconf 77' lang='lat' dir='ltr'><strong>Quin</strong></span> <span class='ocrx_word' id='word_1_93' title='bbox 1093 2211 1142 2271; x_wconf 90' lang='lat' dir='ltr'><strong>est</strong></span> <span class='ocrx_word' id='word_1_94' title='bbox 1177 2206 1295 2288; x_wconf 91' lang='lat' dir='ltr'><strong>igitur,</strong></span> <span class='ocrx_word' id='word_1_95' title='bbox 1332 2226 1427 2290; x_wconf 87' lang='lat' dir='ltr'><strong>quae·</strong></span> 
     </span>
     <span class='ocr_line' id='line_1_13' title="bbox 384 2343 1427 2426; baseline -0.002 -17"><span class='ocrx_word' id='word_1_96' title='bbox 384 2348 435 2409; x_wconf 89' lang='lat' dir='ltr'><strong>ret</strong></span> <span class='ocrx_word' id='word_1_97' title='bbox 459 2344 594 2426; x_wconf 87' lang='lat' dir='ltr'><strong>aliquis,</strong></span> <span class='ocrx_word' id='word_1_98' title='bbox 620 2344 770 2409; x_wconf 81' lang='lat' dir='ltr'><strong>bonum?</strong></span> <span class='ocrx_word' id='word_1_99' title='bbox 822 2343 857 2409; x_wconf 92' lang='lat' dir='ltr'><strong>Si</strong></span> <span class='ocrx_word' id='word_1_100' title='bbox 892 2343 971 2424; x_wconf 87' lang='lat' dir='ltr'><strong>quid</strong></span> <span class='ocrx_word' id='word_1_101' title='bbox 997 2347 1086 2408; x_wconf 86' lang='lat' dir='ltr'><strong>recte</strong></span> <span class='ocrx_word' id='word_1_102' title='bbox 1108 2344 1145 2407; x_wconf 85' lang='lat' dir='ltr'><strong>fit</strong></span> <span class='ocrx_word' id='word_1_103' title='bbox 1177 2347 1210 2407; x_wconf 92' lang='lat' dir='ltr'><strong>et</strong></span> <span class='ocrx_word' id='word_1_104' title='bbox 1239 2343 1378 2409; x_wconf 89' lang='lat' dir='ltr'><strong>honeste</strong></span> <span class='ocrx_word' id='word_1_105' title='bbox 1400 2350 1427 2408; x_wconf 88' lang='lat' dir='ltr'><strong>et</strong></span> 
     </span>
     <span class='ocr_line' id='line_1_14' title="bbox 383 2451 1428 2561; baseline 0.001 -15"><span class='ocrx_word' id='word_1_106' title='bbox 383 2499 458 2546; x_wconf 93' lang='lat' dir='ltr'><strong>cum</strong></span> <span class='ocrx_word' id='word_1_107' title='bbox 475 2481 604 2560; x_wconf 86' lang='lat' dir='ltr'><strong>virtute,</strong></span> <span class='ocrx_word' id='word_1_108' title='bbox 629 2482 663 2545; x_wconf 88' lang='lat' dir='ltr'><strong>id</strong></span> <span class='ocrx_word' id='word_1_109' title='bbox 683 2482 770 2546; x_wconf 86' lang='lat' dir='ltr'><strong>bone</strong></span> <span class='ocrx_word' id='word_1_110' title='bbox 786 2481 858 2545; x_wconf 89' lang='lat' dir='ltr'><strong>lieri</strong></span> <span class='ocrx_word' id='word_1_111' title='bbox 878 2498 957 2545; x_wconf 89' lang='lat' dir='ltr'><strong>vere</strong></span> <span class='ocrx_word' id='word_1_112' title='bbox 974 2480 1108 2545; x_wconf 84' lang='lat' dir='ltr'><strong>dicitur:</strong></span> <span class='ocrx_word' id='word_1_113' title='bbox 1134 2451 1176 2558; x_wconf 88' lang='lat' dir='ltr'><strong>et,</strong></span> <span class='ocrx_word' id='word_1_114' title='bbox 1199 2481 1292 2561; x_wconf 84' lang='lat' dir='ltr'><strong>quod</strong></span> <span class='ocrx_word' id='word_1_115' title='bbox 1311 2486 1428 2547; x_wconf 87' lang='lat' dir='ltr'><strong>rectum</strong></span> 
     </span>
     <span class='ocr_line' id='line_1_15' title="bbox 384 2614 1428 2697; baseline 0 -14"><span class='ocrx_word' id='word_1_116' title='bbox 384 2623 417 2683; x_wconf 91' lang='lat' dir='ltr'><strong>et</strong></span> <span class='ocrx_word' id='word_1_117' title='bbox 441 2619 616 2685; x_wconf 86' lang='lat' dir='ltr'><strong>honestum</strong></span> <span class='ocrx_word' id='word_1_118' title='bbox 642 2623 675 2683; x_wconf 92' lang='lat' dir='ltr'><strong>et</strong></span> <span class='ocrx_word' id='word_1_119' title='bbox 700 2635 776 2683; x_wconf 91' lang='lat' dir='ltr'><strong>oum</strong></span> <span class='ocrx_word' id='word_1_120' title='bbox 801 2617 921 2682; x_wconf 91' lang='lat' dir='ltr'><strong>virtute</strong></span> <span class='ocrx_word' id='word_1_121' title='bbox 947 2620 1013 2695; x_wconf 88' lang='lat' dir='ltr'><strong>est,</strong></span> <span class='ocrx_word' id='word_1_122' title='bbox 1037 2614 1072 2679; x_wconf 83' lang='lat' dir='ltr'><strong>iu</strong></span> <span class='ocrx_word' id='word_1_123' title='bbox 1098 2615 1206 2679; x_wconf 90' lang='lat' dir='ltr'><strong>solum</strong></span> <span class='ocrx_word' id='word_1_124' title='bbox 1230 2616 1354 2697; x_wconf 89' lang='lat' dir='ltr'><strong>opinor</strong></span> <span class='ocrx_word' id='word_1_125' title='bbox 1372 2618 1428 2683; x_wconf 92' lang='lat' dir='ltr'><strong>bo·</strong></span> 
     </span>
     <span class='ocr_line' id='line_1_16' title="bbox 334 2751 1428 2836; baseline 0.005 -23"><span class='ocrx_word' id='word_1_126' title='bbox 334 2766 370 2813; x_wconf 90' lang='lat' dir='ltr'><strong>u.</strong></span> <span class='ocrx_word' id='word_1_127' title='bbox 383 2771 471 2820; x_wconf 91' lang='lat' dir='ltr'><strong>num.</strong></span> <span class='ocrx_word' id='word_1_128' title='bbox 524 2753 589 2832; x_wconf 82' lang='lat' dir='ltr'><strong>Sed</strong></span> <span class='ocrx_word' id='word_1_129' title='bbox 614 2755 697 2820; x_wconf 89' lang='lat' dir='ltr'><strong>baec</strong></span> <span class='ocrx_word' id='word_1_130' title='bbox 723 2755 827 2822; x_wconf 89' lang='lat' dir='ltr'><strong>videri</strong></span> <span class='ocrx_word' id='word_1_131' title='bbox 854 2756 992 2836; x_wconf 89' lang='lat' dir='ltr'><strong>possunt</strong></span> <span class='ocrx_word' id='word_1_132' title='bbox 1009 2751 1213 2829; x_wconf 84' lang='lat' dir='ltr'><strong>obscuriora,</strong></span> <span class='ocrx_word' id='word_1_133' title='bbox 1235 2771 1340 2834; x_wconf 89' lang='lat' dir='ltr'><strong>quum</strong></span> <span class='ocrx_word' id='word_1_134' title='bbox 1363 2756 1428 2821; x_wconf 91' lang='lat' dir='ltr'><strong>len·</strong></span> 
     </span>
     <span class='ocr_line' id='line_1_17' title="bbox 384 2886 1461 2983; baseline 0.005 -29"><span class='ocrx_word' id='word_1_135' title='bbox 384 2891 447 2956; x_wconf 90' lang='lat' dir='ltr'><strong>tius</strong></span> <span class='ocrx_word' id='word_1_136' title='bbox 481 2890 702 2971; x_wconf 86' lang='lat' dir='ltr'><strong>disputantur:</strong></span> <span class='ocrx_word' id='word_1_137' title='bbox 754 2891 821 2955; x_wconf 82' lang='lat' dir='ltr'><strong>vita</strong></span> <span class='ocrx_word' id='word_1_138' title='bbox 854 2892 958 2971; x_wconf 83' lang='lat' dir='ltr'><strong>atque</strong></span> <span class='ocrx_word' id='word_1_139' title='bbox 998 2886 1092 2951; x_wconf 87' lang='lat' dir='ltr'><strong>iactis</strong></span> <span class='ocrx_word' id='word_1_140' title='bbox 1125 2889 1321 2957; x_wconf 74' lang='lat' dir='ltr'><strong>illustranda</strong></span> <span class='ocrx_word' id='word_1_141' title='bbox 1348 2892 1461 2983; x_wconf 72' lang='lat' dir='ltr'><strong>aunis</strong></span> 
     </span>
     <span class='ocr_line' id='line_1_18' title="bbox 384 3024 1430 3111; baseline 0.006 -24"><span class='ocrx_word' id='word_1_142' title='bbox 384 3040 590 3088; x_wconf 88' lang='lat' dir='ltr'><strong>summorum</strong></span> <span class='ocrx_word' id='word_1_143' title='bbox 616 3025 764 3088; x_wconf 84' lang='lat' dir='ltr'><strong>virorum</strong></span> <span class='ocrx_word' id='word_1_144' title='bbox 785 3025 879 3101; x_wconf 86' lang='lat' dir='ltr'><strong>haec,</strong></span> <span class='ocrx_word' id='word_1_145' title='bbox 905 3040 991 3104; x_wconf 83' lang='lat' dir='ltr'><strong>quae</strong></span> <span class='ocrx_word' id='word_1_146' title='bbox 1014 3024 1123 3088; x_wconf 87' lang='lat' dir='ltr'><strong>verbis</strong></span> <span class='ocrx_word' id='word_1_147' title='bbox 1149 3024 1311 3107; x_wconf 87' lang='lat' dir='ltr'><strong>subtilius,</strong></span> <span class='ocrx_word' id='word_1_148' title='bbox 1338 3042 1430 3111; x_wconf 83' lang='lat' dir='ltr'><strong>quam</strong></span> 
     </span>
     <span class='ocr_line' id='line_1_19' title="bbox 384 3162 1430 3247; baseline 0.005 -17"><span class='ocrx_word' id='word_1_149' title='bbox 384 3166 462 3230; x_wconf 88' lang='lat' dir='ltr'><strong>satis</strong></span> <span class='ocrx_word' id='word_1_150' title='bbox 489 3169 554 3243; x_wconf 90' lang='lat' dir='ltr'><strong>cst,</strong></span> <span class='ocrx_word' id='word_1_151' title='bbox 579 3164 738 3246; x_wconf 86' lang='lat' dir='ltr'><strong>disputari</strong></span> <span class='ocrx_word' id='word_1_152' title='bbox 764 3164 926 3231; x_wconf 84' lang='lat' dir='ltr'><strong>videntur.</strong></span> <span class='ocrx_word' id='word_1_153' title='bbox 991 3162 1126 3242; x_wconf 85' lang='lat' dir='ltr'><strong>Quaero</strong></span> <span class='ocrx_word' id='word_1_154' title='bbox 1163 3166 1251 3233; x_wconf 89' lang='lat' dir='ltr'><strong>enim</strong></span> <span class='ocrx_word' id='word_1_155' title='bbox 1284 3168 1430 3247; x_wconf 83' lang='lat' dir='ltr'><strong>avobit,</strong></span> 
     </span>
     <span class='ocr_line' id='line_1_20' title="bbox 385 3300 1432 3389; baseline 0.006 -25"><span class='ocrx_word' id='word_1_156' title='bbox 385 3317 464 3364; x_wconf 93' lang='lat' dir='ltr'><strong>num</strong></span> <span class='ocrx_word' id='word_1_157' title='bbox 499 3300 602 3365; x_wconf 90' lang='lat' dir='ltr'><strong>ullam</strong></span> <span class='ocrx_word' id='word_1_158' title='bbox 637 3302 875 3382; x_wconf 79' lang='lat' dir='ltr'><strong>cogitationem</strong></span> <span class='ocrx_word' id='word_1_159' title='bbox 907 3302 1062 3367; x_wconf 88' lang='lat' dir='ltr'><strong>babuisse</strong></span> <span class='ocrx_word' id='word_1_160' title='bbox 1097 3302 1271 3369; x_wconf 87' lang='lat' dir='ltr'><strong>videantur</strong></span> <span class='ocrx_word' id='word_1_161' title='bbox 1305 3305 1350 3385; x_wconf 95' lang='lat' dir='ltr'><strong>ii,</strong></span> <span class='ocrx_word' id='word_1_162' title='bbox 1381 3306 1432 3389; x_wconf 84' lang='lat' dir='ltr'><strong>qui</strong></span> 
     </span>
     <span class='ocr_line' id='line_1_21' title="bbox 384 3437 1432 3520; baseline 0.006 -19"><span class='ocrx_word' id='word_1_163' title='bbox 384 3438 470 3501; x_wconf 84' lang='lat' dir='ltr'><strong>lianc</strong></span> <span class='ocrx_word' id='word_1_164' title='bbox 494 3453 565 3501; x_wconf 89' lang='lat' dir='ltr'><strong>rem</strong></span> <span class='ocrx_word' id='word_1_165' title='bbox 592 3437 758 3519; x_wconf 90' lang='lat' dir='ltr'><strong>publicam</strong></span> <span class='ocrx_word' id='word_1_166' title='bbox 780 3443 849 3505; x_wconf 90' lang='lat' dir='ltr'><strong>tam</strong></span> <span class='ocrx_word' id='word_1_167' title='bbox 874 3440 1045 3520; x_wconf 87' lang='lat' dir='ltr'><strong>praeclare</strong></span> <span class='ocrx_word' id='word_1_168' title='bbox 1068 3437 1240 3505; x_wconf 79' lang='lat' dir='ltr'><strong>fundatam</strong></span> <span class='ocrx_word' id='word_1_169' title='bbox 1261 3442 1362 3509; x_wconf 82' lang='lat' dir='ltr'><strong>nobis</strong></span> <span class='ocrx_word' id='word_1_170' title='bbox 1382 3458 1432 3507; x_wconf 87' lang='lat' dir='ltr'><strong>ro·</strong></span> 
     </span>
     <span class='ocr_line' id='line_1_22' title="bbox 383 3572 1433 3656; baseline 0.007 -20"><span class='ocrx_word' id='word_1_171' title='bbox 383 3572 557 3652; x_wconf 76' lang='lat' dir='ltr'><strong>liquerunt</strong></span> <span class='ocrx_word' id='word_1_172' title='bbox 584 3578 641 3639; x_wconf 88' lang='lat' dir='ltr'><strong>aut</strong></span> <span class='ocrx_word' id='word_1_173' title='bbox 667 3575 741 3642; x_wconf 89' lang='lat' dir='ltr'><strong>auri</strong></span> <span class='ocrx_word' id='word_1_174' title='bbox 767 3581 799 3639; x_wconf 88' lang='lat' dir='ltr'><strong>et</strong></span> <span class='ocrx_word' id='word_1_175' title='bbox 826 3575 954 3656; x_wconf 76' lang='lat' dir='ltr'><strong>argenti</strong></span> <span class='ocrx_word' id='word_1_176' title='bbox 969 3573 1014 3638; x_wconf 82' lang='lat' dir='ltr'><strong>ad</strong></span> <span class='ocrx_word' id='word_1_177' title='bbox 1033 3574 1216 3653; x_wconf 87' lang='lat' dir='ltr'><strong>avaritiam,</strong></span> <span class='ocrx_word' id='word_1_178' title='bbox 1242 3580 1301 3642; x_wconf 89' lang='lat' dir='ltr'><strong>aut</strong></span> <span class='ocrx_word' id='word_1_179' title='bbox 1320 3596 1433 3645; x_wconf 88' lang='lat' dir='ltr'><strong>amoe-</strong></span> 
     </span>
     <span class='ocr_line' id='line_1_23' title="bbox 384 3669 1435 3794; baseline 0.009 -24"><span class='ocrx_word' id='word_1_180' title='bbox 384 3709 522 3771; x_wconf 89' lang='lat' dir='ltr'><strong>nitatum</strong></span> <span class='ocrx_word' id='word_1_181' title='bbox 547 3708 590 3772; x_wconf 70' lang='lat' dir='ltr'><strong>all</strong></span> <span class='ocrx_word' id='word_1_182' title='bbox 616 3709 885 3789; x_wconf 84' lang='lat' dir='ltr'><strong>delectationem,</strong></span> <span class='ocrx_word' id='word_1_183' title='bbox 907 3669 965 3775; x_wconf 69' lang='lat' dir='ltr'><strong>aut</strong></span> <span class='ocrx_word' id='word_1_184' title='bbox 988 3710 1198 3794; x_wconf 88' lang='lat' dir='ltr'><strong>supellectilis</strong></span> <span class='ocrx_word' id='word_1_185' title='bbox 1225 3712 1268 3777; x_wconf 87' lang='lat' dir='ltr'><strong>ad</strong></span> <span class='ocrx_word' id='word_1_186' title='bbox 1294 3713 1435 3793; x_wconf 81' lang='lat' dir='ltr'><strong>delieim,</strong></span> 
     </span>
     <span class='ocr_line' id='line_1_24' title="bbox 355 3843 1435 3929; baseline 0.007 -20"><span class='ocrx_word' id='word_1_187' title='bbox 355 3846 442 3909; x_wconf 85' lang='lat' dir='ltr'><strong>¹aut</strong></span> <span class='ocrx_word' id='word_1_188' title='bbox 477 3843 651 3923; x_wconf 87' lang='lat' dir='ltr'><strong>epularum</strong></span> <span class='ocrx_word' id='word_1_189' title='bbox 691 3845 734 3911; x_wconf 86' lang='lat' dir='ltr'><strong>ad</strong></span> <span class='ocrx_word' id='word_1_190' title='bbox 776 3847 985 3929; x_wconf 74' lang='lat' dir='ltr'><strong>voluptates?</strong></span> <span class='ocrx_word' id='word_1_191' title='bbox 1053 3846 1170 3911; x_wconf 87' lang='lat' dir='ltr'><strong>Ponite</strong></span> <span class='ocrx_word' id='word_1_192' title='bbox 1205 3851 1282 3913; x_wconf 89' lang='lat' dir='ltr'><strong>ante</strong></span> <span class='ocrx_word' id='word_1_193' title='bbox 1320 3852 1435 3917; x_wconf 82' lang='lat' dir='ltr'><strong>ocrslos</strong></span> 
     </span>
     <span class='ocr_line' id='line_1_25' title="bbox 384 3984 1438 4071; baseline 0.006 -26"><span class='ocrx_word' id='word_1_194' title='bbox 384 3997 652 4061; x_wconf 85' lang='lat' dir='ltr'><strong>unumquemque</strong></span> <span class='ocrx_word' id='word_1_195' title='bbox 677 4000 802 4064; x_wconf 88' lang='lat' dir='ltr'><strong>regum.</strong></span> <span class='ocrx_word' id='word_1_196' title='bbox 861 3984 966 4051; x_wconf 86' lang='lat' dir='ltr'><strong>Vultis</strong></span> <span class='ocrx_word' id='word_1_197' title='bbox 991 4001 1013 4049; x_wconf 88' lang='lat' dir='ltr'><strong>a</strong></span> <span class='ocrx_word' id='word_1_198' title='bbox 1037 3984 1204 4049; x_wconf 77' lang='lat' dir='ltr'><strong>Romulo?</strong></span> <span class='ocrx_word' id='word_1_199' title='bbox 1238 3986 1338 4051; x_wconf 85' lang='lat' dir='ltr'><strong>vultis</strong></span> <span class='ocrx_word' id='word_1_200' title='bbox 1364 3990 1438 4071; x_wconf 86' lang='lat' dir='ltr'><strong>post</strong></span> 
     </span>
     <span class='ocr_line' id='line_1_26' title="bbox 383 4118 1437 4213; baseline 0.009 -33"><span class='ocrx_word' id='word_1_201' title='bbox 383 4118 522 4182; x_wconf 88' lang='lat' dir='ltr'><strong>liberam</strong></span> <span class='ocrx_word' id='word_1_202' title='bbox 545 4118 719 4201; x_wconf 84' lang='lat' dir='ltr'><strong>civitatem,</strong></span> <span class='ocrx_word' id='word_1_203' title='bbox 743 4120 786 4186; x_wconf 88' lang='lat' dir='ltr'><strong>ab</strong></span> <span class='ocrx_word' id='word_1_204' title='bbox 809 4122 849 4185; x_wconf 93' lang='lat' dir='ltr'><strong>iis</strong></span> <span class='ocrx_word' id='word_1_205' title='bbox 875 4122 966 4203; x_wconf 87' lang='lat' dir='ltr'><strong>ipsis,</strong></span> <span class='ocrx_word' id='word_1_206' title='bbox 989 4122 1045 4202; x_wconf 78' lang='lat' dir='ltr'><strong>gui</strong></span> <span class='ocrx_word' id='word_1_207' title='bbox 1064 4121 1290 4187; x_wconf 82' lang='lat' dir='ltr'><strong>liberaverunt</strong></span> <span class='ocrx_word' id='word_1_208' title='bbox 1316 4120 1437 4213; x_wconf 78' lang='lat' dir='ltr'><strong>[eamll</strong></span> 
     </span>
     <span class='ocr_line' id='line_1_27' title="bbox 386 4251 1440 4339; baseline 0.013 -24"><span class='ocrx_word' id='word_1_209' title='bbox 386 4251 512 4328; x_wconf 86' lang='lat' dir='ltr'><strong>Quibus</strong></span> <span class='ocrx_word' id='word_1_210' title='bbox 539 4254 672 4321; x_wconf 91' lang='lat' dir='ltr'><strong>tandem</strong></span> <span class='ocrx_word' id='word_1_211' title='bbox 699 4258 853 4339; x_wconf 78' lang='lat' dir='ltr'><strong>gradibus</strong></span> <span class='ocrx_word' id='word_1_212' title='bbox 877 4258 1037 4323; x_wconf 85' lang='lat' dir='ltr'><strong>Romulus</strong></span> <span class='ocrx_word' id='word_1_213' title='bbox 1063 4259 1210 4324; x_wconf 88' lang='lat' dir='ltr'><strong>escendit</strong></span> <span class='ocrx_word' id='word_1_214' title='bbox 1228 4260 1270 4325; x_wconf 80' lang='lat' dir='ltr'><strong>in</strong></span> <span class='ocrx_word' id='word_1_215' title='bbox 1284 4264 1440 4329; x_wconf 86' lang='lat' dir='ltr'><strong>eaeluml</strong></span> 
     </span>
     <span class='ocr_line' id='line_1_28' title="bbox 303 4389 1443 4485; baseline 0.013 -32"><span class='ocrx_word' id='word_1_216' title='bbox 303 4448 309 4473; x_wconf 23' lang='grc' dir='ltr'><strong>,Ι</strong></span> <span class='ocrx_word' id='word_1_217' title='bbox 384 4389 484 4470; x_wconf 91' lang='lat' dir='ltr'><strong>iisne,</strong></span> <span class='ocrx_word' id='word_1_218' title='bbox 511 4409 597 4472; x_wconf 87' lang='lat' dir='ltr'><strong>quae</strong></span> <span class='ocrx_word' id='word_1_219' title='bbox 622 4395 676 4459; x_wconf 91' lang='lat' dir='ltr'><strong>isti</strong></span> <span class='ocrx_word' id='word_1_220' title='bbox 697 4396 787 4461; x_wconf 89' lang='lat' dir='ltr'><strong>bona</strong></span> <span class='ocrx_word' id='word_1_221' title='bbox 810 4396 998 4476; x_wconf 76' lang='lat' dir='ltr'><strong>appellant?</strong></span> <span class='ocrx_word' id='word_1_222' title='bbox 1024 4412 1068 4460; x_wconf 89' lang='lat' dir='ltr'><strong>an</strong></span> <span class='ocrx_word' id='word_1_223' title='bbox 1093 4398 1193 4463; x_wconf 87' lang='lat' dir='ltr'><strong>rebus</strong></span> <span class='ocrx_word' id='word_1_224' title='bbox 1218 4398 1319 4481; x_wconf 73' lang='lat' dir='ltr'><strong>gestis</strong></span> <span class='ocrx_word' id='word_1_225' title='bbox 1340 4403 1443 4485; x_wconf 80' lang='lat' dir='ltr'><strong>atque</strong></span> 
     </span>
    </p>
   </div>
   <div class='ocr_carea' id='block_1_5' title="bbox 0 0 1734 5342">
    <p class='ocr_par' dir='ltr' id='par_1_5' title="bbox 0 0 1734 5342">
     <span class='ocr_line' id='line_1_29' title="bbox 0 0 1734 5342; baseline 0 0"><span class='ocrx_word' id='word_1_226' title='bbox 0 0 1734 5342; x_wconf 95' lang='lat' dir='ltr'><strong> </strong></span> 
     </span>
    </p>
   </div>
  </div>
 </body>
</html>
