3450 5342
663 694 857 744 ntmnoxon
877 698 920 743 ιν.
948 697 1018 745 cir.
1037 699 1059 744 1.
1315 679 1386 751 175

338 872 446 919 omnes,
479 864 635 925 corruptum
660 873 714 906 esse
737 855 843 920 locum,
876 855 1062 927 medicumque
1087 876 1196 927 manum
1232 859 1388 917 desiderare.

339 940 418 1008 Quae
437 943 554 995 virorum
572 942 712 995 doctorum
731 940 938 1015 disputationes,
956 962 1018 997 cum
1037 963 1151 998 acumen
1164 945 1281 1016 prodant
1298 958 1324 1002 et
1336 953 1390 1003 cir-

339 1029 566 1100 cumspectionem
590 1030 748 1103 pleraeque,
787 1050 844 1085 non
870 1031 1021 1085 debuerunt
1048 1051 1064 1084 a
1093 1052 1137 1085 me
1165 1032 1271 1086 silentio
1295 1038 1389 1105 premi,

340 1117 441 1170 etiamsi
459 1117 583 1184 sortasse,
602 1137 631 1171 re
650 1119 683 1171 ab
705 1119 779 1173 omni
798 1130 874 1191 parte
894 1119 1073 1186 considerata,
1104 1121 1275 1192 apparuerit,
1298 1121 1390 1193 vulga·

339 1215 393 1257 tam
411 1217 480 1259 stare
499 1224 582 1277 posse.
619 1206 727 1274 Quare,
745 1225 813 1277 quae
833 1205 887 1261 huc
905 1207 1055 1279 pertinent,
1073 1208 1178 1263 conieci
1195 1208 1224 1261 in
1241 1206 1389 1263 Excursum

338 1291 396 1355 Vll,
415 1312 592 1365 quamquam,
612 1313 646 1346 ne
665 1292 803 1349 violentius
822 1292 906 1365 egisse
924 1293 1027 1360 ridear,
1054 1294 1238 1349 coniecturam
1247 1284 1343 1351 'meam
1362 1297 1390 1350 in

338 1381 466 1434 orationis
483 1381 577 1434 seriem
595 1381 716 1453 recipere
734 1382 818 1435 nolui.
855 1380 913 1435 ΜΓ.
1226 1392 1230 1399 ’

407 1468 578 1521 Praedonum
603 1470 651 1521 ille
674 1471 830 1537 concursus]
882 1470 936 1535 „ln
953 1469 1079 1523 Pisonem
1110 1471 1229 1541 [5,1t]:
1258 1473 1389 1529 Deiectus

338 1572 472 1606 seruorum
490 1555 642 1609 habebatur
660 1554 757 1621 abeo,
782 1557 830 1626 qui
857 1556 926 1608 nibil
949 1556 1000 1609 sibi
1024 1576 1145 1630 unquam
1166 1561 1323 1632 nonfacere
1340 1583 1388 1615 nec
1474 1579 1477 1584 ·

334 1645 397 1710 pati
414 1653 493 1712 turpe
511 1662 568 1696 esse
587 1643 676 1697 duxit.
712 1645 800 1696 Arma
819 1643 963 1713 intemplo
982 1645 1116 1712 Castoris,
1142 1666 1158 1699 o
1171 1649 1296 1716 proditor
1314 1660 1387 1702 'tem-

333 1729 441 1797 plorum
460 1730 591 1795 omnium,
622 1730 728 1779 vidente
754 1739 794 1793 tc,
820 1729 1056 1783 constituebantur
1082 1733 1117 1784 ab
1145 1753 1174 1787 eo
1196 1735 1315 1804 latrone,
1344 1741 1387 1790 cui

335 1816 463 1886 templum
477 1816 549 1866 illud
561 1816 625 1886 fuit
642 1824 669 1867 te
689 1817 794 1868 consule
811 1834 862 1867 arx
882 1816 979 1867 ciuium
995 1821 1174 1887 perditorum,
1191 1825 1387 1892 receptaculum

336 1913 455 1956 ueterum
475 1903 609 1954 Catilinae
633 1904 762 1968 rnilitum,
790 1904 932 1955 castellum
951 1905 1074 1974 sorensis
1101 1908 1250 1973 latrocinii,
1279 1911 1387 1965 bustum

337 1991 425 2062 legum
444 1991 560 2044 omnium
578 2008 611 2041 ac
634 1991 820 2061 religionum.“
846 1990 919 2043 ΑΜ.
938 1990 1025 2048 Man.
1071 1993 1118 2047 Est
1146 1992 1212 2050 haec
1237 1999 1389 2070 exquisitior

336 2078 481 2132 Latinitatis
498 2079 579 2131 ratio:
601 2088 706 2149 poterat
723 2079 795 2130 enim
814 2077 925 2145 Cicero,
945 2081 1018 2152 quod
1038 2082 1071 2134 ab
1092 2080 1149 2136 aliis
1167 2085 1246 2137 etiam
1265 2085 1322 2138 fieri
1343 2107 1387 2141 so-

337 2166 386 2234 let,
405 2167 535 2221 scribere:
553 2167 644 2233 Illud,
663 2167 735 2237 quod
752 2176 916 2230 tumeret,
934 2187 986 2219 non
999 2169 1064 2238 fuit
1082 2170 1195 2229 civitas,
1212 2173 1259 2224 secl
1276 2192 1387 2225 concur-

337 2275 385 2308 sus
401 2255 575 2324 praedonum.
621 2254 798 2326 Exquisitiore
824 2254 870 2307 illa
898 2255 1001 2309 ratione
1026 2255 1123 2311 Cicero
1149 2278 1227 2330 saepe
1253 2279 1315 2312 usus
1341 2272 1387 2315 est.

337 2341 466 2396 Similiter
488 2342 521 2396 de
540 2343 621 2414 Legg.
640 2342 660 2409 l,
680 2345 710 2395 8:
738 2344 852 2395 Animal
880 2345 929 2396 boc
954 2345 1110 2414 providum,
1139 2366 1235 2417 quem
1261 2367 1386 2403 vocamus

336 2431 492 2484 bominem.“
510 2432 614 2500 Wytt.
651 2428 682 2482 ln
695 2429 783 2484 Onon.
793 2431 823 2482 E.
859 2432 926 2483 Sed
939 2432 1105 2501 praedonum
1122 2433 1209 2496 illa,·
1229 2434 1385 2493 inDrsd.2.

335 2531 374 2573 est
391 2519 458 2571 Sed
478 2519 644 2588 praedonum
669 2537 813 2571 concursus
835 2520 890 2574 ille.
926 2519 1006 2572 Drsd.
1025 2524 1052 2573 4.
1080 2531 1161 2590 post
1187 2521 1316 2589 domum
1339 2523 1385 2575 illu

334 2626 489 2662 concursus.
525 2605 628 2658 Laudat
645 2604 725 2675 Borg.
740 2605 774 2658 ad
793 2606 872 2658 verba
892 2617 918 2659 et
933 2606 1092 2660 sententiam
1109 2606 1177 2660 Phil.
1195 2607 1253 2673 vlt,
1272 2611 1305 2662 as
1324 2627 1386 2660 con·

334 2712 432 2745 cursus
455 2693 552 2744 civium
575 2693 757 2761 perditorum,
786 2702 812 2745 et
842 2691 910 2744 Phil.
929 2695 963 2760 X,
983 2697 1016 2749 3:
1052 2713 1180 2747 concursu
1200 2725 1234 2737 -·
1260 2696 1385 2748 bonorum

332 2765 458 2833 oninium
494 2780 554 2834 Mn.

405 2869 579 2944 latrocinium
602 2869 631 2921 in
649 2869 716 2940 soro
735 2869 939 2937 constitutum,]
970 2870 1006 2937 ,‚i.
1025 2889 1047 2922 e.
1068 2869 1198 2938 latrones,
1226 2883 1257 2925 ut
1282 2870 1384 2925 servitia

334 2977 386 3031 pro
403 2958 483 3012 serris
501 2968 527 3011 et
551 2957 695 3011 ministeria
719 2977 770 3028 pro
797 2956 924 3010 ministris
949 2958 1090 3012 dicimus.⁴‘
1113 2959 1186 3013 Fra.
1206 2958 1296 3032 Sylv.
1342 2961 1385 3014 Ad

334 3046 471 3118 sequentia
482 3046 625 3122 (reliquiae
640 3045 847 3112 coniurationis)
862 3046 1088 3117 Wyttenbacbius
1101 3045 1181 3101 haec:
1202 3047 1315 3114 „Paucis
1327 3069 1386 3102 rer·

334 3135 374 3189 bis
392 3146 419 3189 et
436 3135 550 3188 breviter
568 3153 666 3205 magna
685 3135 722 3187 ris
739 3134 885 3188 sententiae
911 3146 936 3188 et
954 3136 1086 3206 gravitatis
1105 3135 1271 3201 continetur,
1299 3156 1384 3208 eaque

336 3224 414 3295 plane
433 3224 563 3289 oratoria,
593 3234 619 3276 et
650 3222 688 3275 sic
711 3223 774 3275 item
810 3222 928 3276 oratorie
959 3223 1139 3295 explanandae
1165 3223 1230 3276 Erat
1254 3222 1384 3279 Catilinae

333 3323 464 3383 superstes
483 3322 587 3365 caterva
604 3321 631 3364 et
659 3309 771 3375 cohors,
798 3329 880 3380 quam
911 3310 1020 3363 eaedem
1047 3310 1133 3363 iuriae
1152 3309 1184 3362 ad
1204 3321 1280 3362 tuum
1299 3310 1385 3364 scelus

334 3402 510 3469 furoremque
532 3396 681 3450 inflandum
708 3407 903 3462 convenerant,
930 3416 999 3466 quae
1023 3406 1101 3449 antea
1128 3396 1214 3446 rivum
1242 3395 1383 3450 Catilinam

333 3488 365 3540 ad
388 3485 502 3558 patriam
521 3483 661 3536 delendam
679 3482 871 3552 impulerant.“
907 3482 966 3534 Mr.

404 3572 547 3642 Reliquiae
565 3571 759 3623 coniurationis
777 3570 824 3636 ·-]
870 3568 934 3635 „Ait
959 3567 1031 3620 enim
1056 3566 1167 3632 Cicero,
1196 3585 1228 3620 eo
1255 3578 1383 3639 tempore,

333 3683 388 3734 qno
408 3660 500 3732 pulsus
517 3660 545 3711 in
564 3658 669 3711 erilium
688 3658 755 3722 fuit,
786 3677 837 3710 nec
867 3676 925 3710 rem
950 3655 1085 3728 publicam
1117 3655 1196 3708 fuisse
1222 3654 1304 3707 ullam
1333 3675 1384 3711 nec

333 3748 481 3804 consulem.
529 3746 667 3818 Siquidem
688 3744 782 3800 consul
806 3745 905 3799 dicitur
922 3764 969 3811 eo,
996 3744 1069 3816 quod
1093 3745 1133 3797 rei
1158 3743 1281 3814 publicae
1307 3744 1383 3797 saluti

334 3837 474 3891 consulere
499 3834 602 3900 debeat.
649 3834 702 3887 Sed
727 3833 780 3887 boo
810 3853 860 3886 nec
890 3834 1016 3886 Pisonem
1044 3833 1123 3886 inisse
1150 3833 1381 3891 necGabinium.

333 3925 429 3980 Cicero
447 3943 524 3977 suum
540 3921 706 3977 consulatum
726 3941 788 3976 cum
803 3921 908 3975 Pisonis
927 3921 1065 3976 consulatu
1082 3921 1162 3992 longa
1181 3922 1382 3992 comparatione

333 4014 449 4068 confert:
469 4014 541 4066 Inter
551 4012 675 4065 Clodium
695 4022 721 4064 et
731 4010 872 4065 Catilinam
891 4011 993 4065 nullam
1013 4009 1192 4063 differentiam
1210 4010 1298 4075 inisse,
1318 4010 1395 4063 cto--

333 4102 514 4155 dium-autem
534 4101 790 4172 perniciosissimum
816 4102 900 4155 civem
919 4102 990 4172 ipsos
1008 4098 1138 4153 Consules
1164 4097 1273 4163 iuvisse,
1299 4098 1326 4147 in
1352 4117 1380 4149 ea

333 4193 455 4246 oratione
474 4191 587 4244 ostendit
604 4189 645 4243 his
662 4191 761 4244 serbis:
788 4191 862 4260 Quid
869 4229 876 4254 ,
901 4189 1003 4261 inquit,
1030 4185 1161 4257 interfuit.
1182 4185 1253 4234 inter
1286 4183 1383 4234 Catili-

332 4289 438 4332 namet
455 4297 527 4342 eum,
546 4279 639 4334 cuitu
658 4287 769 4331 senatus
788 4277 988 4339 auctoritatem,
1007 4276 1123 4326 salutem
1139 4271 1275 4336 civitatis,
1295 4279 1381 4323 totam

333 4364 536 4435 rempublicam
551 4367 703 4436 provinciae
720 4365 837 4433 praemio
861 4361 1027 4416 vendidisti?
1062 4363 1138 4429 Quae
1161 4359 1229 4410 enim
1253 4363 1285 4414 L.
1306 4359 1381 4411 Cati-

332 4457 416 4508 linam
435 4464 574 4507 conantem
594 4453 692 4506 consul
704 4451 843 4527 prohibui,
872 4471 904 4504 ea
923 4456 957 4506 Ρ.
976 4448 1095 4501 Clodium
1109 4446 1259 4518 facientem
1280 4450 1380 4500 Consu-
