3450 5342
360 669 432 743 138
687 692 861 739 rtsrnoxr
890 690 1086 739 srorcosutt.

355 855 423 909 cod.
441 852 535 906 Duisb.
560 862 588 905 ut
613 851 690 906 initio
709 852 855 924 superioris
880 872 939 923 cap.
968 852 1062 906 scribit
1088 852 1188 923 inquit.
1238 850 1309 905 Nam
1336 852 1405 907 ttiet.

354 942 489 997 Bentleius
505 940 539 995 ad
556 939 621 993 Hor.
644 939 698 993 Sat.
718 939 738 1005 l,
756 944 784 1006 4,
804 942 848 993 ts.
874 940 964 1012 inquit
993 951 1149 1012 perpetuom
1176 938 1325 993 formulam
1349 938 1404 993 disit

353 1050 424 1098 esse,
457 1030 503 1083 ubi
523 1028 622 1101 aliquid
638 1048 667 1080 es
686 1028 797 1081 adverso
817 1028 896 1081 nobis
914 1028 994 1081 obiici
1013 1039 1040 1081 et
1058 1024 1160 1099 opponi
1184 1024 1330 1099 fingimus,
1359 1026 1403 1079 sire

353 1117 379 1170 id
398 1118 432 1171 sb
450 1136 506 1171 uno
524 1136 571 1170 seu
591 1116 724 1188 pluribus,
758 1117 812 1168 sire
831 1117 941 1169 absente
963 1136 1010 1169 seu
1030 1125 1168 1186 praesente
1184 1112 1241 1168 fiat.
1281 1114 1403 1168 Similiter

351 1206 440 1259 statuit
459 1204 478 1258 l.
499 1204 542 1257 Fr.
560 1203 680 1257 Gronov.
699 1215 726 1257 et
743 1204 881 1259 Drakeub.
900 1206 933 1258 ad
960 1205 1014 1257 Lis.
1031 1206 1075 1268 34,
1095 1207 1121 1258 3.
1145 1201 1245 1273 quibus
1271 1203 1403 1255 assentitur

351 1292 490 1346 lleindorl.
524 1292 557 1344 ad
581 1290 672 1343 Horat.
691 1291 709 1344 Ι.
729 1291 746 1342 Ι.
774 1292 863 1346 Bremi
890 1293 924 1346 sd
948 1292 1027 1346 Fion.
1046 1290 1078 1355 ll,
1099 1295 1142 1343 22.
1169 1289 1241 1343 laud.
1268 1309 1319 1361 pro
1336 1290 1401 1362 Sylla

352 1398 376 1433 c.
393 1382 421 1433 1.
449 1378 482 1431 de
507 1379 539 1431 N.
569 1377 602 1430 D.
621 1376 641 1442 l,
660 1378 704 1445 ³1,
724 1380 767 1431 st.
787 1381 830 1442 36,
850 1381 912 1433 1011.
946 1380 991 1432 ubi
1019 1389 1114 1433 cuncta
1144 1377 1263 1431 secunda
1295 1398 1400 1449 persons

353 1465 545 1537 proferuntur,
572 1464 697 1520 codicum
714 1464 872 1520 auctoritate
898 1468 989 1539 inquit
1008 1466 1203 1538 interponitur,
1230 1476 1259 1518 et
1274 1465 1354 1521 Finn.
1372 1465 1399 1529 ll,

351 1558 396 1619 24,
414 1556 457 1607 28.
507 1552 682 1626 Quamquam
700 1554 791 1625 inquit
809 1573 898 1627 neque
927 1575 977 1627 pro
996 1553 1167 1627 impersonali
1187 1552 1342 1606 babendum
1360 1565 1399 1618 est,

353 1660 440 1712 neque
457 1641 548 1712 inquis
566 1641 678 1694 omnino
699 1661 728 1693 es
747 1641 872 1694 omnibus
893 1641 959 1695 locis
985 1642 1163 1707 eliciendum,
1190 1650 1220 1692 ut
1239 1638 1322 1693 Goer.
1340 1638 1398 1691 bene

352 1740 443 1782 monet
459 1728 493 1783 ad
511 1728 591 1784 Finn.
610 1728 641 1797 ll,
662 1734 706 1795 22,
725 1733 769 1782 14.
806 1729 860 1782 Ubi
881 1749 944 1784 vero
966 1750 1022 1783 uon
1041 1741 1114 1783 certa
1136 1746 1270 1799 persona,
1294 1726 1340 1780 sed
1356 1725 1399 1779 ali-

352 1816 425 1887 quis,
445 1827 572 1889 tanquam
591 1836 661 1870 unus
680 1837 694 1869 e
714 1815 821 1884 multis,
848 1817 965 1871 obiicere
984 1816 1142 1871 sententiam
1167 1815 1295 1887 fingitur,
1318 1814 1399 1885 inquit

353 1904 442 1958 locum
461 1903 581 1973 babebit,
604 1915 633 1958 ut
651 1917 744 1959 nostro
763 1904 823 1959 loco
841 1924 926 1978 seque
944 1917 1024 1978 atque
1042 1907 1153 1958 ineunte
1179 1922 1240 1974 cap.
1260 1900 1399 1974 superiore,

351 1992 390 2046 sic
407 1992 561 2044 iubentibus
589 1992 722 2065 plerisque
741 1992 899 2059 (lodicibus,
924 1994 1095 2066 paucioribus
1112 2010 1175 2045 sane
1204 1990 1239 2045 ad
1258 1988 1355 2043 Parsd.
1369 1986 1397 2050 V,

354 2084 379 2143 2,
397 2080 441 2132 31.
485 2079 581 2150 Inquit
599 2080 678 2134 etiam
697 2081 727 2134 F.
747 2078 777 2133 A.
796 2080 883 2134 wott.
902 2101 952 2152 pro
979 2082 1107 2154 inquiunt
1132 2078 1246 2135 restituit
1271 2077 1365 2131 Tusce.
1382 2072 1398 2139 l,

353 2168 397 2232 39,
423 2168 468 2221 93.
495 2177 524 2219 ut
549 2168 661 2221 seriores
686 2166 798 2234 Graeci,
828 2172 855 2222 in
887 2170 984 2241 quibus
1007 2169 1153 2232 Arrianus,
1176 2170 1240 2235 φησὶ
1270 2183 1320 2236 pro
1343 2166 1399 2226 suti

354 2256 511 2324 usurpant.“
528 2252 589 2308 ΜΓ.

424 2340 560 2410 inquit,
578 2342 634 2392 ista
652 2345 756 2411 suntin]
800 2346 856 2407 „lta
875 2342 926 2396 Tb.
946 2342 1059 2396 Bentleii
1087 2340 1194 2395 codices
1216 2350 1279 2395 ete
1303 2339 1400 2395 duobus

353 2425 433 2497 regiis
450 2426 524 2482 alter.
562 2427 651 2500 Vulgo
669 2430 788 2502 inquis.“
807 2430 1022 2484 Lallemand.
1059 2427 1159 2496 „Confi
1178 2428 1330 2483 Ern.clss.
1347 2426 1398 2479 cie.

354 2534 375 2566 v.
394 2514 484 2587 inquit
503 2517 561 2588 [qui
581 2527 670 2570 tamen
690 2529 781 2572 nostro
799 2517 860 2572 loeo
878 2518 961 2573 edidit
978 2519 1080 2591 inquis]
1108 2528 1134 2571 et
1149 2516 1270 2571 Faceiol.
1294 2518 1322 2570 in
1346 2516 1397 2569 Les.

354 2602 398 2669 [T.
416 2603 447 2657 ll.
469 2624 494 2676 p.
512 2608 564 2660 531
584 2624 609 2660 a.
636 2604 678 2660 ed.
696 2605 862 2674 Scbneeb.]“
886 2605 985 2677 Borg.
1030 2605 1085 2657 Nos
1109 2623 1220 2677 quoque
1244 2605 1397 2659 restituimus

352 2691 442 2762 inquit
460 2710 488 2743 es
509 2691 594 2745 codd.
612 2712 693 2765 supra
713 2692 825 2747 laudatis
844 2692 995 2764 nostrisque
1013 2691 1072 2746 Cra.
1092 2697 1117 2746 t.
1136 2699 1160 2747 2.
1180 2697 1206 2747 3.
1236 2693 1318 2747 Drsd.
1338 2698 1362 2745 2.
1377 2694 1398 2744 3.

353 2782 378 2831 4.
396 2782 421 2833 5.
439 2777 556 2833 Ευ1.Α.
575 2781 671 2833 Duisb.
690 2779 756 2835 Osx.
774 2800 816 2833 ses
835 2782 958 2852 (excepto
969 2780 1012 2848 ψ.)
1031 2780 1111 2832 Bern.
1131 2780 1230 2833 Pitboe.
1247 2779 1308 2833 Bas.
1316 2776 1397 2832 Guell.

354 2866 421 2920 Edd.
441 2887 498 2938 pre.
517 2871 596 2922 1465.
613 2887 655 2937 ap.
675 2867 769 2933 Meus,
789 2865 863 2920 Crat.
885 2869 954 2921 Vict.
974 2868 1055 2938 Borg.
1071 2878 1098 2920 et
1113 2867 1220 2934 nostris,
1239 2884 1310 2938 quae
1326 2882 1396 2935 supra

354 2974 408 3006 non
427 2966 490 3007 sunt
507 2966 693 3019 enumeratae,
718 2953 851 3005 omnibus.
897 2954 972 3005 Adde
991 2953 1064 3008 Crzr.
1088 2956 1120 3007 ad
1147 2953 1204 3007 Cic.
1228 2954 1264 3007 de
1282 2952 1316 3006 N.
1332 2952 1365 3005 l).
1380 2950 1395 3015 l,

353 3045 395 3095 311.
416 3044 517 3111 ρ.164;
542 3060 591 3092 nos
608 3040 641 3113 ad
660 3040 756 3093 Tusce.
777 3043 797 3106 l,
817 3043 860 3095 39.
888 3061 914 3111 p.
931 3044 983 3095 318
999 3062 1038 3114 sq.
1066 3042 1098 3108 ll,
1117 3044 1161 3096 12.
1186 3063 1213 3114 p.
1225 3044 1289 3096 492.
1317 3038 1396 3108 tteisig

355 3127 455 3179 Vorles.
473 3128 520 3180 iib.
538 3127 593 3179 Lat.
614 3126 788 3198 Spracbwiss.
805 3148 831 3199 p.
842 3131 908 3183 331:
927 3128 992 3200 ibiq.
1012 3143 1104 3185 annot.
1123 3131 1211 3184 Haasii
1224 3135 1289 3187 344.
1301 3159 1335 3170 -
1352 3126 1396 3180 Ce·

354 3224 439 3265 terum
459 3212 556 3284 legitur
574 3214 602 3267 in
621 3213 689 3267 cod.
708 3213 767 3269 Cra.
786 3218 812 3270 1.
831 3217 916 3268 ruinis
934 3217 1002 3282 ista,
1021 3219 1130 3290 ioquin
1149 3218 1269 3275 Drsd.4.
1287 3223 1341 3272 ista
1359 3214 1395 3267 si-

353 3320 424 3352 mus
444 3303 534 3374 quod
550 3303 667 3356 instas
686 3305 800 3358 vitiis.
842 3305 906 3358 Tria
926 3307 1005 3363 verba
1030 3318 1162 3373 extrema,
1191 3306 1306 3379 glossam
1325 3303 1395 3359 nimi-

353 3406 429 3455 rum,
448 3389 521 3444 addit
538 3389 616 3444 etiam
636 3391 708 3447 Gud.
728 3391 760 3445 B.
798 3393 919 3446 Verbum
936 3395 1021 3447 surreie
1037 3393 1119 3466 Borg.
1130 3394 1245 3466 explicat
1264 3390 1395 3446 nmtuarisr

350 3475 439 3544 petis,
464 3476 575 3532 laudans
598 3481 632 3534 de
650 3480 730 3538 Finu.
750 3483 784 3547 V,
802 3483 833 3535 3:
867 3485 911 3533 Ex
935 3502 1025 3535 eorum
1047 3484 1117 3534 enim
1141 3483 1253 3552 scriptis
1271 3511 1305 3521 -
1323 3479 1395 3533 omn&

353 3562 476 3618 doctrina
493 3567 613 3622 liberulis
630 3599 665 3611 -
683 3571 767 3623 omnis
783 3589 869 3623 rernm
887 3573 996 3643 elegans
1014 3571 1104 3623 sumi
1119 3581 1220 3639 potest.
1257 3569 1317 3622 ΜΓ.

423 3654 578 3706 Metuebam
594 3676 627 3710 ne
649 3676 667 3708 a
684 3657 822 3710 lenonibus
848 3660 969 3725 dicerem]
1008 3661 1079 3724 „Ne‚
1105 3677 1124 3707 a
1151 3658 1306 3714 lenonibus.
1330 3657 1394 3707 iata

353 3736 466 3802 diceres,
485 3741 618 3811 quinque,
636 3744 664 3794 iu
684 3763 801 3814 quorum
820 3764 876 3798 uno
897 3746 978 3798 add.“
997 3745 1071 3798 Atd.
1090 3743 1176 3797 Man.
1192 3774 1228 3783 -
1249 3743 1317 3797 cod.
1329 3737 1394 3795 Ort.

354 3820 385 3870 de
404 3841 454 3892 pro
472 3842 508 3884 a,·
527 3825 597 3880 idem
617 3848 679 3882 cum
699 3830 730 3882 E.
748 3849 772 3884 σ.
790 3848 820 3892 ψ.
840 3830 911 3885 Gud.
930 3833 963 3884 A.
981 3833 1055 3884 ista
1073 3833 1181 3887 diceres.
1225 3829 1395 3904 Praepositio-

355 3926 415 3959 nem
440 3928 458 3959 a
482 3911 580 3969 omittit
604 3916 683 3970 Drsd.
699 3921 731 3982 4;
755 3918 876 3972 leonibus
900 3919 999 3974 babent
1023 3921 1102 3974 Drsd.
1120 3926 1144 3972 2.
1169 3932 1196 3974 et
1213 3925 1240 3975 ⁵.
1267 3939 1328 3974 curn
1354 3914 1394 3968 Ed·

353 3996 436 4049 Paris.
454 4017 474 4053 s.
493 4019 534 4067 a.;
555 4002 585 4055 iu
604 4003 698 4062 Duisb.
716 4018 818 4061 estnec
836 4029 887 4080 pro
903 4029 954 4070 ne5
973 4009 1001 4061 in
1020 4007 1078 4060 Cra.
1101 4011 1126 4060 t.
1144 4027 1219 4061 esse
1233 4009 1337 4060 diceres
1355 4020 1394 4074 pro

354 4082 505 4149 dieeres;
524 4088 582 4143 Cre.
600 4097 626 4144 2.
645 4094 732 4147 haec
750 4096 856 4149 diceres.
875 4127 910 4137 -
953 4095 995 4148 Ad
1023 4096 1180 4149 sententiam
1199 4114 1312 4161 eorum,
1336 4108 1395 4164 quse

352 4171 529 4229 adversarium
549 4178 626 4251 surgit
644 4184 852 4254 respondentem
873 4185 983 4249 Cicero,
1005 4183 1150 4237 tenendum
1169 4195 1217 4250 est,
1237 4182 1319 4236 sideri
1331 4195 1394 4252 posse

353 4256 414 4309 ideo
431 4260 609 4320 adversarium
623 4270 729 4337 addere,
748 4272 888 4326 Socratem
908 4274 957 4325 isto
977 4270 1059 4323 modo
1079 4271 1259 4340 disputavisse,
1279 4265 1395 4342 quiaSo·

354 4353 453 4397 limem
481 4362 507 4407 el
530 4356 650 4411 universe
676 4359 848 4433 philosophos
874 4360 988 4414 nimium
1013 4376 1118 4412 severos
1145 4357 1259 4411 irridere
1285 4352 1394 4411 voluerit

340 4438 410 4485 *Μ
429 4449 507 4503 '“02
524 4442 586 4509 quis
605 4443 661 4513 ipse
680 4449 804 4502 Socrates
821 4459 905 4502 artem
924 4446 1059 4519 quandam
1086 4446 1259 4501 lenocinandi
1284 4443 1333 4498 sibi
1355 4438 1394 4493 ad·
