3450 5342
427 640 502 712 366
826 598 996 707 ιυιουιιευεΙ
1020 659 1078 707 xu.

425 844 479 878 esse
498 823 639 894 exiguum,
659 823 678 874 si
698 836 759 873 eum
781 818 870 873 fructu
891 818 1061 872 conseratur:
1080 818 1124 871 sed
1145 820 1203 871 vice
1223 839 1308 872 versa.
1347 823 1413 872 Cum
1432 823 1473 888 tin-

425 911 494 983 quit)
513 920 604 963 aurata
624 919 691 962 tecta
711 907 737 958 in
758 905 823 958 viliis
852 904 934 958 iacias
958 916 983 958 et
1008 904 1062 958 sola
1082 906 1238 978 [perperam
1267 927 1419 980 expressum
1445 923 1473 962 est

422 1000 500 1070 forn]
526 1014 693 1060 marmorea,
721 993 810 1065 signa,
839 994 955 1060 tabulas,
982 992 1173 1065 supellectilem
1201 1007 1228 1048 et
1256 1008 1357 1050 restem
1385 997 1471 1050 infinite

424 1087 613 1158 concupiscas,
641 1095 666 1138 et
686 1084 737 1136 vim
756 1084 886 1157 pecuniae
906 1083 1089 1136 incredibilem
1118 1083 1164 1137 des
1189 1085 1298 1138 senori:
1329 1107 1385 1140 non
1404 1088 1469 1140 modo

426 1177 459 1231 ad
478 1175 551 1230 bunc
567 1184 717 1245 sumptum,
738 1171 782 1226 sed
802 1171 932 1225 etiamad
952 1171 1045 1235 fenus,
1066 1171 1168 1225 iructus
1186 1173 1232 1225 itte
1252 1185 1294 1227 est
1314 1156 1443 1246 exiguus.“

497 1299 531 1351 D.
551 1296 751 1350 Lambinus:
771 1297 848 1358 „Non
860 1294 936 1347 modo
954 1294 996 1345 ad
1013 1296 1466 1368 eumptumilleestfructus]

424 1385 550 1451 „Omnes
569 1383 630 1436 libri
656 1393 754 1436 veteres
777 1383 890 1437 babentt
927 1402 980 1435 non
1008 1383 1083 1434 modo
1108 1384 1153 1435 ad
1171 1385 1346 1456 fructum
1372 1387 1416 1439 itte
1435 1398 1466 1437 est

423 1483 582 1542 sumptus
601 1483 651 1525 etc,
696 1470 755 1542 Ego
782 1482 871 1526 tamen
897 1470 1037 1526 lectionem
1058 1471 1192 1544 vulgatam
1212 1474 1351 1528 retineo.“
1391 1473 1466 1545 (Quos

379 1584 382 1589 ·
428 1562 500 1615 dicat
517 1559 663 1613 Lambinus
682 1558 764 1613 libros
781 1571 896 1625 veteres,
917 1578 986 1631 quos
1002 1559 1138 1630 vulgatos,¹
1154 1580 1211 1614 non
1222 1574 1353 1616 accurate
1371 1561 1465 1633 scripsit.

423 1648 598 1705 Gernbardus
616 1649 739 1702 Lambini
757 1647 931 1703 annotatione
951 1647 1020 1703 lecta
1039 1649 1159 1721 scripsit,
1189 1670 1216 1704 se
1236 1671 1318 1716 eam,
1342 1672 1417 1723 quant
1433 1653 1465 1704 di-

424 1751 466 1794 cat
483 1740 631 1792 Lambinus
649 1737 780 1808 vulgatam
801 1757 816 1790 a
835 1757 862 1791 se
879 1748 1025 1804 retentam,
1050 1741 1116 1800 (non
1146 1739 1224 1791 inodo
1252 1742 1294 1791 ad
1313 1750 1464 1810 surreptam

422 1828 469 1880 itta
486 1837 528 1879 est
541 1827 722 1897 fructus),
747 1825 775 1879 in
802 1825 875 1896 nulia
901 1825 1018 1878 editione
1044 1824 1140 1892 reteri,
1168 1827 1220 1881 nisi
1246 1828 1276 1882 in
1297 1829 1382 1900 Lngd.
1401 1832 1463 1883 1556.

423 1913 564 1985 reperisse:
591 1932 641 1967 nos
666 1913 778 1966 eandem
798 1913 825 1965 in
845 1913 957 1966 Lambb.
979 1924 1006 1966 et
1023 1911 1120 1980 Gom,
1150 1934 1228 1987 quae
1247 1929 1311 1988 post
1330 1919 1463 1971 Lambinia·

423 2021 486 2056 nam
505 2002 650 2072 genuinam
670 2000 777 2070 (1566.)
794 2001 880 2054 editae
906 2012 982 2068 sunt,
1010 2012 1040 2055 ut
1056 2001 1106 2055 Ed.
1135 2002 1205 2056 Aud.
1230 2004 1293 2058 Tal.
1319 2007 1407 2076 (1583.
1429 2025 1460 2074 ap.

421 2089 557 2160 Wecbel.)
575 2095 641 2153 (tion
659 2089 734 2141 modo
752 2090 790 2140 ad
805 2101 943 2159 surnptum
955 2089 1122 2162 sructusert
1141 2091 1212 2158 ille),
1231 2092 1313 2164 Sylb.
1331 2094 1379 2164 (ib.
1387 2092 1461 2158 1516.)

421 2180 487 2244 (non
505 2181 580 2231 modo
599 2179 637 2229 ad
653 2190 790 2248 sumptum
812 2179 858 2230 itte
871 2179 989 2249 fructus
1014 2183 1078 2245 est).
1123 2178 1177 2232 Sed
1204 2183 1384 2252 posteriorem
1407 2180 1460 2232 bane

421 2265 563 2318 tectionem
582 2266 634 2318 iam
654 2277 715 2319 ante
738 2265 940 2319 Lambinianam
969 2265 1075 2339 reperio
1102 2267 1181 2321 etiam
1207 2269 1236 2321 in
1264 2271 1329 2325 Atd.
1347 2275 1419 2326 1552.
1441 2283 1459 2324 et

422 2350 484 2405 Car.
506 2349 596 2422 Stepb.
617 2355 702 2418 1554,
729 2374 795 2425 quas
818 2354 838 2407 si
864 2353 996 2427 vulgatam
1025 2353 1123 2409 babere
1143 2355 1292 2412 lectionem
1318 2361 1392 2427 dixit,
1416 2379 1457 2412 non

420 2439 500 2512 piane
519 2452 642 2494 accurate
661 2461 719 2494 eam
750 2441 871 2495 reddidit.
916 2440 1042 2495 Ceterum
1068 2462 1156 2516 neque
1184 2445 1251 2499 iilud
1279 2447 1360 2520 piane
1386 2464 1456 2500 vernn

420 2541 474 2596 est,
493 2548 548 2582 esse
568 2529 595 2581 in
615 2528 689 2583 iibris
707 2531 838 2584 veteribus
856 2530 983 2583 omnibus
1007 2551 1059 2583 non
1083 2533 1159 2584 modo
1184 2534 1229 2585 ad
1247 2536 1278 2607 s
1281 2547 1412 2588 ructum
1426 2534 1457 2584 ut

419 2629 459 2671 est
478 2627 656 2686 sumptus:
676 2637 738 2671 nam
757 2617 854 2674 habent
872 2619 922 2674 Ed.
941 2617 1014 2674 Crat.
1033 2631 1058 2674 et
1074 2620 1136 2674 ΑΜ.
1156 2624 1244 2676 1511ς
1275 2643 1329 2676 non
1347 2621 1458 2676 modoad

416 2707 545 2776 fructum
561 2705 624 2756 ille
643 2717 767 2776 sumptus
785 2719 848 2762 est.

491 2808 599 2862 Aldus
616 2809 791 2865 Manutius
810 2814 932 2886 (nepos):
963 2817 1043 2880 „Non
1067 2815 1143 2866 ruodo
1168 2817 1208 2866 ad
1232 2826 1405 2887 sumptum
1425 2814 1456 2863 ide

419 2910 460 2953 est
472 2900 637 2970 fructus]
686 2899 744 2967 „Ne
770 2900 813 2955 cui
831 2900 941 2972 posthac
966 2903 998 2954 de
1014 2901 1091 2955 buius
1116 2901 1167 2956 loci
1196 2906 1330 2958 sententia
1356 2903 1456 2957 dubitare

419 3008 525 3042 necesse
543 2987 589 3054 sit,
610 2999 727 3041 mentem
746 2987 884 3042 Ciceronis
903 2989 1031 3060 aperiam.
1069 2990 1129 3054 tlte,
1155 2992 1261 3062 inquit,
1295 2994 1407 3058 fructus,
1423 2987 1455 3060 qui

419 3076 524 3146 capitur
542 3096 571 3128 ex
591 3075 719 3147 praediis,
749 3076 775 3128 id
795 3089 833 3130 est
851 3089 970 3133 sexcenta
991 3098 1086 3145 aurea,
1115 3079 1173 3143 HS,
1203 3091 1311 3133 tantum
1330 3082 1413 3145 abest,
1435 3088 1455 3128 ut

418 3163 535 3234 sumptui
554 3161 682 3229 sufficiat,
709 3163 754 3234 qui
779 3163 809 3218 sn
830 3166 859 3218 in
884 3166 981 3219 auratis
1001 3167 1074 3220 tectis
1101 3169 1252 3240 ceterisque
1280 3170 1360 3221 rebus
1385 3163 1455 3235 magni

418 3250 510 3322 pretii,
532 3262 560 3305 ut
579 3252 657 3306 etiam
677 3251 697 3304 si
716 3251 809 3306 fenore
829 3264 973 3324 augeatur,
993 3254 1101 3325 exiguus
1118 3254 1164 3309 sit:
1185 3255 1201 3307 i.
1220 3275 1243 3308 e.
1263 3257 1383 3328 sumptui
1400 3262 1456 3306 tanto

417 3359 473 3393 non
503 3338 608 3393 sufficit.
663 3339 804 3410 Approbat
832 3340 901 3396 bane
935 3341 1077 3394 lectionem
1107 3362 1195 3397 meam
1227 3344 1356 3417 antiquus
1381 3342 1456 3395 iiber.“

417 3426 516 3480 Utrum
536 3427 665 3499 intelligat
690 3425 789 3481 librum
817 3449 898 3483 manu
927 3431 1071 3502 scriptum,
1098 3450 1131 3483 an
1158 3432 1262 3484 dudum
1293 3434 1391 3486 editum
1414 3446 1455 3481 nnn

418 3526 489 3586 patet
508 3535 536 3566 ex
556 3515 595 3569 bis
614 3515 706 3568 verbis.

487 3620 507 3673 1.
525 3619 714 3673 Gruterusr
733 3621 968 3692 „adfruosum
986 3625 1031 3675 itte
1050 3635 1091 3676 est
1108 3638 1275 3696 scriptus
1297 3657 1329 3668 -
1347 3622 1457 3694 exiguus]

416 3707 462 3759 Sic
482 3707 544 3760 editi
564 3708 717 3779 antiquitus,
736 3708 774 3761 sic
790 3707 872 3763 MSS.
883 3710 965 3764 nostri
985 3711 1166 3784 aliorumque:
1186 3712 1271 3767 voluit
1291 3726 1375 3769 tamen
1391 3711 1458 3763 Lam·

416 3791 507 3844 binus:
525 3812 578 3844 non
596 3795 671 3844 modo
690 3795 915 3864 adsumptum
932 3799 1161 3871 disfractus,
1188 3802 1356 3874 arripuitque
1380 3797 1455 3850 didus

416 3898 515 3950 nepos,
549 3879 624 3950 quasi
650 3881 786 3934 inventum
814 3882 842 3935 in
861 3885 923 3938 unis
941 3890 1119 3956 membranis,
1145 3910 1208 3943 curn
1227 3901 1320 3944 tamen
1338 3887 1419 3959 viginti
1437 3897 1456 3936 et

415 3969 529 4040 amplius
550 3980 689 4023 tuerentur
706 3970 864 4041 scripturam
885 3976 1019 4046 priorem,
1046 3999 1114 4050 quae
1133 3977 1186 4045 hoc
1206 3978 1274 4032 ruit:
1304 3989 1401 4032 tantum
1417 3976 1456 4028 ab·

415 4078 468 4112 esse
487 4068 517 4111 ut
534 4069 653 4111 sexcenta
673 4058 717 4111 iila
736 4060 869 4117 sufficiant
884 4064 916 4116 ad
935 4077 1056 4139 sumptus
1072 4066 1247 4131 domesticos,
1278 4078 1308 4120 ut
1328 4087 1359 4119 ne
1378 4064 1407 4118 ad
1425 4063 1455 4113 se·

415 4167 465 4202 nus
484 4146 592 4218 quidem
613 4147 807 4203 dissolvendum
825 4153 887 4206 satis
904 4153 984 4208 sint.“

485 4252 505 4306 Ι.
526 4253 754 4309 Faceinlatus
782 4257 810 4310 in
834 4257 884 4313 Ed.
902 4260 991 4316 Patav.
1013 4228 1092 4316 1126.
1118 4274 1144 4316 et
1164 4263 1267 4316 Veneta
1289 4266 1368 4316 1³47.
1390 4255 1455 4312 edidit

414 4350 444 4392 ut
462 4340 495 4409 ii,
526 4362 593 4413 quos
617 4343 736 4415 vulgatos
760 4346 863 4401 dicebat
884 4347 1044 4416 Lambinus,
1075 4351 1114 4404 vel
1140 4352 1231 4423 potius
1260 4363 1289 4405 ut
1317 4343 1455 4421 sylb.1ttd·

414 4427 494 4483 ¹55².
513 4441 539 4484 et
557 4429 618 4484 Car.
638 4431 730 4504 Stepb.
748 4454 799 4486 non
818 4436 894 4489 modo
911 4437 1145 4509 adsumptum
1165 4442 1453 4512 ittesrucrusen:
