3450 5342
644 699 839 748 rinaooxon
859 701 902 748 ιι.
931 700 1000 747 cir.
1020 700 1068 747 ιιι.
1308 679 1383 753 319

337 873 366 914 ut
385 862 423 914 rei
443 860 522 934 piane
539 859 660 926 satisfiat,
680 861 750 913 addo
765 860 855 925 libros,
876 858 922 931 qui
941 859 974 912 de
993 877 1023 911 ea
1042 877 1071 912 re
1089 876 1388 932 noperpraeceperunt,
1411 929 1413 933 ἵ

336 967 453 1018 quorum
473 959 596 1002 auctores
613 958 690 1000 acute
710 948 745 1001 ita
764 946 928 1016 distinguere
946 945 1046 1015 soient,
1066 957 1096 1000 at
1113 949 1232 1018 magni
1250 952 1391 1005 aestimare

337 1037 368 1089 sit
388 1036 482 1102 „einen
499 1036 601 1101 boten,
619 1039 728 1102 innern,
748 1035 847 1088 Warth
867 1033 983 1105 heilegan
990 1039 1014 1101 “,
1033 1052 1155 1106 magno
1173 1036 1316 1088 aestimare
1335 1041 1387 1101 „ei-

336 1143 387 1176 nen
406 1125 492 1176 trohen
511 1125 588 1177 Preie
606 1129 734 1190 (iussero
753 1123 866 1188 Wertlt)
890 1121 1042 1193 beilegen“:
1078 1122 1141 1175 inde
1169 1143 1231 1176 vero
1256 1124 1308 1178 hoc
1332 1126 1389 1196 ipso

338 1222 429 1264 nostro
447 1211 508 1265 loeo
537 1211 604 1265 aiter
622 1211 751 1282 praecipit
769 1209 914 1282 tegendum
933 1227 987 1261 esse
1006 1227 1103 1282 magno
1133 1212 1293 1281 aestimant,
1323 1213 1389 1267 aiter

338 1301 444 1368 magni:
463 1311 492 1353 ut
509 1311 638 1371 appareat
656 1300 684 1351 in
703 1310 846 1369 utromque
865 1307 970 1369 partem
989 1315 1066 1367 posse
1085 1297 1213 1369 disputari
1232 1300 1265 1352 ab
1285 1300 1324 1368 iis,
1345 1302 1391 1373 qui

337 1387 516 1455 praeiudicata
536 1388 665 1458 opinione
683 1386 841 1440 alterutrum
869 1383 1050 1456 praecipiant,
1075 1386 1153 1440 nobie
1179 1406 1241 1440 vero
1266 1389 1390 1441 standum

336 1495 391 1528 esee
408 1495 422 1529 a
441 1475 573 1528 librorum
592 1476 758 1546 optimorum
778 1472 943 1526 auctoritate.
979 1471 1032 1524 Sed
1052 1473 1110 1526 ride
1128 1474 1157 1527 F.
1167 1473 1196 1529 S.
1213 1475 1235 1526 F
1237 1475 1390 1530 etdbausch.

337 1562 392 1616 Lat.
411 1562 608 1634 Schuigrarnm.
626 1560 649 1633 §.
667 1565 729 1616 488.
745 1581 771 1631 p.
792 1563 854 1614 399.
873 1559 903 1612 F.
921 1559 1008 1612 Hand.
1028 1559 1169 1615 Lebrbuoh
1188 1562 1214 1614 d.
1233 1562 1289 1616 Lot.
1310 1564 1390 1635 Styts,

338 1671 365 1720 p.
378 1653 439 1704 248.
459 1650 502 1701 ed.
521 1655 548 1702 2.
567 1649 598 1700 F.
616 1649 741 1702 Haasium
764 1649 797 1701 ad
824 1648 922 1718 Reisig.
943 1647 1046 1700 Vorles.
1071 1648 1117 1701 iib.
1142 1648 1198 1702 Lat.
1217 1649 1390 1720 Sprachwiss.

339 1739 362 1804 ἓ.
382 1741 443 1790 tat.
462 1747 554 1790 annot
572 1740 634 1791 533.
655 1739 751 1808 pate.
770 1735 835 1807 ibiq.
853 1734 963 1800 lauda,
983 1733 1017 1788 G.
1034 1735 1068 1789 Τ.
1089 1736 1246 1807 A.Kriiger.
1266 1736 1388 1791 Gramm.

341 1825 367 1877 d.
388 1824 444 1877 Lat.
464 1822 526 1895 Spr.
544 1824 577 1876 Τ.
596 1822 630 1877 11.
648 1822 672 1895 §
690 1827 758 1888 3⁹4,
777 1833 870 1877 annot.
890 1843 916 1894 p.
936 1826 997 1876 528.
1034 1823 1090 1876 Mr.
1421 1842 1424 1848 ·

417 1912 490 1981 qaod
505 1912 530 1962 ei
545 1913 637 1982 generi
652 1911 847 1981 possessionum
866 1911 971 1962 minime
981 1912 1061 1982 quasi
1085 1914 1173 1965 noceri
1187 1916 1303 1982 poteste]
1323 1915 1391 1968 cod.

338 1998 389 2051 Or.
398 1998 433 2051 U.
454 2001 519 2069 qaia
537 2019 587 2070 pro
607 2001 686 2070 qaod.
723 2001 780 2052 Vox
798 1999 995 2068 possessionum
1014 1999 1087 2052 abest
1107 2019 1121 2052 a
1141 2001 1225 2054 codd.
1243 2002 1322 2055 Drst.
1331 2007 1390 2057 1.2.

338 2087 428 2138 Verba
444 2105 516 2154 pose.
534 2087 639 2138 minime
656 2087 753 2140 desunt
771 2088 798 2139 in
818 2085 877 2140 Cra.
888 2092 912 2140 2.
931 2086 1032 2154 01.N.,
1052 2087 1079 2139 in
1097 2107 1212 2159 quorum
1233 2089 1322 2160 priore
1333 2104 1391 2162 post

338 2177 426 2226 noceri
444 2175 562 2228 additum
583 2185 699 2240 estnon,
717 2174 850 2246 posterior
868 2172 946 2226 habet
965 2192 1056 2224 nocere
1075 2182 1149 2229 no'n.
1186 2175 1356 2249 anuoque
1368 2199 1394 2248 η.

339 2261 418 2314 habet
435 2281 545 2323 nocere‚·
562 2282 624 2316 oum
644 2260 702 2315 Cn.
724 2267 749 2315 2.
767 2261 831 2314 facit
849 2261 929 2313 etiam
948 2259 1020 2313 Gud.
1042 2259 1072 2313 Α.
1108 2262 1139 2315 in
1158 2262 1235 2319 Suer.
1258 2276 1296 2320 eet
1311 2267 1393 2337 gravi

339 2369 388 2419 pro
406 2352 498 2422 generi
516 2361 542 2405 et
557 2352 646 2420 possit
663 2369 715 2422 pro
731 2358 831 2418 potest.
873 2348 934 2400 Mr.

411 2439 515 2488 minime
543 2439 634 2508 quaer]
672 2440 775 2506 „Quasi
795 2455 845 2507 pro
867 2437 941 2507 sere.
978 2435 1016 2489 Ut
1044 2436 1072 2488 in
1091 2436 1174 2492 Arad.
1194 2436 1239 2506 [11,
1258 2440 1312 2505 21.]
1349 2441 1396 2492 Sol

339 2526 404 2576 milti
438 2526 544 2596 quasi
569 2525 675 2592 pedalia
710 2525 832 2590 vitietur,
865 2535 891 2576 et
920 2523 983 2576 ibid.
1017 2523 1074 2575 Itta
1090 2536 1228 2594 exponunt
1247 2526 1300 2577 duo
1323 2544 1393 2597 quae

340 2613 448 2683 quasi
466 2612 619 2663 contineant
639 2631 738 2663 omnem
760 2613 830 2663 hono
847 2613 1041 2685 quaestionem.
1078 2611 1108 2663 in
1128 2611 1244 2664 Oratore
1261 2613 1316 2679 [t3‚
1334 2615 1390 2680 tt]

339 2701 392 2748 Est
411 2698 479 2748 enim
504 2699 609 2768 quati
626 2698 655 2749 in
673 2708 793 2750 extremo
819 2700 924 2768 pagina
947 2699 1069 2751 Phaedri
1096 2699 1140 2750 trie
1169 2698 1256 2751 verbis
1283 2701 1392 2771 loquens

338 2790 474 2838 Socrates.
518 2785 582 2838 Ter.
611 2784 706 2839 Heaut.
733 2783 808 2853 [1‚t‚
827 2787 883 2852 93.]
915 2786 1020 2856 quari
1049 2786 1156 2838 talenta
1182 2785 1220 2836 ad
1246 2786 1394 2856 qaindecim

338 2875 423 2943 coegi.
458 2871 522 2926 salt.
541 2872 598 2942 lug.
612 2873 667 2939 [59‚
682 2873 721 2940 3.]
748 2872 889 2924 Praesidio
908 2873 1013 2943 quasi
1031 2873 1117 2925 decem
1137 2871 1249 2923 millium
1264 2872 1394 2941 peditam.

338 2959 450 3012 Sueten.
470 2958 555 3031 Caiig.
576 2961 644 3027 [te]
684 2963 762 3010 Hora
778 2959 881 3030 quati
894 2960 1041 3027 ·eeptima.‘⁴
1055 2960 1132 3015 Atd.
1150 2959 1199 3013 Ma
1210 2980 1235 3013 n.
1271 2959 1394 3025 „Guliel-

338 3046 409 3099 mius
429 3047 602 3100 conficiebat:
622 3065 704 3098 casa
723 3046 812 3097 noceri
828 3046 924 3115 poerit·
944 3047 1034 3099 nescio
1052 3066 1087 3099 an
1106 3067 1175 3102 rere.
1211 3050 1299 3117 Quasi
1321 3050 1393 3101 enim

338 3144 414 3187 notat
433 3135 510 3186 etiam
530 3135 609 3205 sere,
643 3145 674 3186 ut
697 3133 787 3186 multis
812 3133 928 3186 ostendit
954 3133 1092 3188 Manutius
1115 3138 1228 3206 nepos.“
1255 3135 1394 3190 Gruter.

339 3222 446 3290 „Quasi
464 3222 528 3293 quid
546 3221 590 3275 hic
607 3221 654 3287 eit,
674 3240 729 3274 non
750 3220 835 3273 video.
872 3220 933 3285 Est,
960 3221 1074 3290 opinor,
1103 3226 1288 3294 corruptum.“
1314 3223 1393 3276 Ern.

339 3306 491 3360 Schelierue
509 3307 537 3359 in
556 3307 616 3360 Lex.
633 3308 695 3360 mai.
723 3307 757 3360 ad
776 3305 976 3359 defendendum
996 3306 1048 3361 hoc
1067 3311 1146 3377 quasi
1172 3309 1246 3363 addit
1270 3311 1396 3381 exemplis

338 3394 400 3447 Atti
421 3395 477 3448 cte.
496 3395 524 3446 in
543 3397 621 3448 Verr.
641 3395 701 3448 Act.
718 3393 739 3461 I,
757 3397 785 3446 8:
807 3394 910 3465 quasi
930 3394 1016 3444 decem
1028 3394 1115 3460 fiecoe
1131 3405 1156 3447 et
1174 3394 1260 3449 Tacit.
1282 3396 1354 3449 Ana.
1373 3395 1393 3462 1,

338 3484 383 3536 68.
403 3481 476 3532 miles
495 3482 601 3551 quasi
619 3480 651 3532 ob
669 3491 766 3533 metam
784 3483 900 3550 defixus.
947 3480 1041 3533 lisdem
1068 3482 1193 3552 exemplis
1221 3481 1296 3535 tutcit
1315 3483 1395 3553 quari

339 3565 530 3634 Gerrhardus‚
558 3567 700 3639 additque,
720 3568 795 3639 quasi
817 3569 845 3621 in
864 3567 1020 3634 cumulum,
1052 3569 1108 3622 cte.
1129 3569 1212 3622 Aoad.
1232 3567 1264 3633 11,
1282 3572 1326 3635 29,
1345 3572 1394 3623 95:

335 3657 373 3707 Id
391 3666 483 3706 autem
502 3656 641 3724 appellant
660 3651 773 3722 ἀξίωμα,
793 3658 865 3728 quod
883 3666 923 3708 eet
941 3656 1047 3728 quati
1070 3655 1195 3725 effatam.
1232 3657 1292 3709 Alio
1312 3656 1393 3710 modo

337 3744 458 3797 defendit
475 3742 540 3795 ittud
560 3744 640 3814 quasi
659 3742 832 3814 Bargusios,
859 3742 951 3795 dicens
969 3742 1104 3814 eleganter
1122 3744 1187 3816 poni
1204 3744 1284 3816 quari
1303 3762 1352 3813 pro
1370 3745 1403 3794 ei·

337 3849 402 3902 qao.
441 3829 572 3897 „Sensue,
591 3831 693 3903 inquit,
714 3842 769 3884 este
798 3830 881 3899 Quod
900 3831 923 3883 ei
943 3831 1034 3902 generi
1056 3832 1265 3902 possessionum,
1289 3833 1309 3884 si
1332 3851 1393 3903 qua,

339 3929 411 3972 certe
431 3918 540 3972 minima
560 3938 589 3970 ex
608 3930 702 3989 parte,
721 3919 814 3972 noceri
835 3922 949 3990 potest.“
987 3918 1067 3973 Cous.
1086 3920 1119 3972 de
1138 3918 1270 3972 Sen.14.:
1290 3920 1331 3970 At
1342 3938 1393 3970 non

336 4020 380 4060 eet
399 4008 572 4076 voluptatum
591 4016 672 4058 tanta
692 4007 796 4077 quoti
814 4006 956 4058 titillatio:
976 4006 992 4058 i.
1012 4026 1050 4059 e.:
1069 4006 1120 4071 At,
1138 4005 1158 4058 ei
1178 4024 1230 4075 qua
1248 4014 1286 4056 est
1305 4002 1394 4057 titilla-

337 4096 375 4149 tio
397 4095 576 4166 voluptatum,
596 4105 667 4149 certe
686 4105 797 4147 nonest
818 4104 898 4147 tanto.
916 4125 949 4134 -—
994 4095 1100 4163 „Quat
1119 4093 1221 4145 videtur
1239 4090 1358 4144 additum
1378 4111 1392 4144 a

335 4183 462 4249 librario,
482 4202 569 4255 neque
588 4182 660 4235 eninr
679 4201 742 4235 cum
762 4182 874 4233 nocendi
891 4182 972 4234 verbo
992 4193 1079 4253 potest
1097 4180 1243 4252 coniungi,
1270 4179 1330 4251 quia
1350 4178 1394 4232 hic

336 4291 394 4324 non
413 4270 488 4324 iocus
505 4283 544 4324 est
573 4270 780 4341 comparationi:
810 4280 836 4324 et
854 4280 927 4324 reete
955 4271 1008 4321 iam
1038 4269 1090 4323 hoc
1115 4267 1214 4321 notavit
1240 4267 1393 4319 Ernestus.“

333 4359 441 4428 Wytt.
479 4359 529 4412 Or.
548 4370 689 4429 postquam
707 4356 831 4429 apposuit
849 4357 1032 4411 coniecturam
1051 4376 1160 4410 carus
1177 4374 1297 4419 nocere,
1316 4354 1391 4407 cuius

331 4456 475 4501 auctorem
506 4469 533 4502 se
552 4450 587 4503 ait
605 4447 723 4513 nescire,
749 4444 822 4499 addit
840 4445 963 4499 Ernestio
981 4444 1047 4497 iilud
1067 4445 1148 4516 quoti
1165 4462 1220 4497 non
1239 4442 1294 4496 sine
1316 4463 1392 4498 cauea
