3450 5342
287 728 289 735 ,
334 653 382 727 52
668 671 841 729 eiusnoxs
870 667 1064 718 stotuuuuu.

336 838 421 891 manis
440 834 519 888 malie
537 832 588 885 tibi
604 832 666 902 ipse
684 832 695 883 l
701 831 745 883 ud
750 849 784 882 as
798 827 919 899 sacis!
958 826 1049 881 Horat.
1070 825 1160 881 Caum.
1178 824 1222 891 ΙΙΙ,
1242 828 1289 892 29,
1307 828 1343 880 49
1356 845 1390 895 sq.

426 928 586 976 Fortuna
604 938 684 973 saevo
702 919 778 970 taeta
797 917 903 988 segatio
921 925 948 967 et
966 960 969 965 .

424 1009 558 1061 laudum
576 1007 735 1060 insolentem
754 1005 880 1058 ludere
897 1004 1025 1073 pertinax
1045 1031 1088 1054 -.

339 1101 391 1154 Ubi
411 1098 604 1167 vidinterprr.
639 1093 697 1147 Mr.

405 1190 481 1254 Quae
505 1202 553 1235 nos
577 1180 851 1251 appellamusetiam
876 1177 967 1246 bena]
992 1178 1088 1230 Etiam
1104 1178 1274 1246 appellamus
1303 1178 1382 1231 codd,

339 1275 399 1327 Bas.
418 1271 512 1324 Duisb.
534 1268 639 1322 Suerin.
657 1267 737 1322 Dssd.
756 1269 783 1320 1.
800 1277 826 1319 οῖ
843 1264 1073 1336 excerptu,Eyb.,
1099 1262 1149 1318 Ox.
1167 1264 1201 1316 U.
1222 1266 1323 1320 omittit
1340 1286 1387 1328 nos,

342 1361 400 1413 Cre.
418 1362 444 1411 1.
462 1357 542 1409 babet
558 1375 627 1427 quae
644 1356 750 1407 etiam
768 1373 826 1406 nec
845 1372 893 1406 nos
911 1371 973 1420 app.
993 1351 1072 1407 bana.
1092 1353 1171 1406 Drsd.
1189 1356 1217 1408 3.
1235 1374 1307 1424 quae
1325 1373 1388 1405 mea

336 1447 419 1499 etiam
436 1463 484 1497 nos
502 1462 566 1513 app.
584 1443 660 1505 bonu.
697 1440 765 1496 cod.
783 1441 865 1503 Βρῖιι.
883 1440 1167 1505 ostententur.
1185 1470 1220 1481 ·-
1244 1441 1313 1508 „Ea
1331 1443 1386 1496 bre·

338 1531 499 1604 viioquentia
517 1530 546 1585 in
565 1529 693 1602 particula
712 1531 815 1597 etiams
834 1529 852 1581 i.
871 1548 892 1581 e.
920 1548 977 1589 nus.
996 1528 1041 1583 itta
1066 1528 1181 1583 ludibria
1206 1549 1264 1583 non
1290 1541 1386 1585 tantum

337 1631 431 1672 nostre
450 1617 630 1690 appellamus,
648 1617 693 1671 sed
712 1616 880 1670 etiam-bona
900 1618 1054 1673 vacemus-⁴⁴
1075 1618 1251 1687 Wyttenb.

407 1707 480 1776 Quid
497 1717 537 1761 est
556 1707 651 1777 igitur,
669 1714 780 1776 quaeret
799 1704 909 1774 aliquis,
927 1694 1054 1771 honuni]
1081 1707 1214 1773 „Quaeret
1232 1706 1323 1776 igitur
1338 1706 1385 1758 ali

338 1797 407 1868 quis,
426 1795 492 1866 quid
508 1795 539 1846 si
545 1805 558 1845 t
575 1795 630 1863 (est
643 1791 739 1861 Bet-n.)
758 1791 855 1857 bunum
874 1788 961 1849 Codd.
976 1789 1124 1845 Bas-Rern.
1139 1790 1276 1863 Guelph.“
1295 1791 1386 1846 Or.-

338 1885 392 1952 Pro
411 1884 478 1954 quid
494 1881 545 1935 Os.
563 1901 588 1935 σ.
606 1883 683 1953 quis,
708 1878 758 1932 Ox.
777 1896 806 1942 ψ.
825 1879 909 1949 quod,
934 1876 1001 1941 On.
1017 1876 1048 1931 Ε.
1070 1880 1089 1933 Ι.
1107 1899 1131 1948 η.
1151 1879 1187 1931 sit
1207 1897 1258 1948 pro
1277 1890 1327 1932 est.
1361 1878 1385 1930 iu

339 1968 406 2025 cod.
425 1970 495 2026 Pith.
513 1981 566 2035 est,
590 1969 667 2021 utin
689 1967 764 2031 Bas,
794 1964 876 2019 etsie
901 1964 980 2019 etiam
1000 1964 1072 2020 Gud.
1092 1965 1125 2020 Α.
1148 1956 1245 2019 Duish.
1272 1965 1386 2036 (sedhic

338 2057 548 2129 superscriptum
563 2056 660 2115 ,habete
686 2055 810 2125 quidest
830 2053 917 2124 igitur
936 2053 1046 2117 bonum,
1064 2065 1174 2125 quaeret
1194 2055 1317 2125 aliquis:
1339 2073 1384 2109 nee

338 2163 417 2210 vero,
439 2143 511 2216 quod
531 2143 612 2197 reiert
630 2141 748 2207 Gernh„
774 2143 801 2194 in
821 2160 907 2212 marg,
924 2142 1030 2213 uulgata
1049 2142 1115 2211 este)
1132 2140 1240 2208 Credin
1271 2142 1350 2197 Drsd.
1364 2147 1385 2196 4.

338 2232 411 2286 Gud.
429 2231 461 2285 B.
480 2231 560 2285 habet
577 2231 677 2302 aliquis
695 2240 821 2303 quaeret,
847 2230 907 2283 Cre.
927 2234 952 2283 1.
971 2234 1087 2300 Quaeret
1106 2231 1181 2301 quis,
1205 2231 1275 2303 quid
1291 2231 1328 2287 sit
1346 2229 1385 2282 ba-

338 2340 420 2382 num‚·
450 2319 520 2373 Gud.
539 2317 570 2372 C.
596 2329 708 2390 quaeret
726 2319 813 2390 igitur
830 2318 945 2389 aliquis,
971 2318 1039 2388 quid
1062 2328 1104 2373 est
1129 2317 1234 2372 bonum.
1272 2318 1350 2371 Drsd.
1365 2320 1385 2369 1.

339 2416 449 2477 quaeret
467 2408 503 2478 ig.
522 2407 631 2478 aliquis,
650 2406 722 2477 qued
738 2406 775 2458 sit
794 2405 906 2475 bunum
921 2405 1008 2459 :urst
1020 2408 1046 2461 5.
1064 2416 1174 2475 quaeret
1191 2407 1304 2476 aliquis,
1322 2405 1386 2478 quod

338 2494 375 2546 sit
393 2492 488 2544 bonum
507 2493 617 2562 (omisso
635 2492 752 2564 igitur);
779 2492 858 2546 Dnd.
877 2497 903 2546 5.
926 2493 1037 2563 quaerit
1062 2495 1150 2564 igitur
1173 2494 1239 2565 aliq.
1265 2495 1333 2566 quid
1353 2494 1384 2545 sit

339 2580 443 2633 bonam.
478 2581 570 2652 Pergit
587 2580 667 2635 Drsd.
684 2586 715 2635 4:
739 2581 764 2633 si
788 2582 855 2653 quid
876 2581 930 2651 sit
953 2591 1061 2644 recte,
1085 2580 1156 2634 Gud.
1176 2582 1210 2637 A.
1234 2584 1332 2639 omittit
1342 2583 1383 2652 stt,

339 2667 411 2721 Gud.
430 2667 461 2721 B.
480 2668 559 2722 habet
576 2669 601 2720 si
623 2670 760 2741 quidem
784 2671 834 2722 sit
858 2679 935 2721 recte.
973 2667 1040 2721 Cod.
1060 2668 1167 2727 suerin.
1187 2672 1262 2739 Quid
1278 2682 1321 2729 est
1337 2670 1382 2740 igt-

338 2767 386 2810 tur
408 2767 520 2827 quaeret
541 2756 628 2828 igitur
654 2756 755 2827 aliquis
778 2757 863 2809 etiam
887 2756 930 2815 vel
954 2757 1021 2826 qaid
1041 2759 1079 2809 eit
1098 2757 1210 2811 benum:
1237 2758 1309 2813 vides
1331 2757 1354 2810 h.
1370 2754 1384 2805 Ι.

340 2843 472 2897 variarum
491 2844 637 2898 lectionum
656 2843 683 2896 in
703 2854 823 2897 contexte
842 2854 979 2913 receptam
998 2845 1195 2899 confusionem.
1232 2846 1293 2899 Mr.

409 2935 447 2982 Εῖ
466 2951 525 2982 cum
543 2933 653 2994 virtute,
670 2932 700 2983 iu
718 2931 779 2984 bene
791 2931 858 2999 fieri
878 2933 924 2998 -]
943 2932 1026 2987 Abest
1040 2943 1068 2985 at
1084 2953 1099 2986 a
1113 2930 1214 2997 Cru13
1232 2931 1301 2988 Cot.
1313 2933 1383 2987 Drsd.

339 3021 364 3070 5.
384 3016 463 3072 habet
479 3028 506 3068 et
527 3036 587 3068 cum
604 3019 706 3071 virtute
723 3028 789 3084 est,
816 3019 846 3069 id
871 3018 991 3071 bonum
1015 3021 1133 3087 uideri
1155 3031 1228 3072 reate
1247 3023 1383 3075 videtur

340 3113 367 3153 et
386 3105 458 3174 quad
474 3106 654 3158 honestum
671 3116 699 3156 et
718 3117 859 3158 rectum.
895 3106 975 3167 Drsd.
990 3112 1026 3176 8.,
1043 3110 1140 3163 omisso
1158 3092 1195 3174 iet}
1213 3110 1312 3182 pergit,
1329 3109 1383 3160 ten

333 3189 401 3256 fieri
428 3201 460 3242 et
487 3209 561 3253 vere,
590 3189 650 3246 Cre.
669 3198 693 3247 1.
712 3194 742 3243 id
764 3193 905 3262 beneficti
923 3207 1012 3247 recte
1030 3198 1188 3258 videtum
1215 3197 1291 3251 Gud.
1309 3198 1340 3252 A.
1360 3196 1385 3248 id

341 3275 403 3332 bene
427 3288 459 3331 et
489 3289 584 3331 reete
600 3280 676 3348 fieri.
714 3282 801 3334 Verba
826 3283 856 3332 id
880 3282 943 3337 bene
962 3302 1045 3356 usque
1065 3286 1097 3338 ad
1117 3285 1220 3338 virtute
1237 3297 1279 3339 est
1298 3278 1383 3341 desunt

340 3361 368 3415 in
387 3362 437 3418 Ox.
454 3365 474 3418 Ι.
500 3366 640 3421 aberrante
665 3369 802 3440 scriptoris
826 3371 944 3435 oculas
965 3372 1059 3442 priore
1082 3375 1112 3425 id
1128 3373 1161 3429 ed
1180 3376 1319 3444 posterius.
1352 3377 1382 3426 Εῖ

340 3461 401 3504 ante
421 3454 493 3524 quod
509 3454 582 3509 abest
601 3474 615 3507 a
631 3454 701 3510 Gud.
717 3456 749 3510 C.
767 3468 792 3510 et
811 3458 922 3525 Duisb.;
941 3459 992 3514 Ox.
1004 3462 1025 3514 Ι.
1043 3460 1181 3515 habetest
1199 3464 1272 3516 inter
1292 3465 1382 3516 virtute

340 3549 366 3591 et
384 3540 430 3600 ia,·
453 3539 503 3593 01.
521 3558 550 3604 ψ.
568 3554 629 3596 ante
648 3545 678 3594 id
695 3544 819 3598 habetet
839 3567 899 3599 eum
915 3551 1078 3619 *ueritate
1096 3560 1146 3601 est.
1182 3549 1244 3603 Aid.
1264 3543 1337 3606 Man.
1354 3550 1381 3602 sb

343 3645 398 3679 uno
416 3630 505 3681 abesse
523 3629 559 3683 ait
577 3650 644 3694 vere,
663 3644 688 3685 et
706 3653 721 3684 a
737 3633 830 3688 Lamb.
849 3636 951 3688 editum
970 3655 1024 3688 esse
1043 3636 1073 3686 id
1090 3635 1152 3686 bene
1163 3636 1232 3704 fieri
1249 3647 1281 3688 et
1299 3646 1381 3689 recte

340 3713 456 3764 dicitur:
475 3716 520 3767 sed
540 3719 660 3787 quamvis
678 3720 749 3772 idem
768 3723 861 3778 dixerit
879 3723 998 3788 Gernh.‚
1021 3734 1092 3777 reete
1113 3734 1202 3777 tamen
1220 3736 1315 3778 monet
1331 3723 1382 3782 On,
1416 3790 1419 3797 ἢ

341 3798 368 3849 in
387 3818 446 3850 sera
467 3800 558 3854 Lamb.
577 3822 601 3856 a.
620 3808 699 3860 1586.
718 3829 776 3863 eam
796 3812 938 3866 lectionem
960 3830 1015 3865 non
1035 3831 1106 3877 esse,
1123 3821 1295 3883 quamquam*
1309 3823 1346 3865 est
1358 3810 1382 3863 iu

341 3884 836 3954 Lambinianisa.1580.1581.1584.
855 3899 936 3955 Goth.
951 3899 1041 3954 Herw.
1060 3899 1138 3953 Boul.
1158 3898 1220 3956 Atd.
1239 3903 1320 3954 1518.
1339 3897 1383 3950 Ce-

341 3972 586 4031 mer.Par.1543.
622 3977 750 4036 Graevius
768 3986 832 4040 dicit
850 3987 879 4039 in
898 3986 966 4039 Cod.
985 3986 1053 4040 Pith.
1073 4005 1128 4038 esse
1145 3987 1176 4037 id
1193 3986 1314 4039 bonum
1327 3982 1383 4054 fieri

339 4076 398 4108 vere
418 4058 525 4115 dieitur.
560 4063 690 4120 Additum
709 4071 774 4124 illud
797 4084 824 4124 et
850 4085 921 4125 recte
944 4074 1067 4145 ineptum
1085 4084 1139 4129 eet:-
1162 4075 1302 4144 quomado
1320 4072 1382 4130 enim

339 4144 431 4199 dixerit
448 4145 544 4203 Cicero
560 4154 585 4204 si
603 4155 670 4225 quid
687 4169 779 4210 recte
792 4160 863 4228 sit,
884 4187 917 4199 -
944 4161 975 4209 id
990 4161 1083 4231 fieri
1101 4171 1196 4213 reate
1215 4162 1318 4214 dieitur
1335 4155 1383 4208 ‚2

339 4232 377 4284 vet
401 4234 421 4286 si
447 4247 516 4287 recte
536 4238 637 4292 reseras
657 4242 689 4293 ad
710 4244 823 4307 dieitur,
851 4245 990 4315 quomodo
1015 4247 1084 4302 dicat
1109 4247 1266 4304 commodes
1297 4254 1383 4299 reete

339 4317 410 4368 diei
434 4321 463 4370 iet
486 4322 549 4374 bene
567 4326 634 4392 fieri
659 4329 732 4398 quad
754 4339 851 4380 reete
869 4331 928 4400 fit
951 4332 1008 4384 -Ρ
1045 4334 1129 4401 Quod
1148 4355 1210 4389 vero
1233 4336 1346 4390 diximus
1361 4340 1383 4382 tt

338 4402 426 4458 abesse
447 4426 462 4459 a
481 4409 586 4464 duobus
604 4415 700 4469 nostrie
718 4417 791 4472 abest
808 4418 871 4473 item
890 4419 926 4472 ab
943 4433 1007 4476 octo
1025 4422 1192 4478 Manutianis
1214 4435 1242 4477 et
1265 4425 1300 4478 ab
1319 4419 1402 4499 Edd„
