3450 5342
713 701 926 753 rnooeurun„
1295 677 1343 752 25

290 859 366 915 latini
385 861 479 916 dicunt
497 856 604 931 aliquid
616 858 646 911 in
665 871 806 931 acceptum
824 859 941 932 referre,
967 859 1041 914 unde
1059 856 1109 912 alia
1127 867 1187 912 orta
1204 869 1242 913 est
1261 860 1344 931 signi·

289 948 379 1004 ficatio
398 948 578 1022 metaphorica
597 949 681 1001 elicui
698 948 807 1021 aliquid
814 958 954 1017 acceptum
965 947 1068 1018 referre
1086 965 1138 1018 pro
1152 944 1233 1000 alicui
1248 947 1345 1001 debere

290 1037 331 1090 vei
347 1038 478 1093 donatum
496 1037 638 1112 accepisse.
658 1036 840 1108 Wyttenb.
883 1035 948 1090 Loci
967 1046 1057 1090 autem
1076 1050 1158 1105 supra
1179 1052 1209 1086 ex
1226 1034 1347 1087 verrinis

290 1124 390 1181 laudati
408 1138 471 1182 sunt
486 1127 589 1182 Aeett.
608 1123 684 1190 lib.l,
702 1126 829 1189 at,149;
847 1122 934 1188 libii,
945 1127 990 1191 tt,
1002 1125 1070 1187 1703
1089 1121 1137 1174 lib.
1148 1121 1275 1188 tauta.
1290 1119 1346 1172 Mr.

363 1218 424 1267 Non
441 1224 483 1267 est
496 1213 592 1280 enim,]
612 1210 700 1280 „Edd
713 1213 773 1263 Nou
789 1213 878 1262 enim
898 1220 952 1262 est
969 1210 1067 1262 tole.“
1086 1207 1251 1262 Graan-
1268 1207 1347 1273 „Vo-

291 1313 351 1348 cem
371 1294 427 1346 tate
450 1295 635 1367 interpositam
654 1297 751 1368 passim
773 1296 870 1353 delerit
888 1296 1050 1351 Gulielmius
1068 1314 1083 1348 e
1103 1294 1165 1348 libri
1183 1293 1346 1348 Mauriciani

289 1381 356 1449 fide,
374 1392 502 1454 tanquam
522 1384 689 1452 abundaret,
706 1396 733 1438 et
751 1386 886 1440 venustius
903 1383 1175 1454 subintelligeretur.“
1192 1380 1291 1437 Grut.

360 1490 413 1525 noa
430 1482 472 1526 est
489 1473 569 1540 enim]
588 1470 766 1528 Grammatici
784 1472 913 1528 addidere
933 1471 1008 1536 tate,
1032 1470 1105 1542 quod
1130 1487 1186 1523 non
1211 1479 1250 1523 est
1267 1487 1343 1541 opus.

293 1558 399 1612 Face

345 1649 424 1700 ,Non
441 1657 483 1700 est
501 1650 597 1716 enim,]
628 1647 747 1701 Probam
772 1645 843 1700 hauc
872 1643 1016 1699 lectionem
1035 1641 1134 1699 habent
1156 1641 1243 1697 Codd.
1260 1643 1343 1699 Bern.

287 1732 349 1787 Cre.
367 1736 393 1788 d.
413 1733 479 1788 Ou.
495 1745 522 1788 et
540 1734 680 1802 Vossiani,
711 1734 781 1787 Edd.
795 1733 880 1786 Paris.
899 1752 919 1786 s.
938 1751 962 1786 a.
985 1731 1113 1786 Darentr.
1132 1734 1212 1785 1515.
1230 1741 1280 1784 vet.
1299 1749 1341 1800 ap.

285 1819 403 1873 Meusel.
422 1818 488 1886 (nisi
506 1820 581 1892 quod
608 1820 714 1875 exbibet
731 1839 784 1872 non
805 1819 876 1871 enim
893 1821 950 1887 ast)
975 1829 1002 1872 et
1025 1817 1089 1871 inde
1107 1836 1122 1871 a
1140 1816 1220 1871 Grut.
1240 1834 1343 1870 omnes.

286 1905 417 1980 Reliquos
435 1905 517 1961 libros
535 1917 652 1979 occupat
671 1925 783 1979 pravum
799 1905 867 1960 iilud
885 1905 956 1964 tale,
980 1905 1026 1958 sed
1051 1923 1108 1958 nou
1127 1923 1184 1958 uno
1210 1903 1272 1958 ioco
1296 1923 1343 1957 eo-

287 1993 403 2063 demque
412 1993 539 2066 positum,
556 2005 586 2048 ut
604 1995 689 2067 magis
705 1995 785 2049 etiam
805 1993 921 2066 glossam
938 2011 1076 2065 agnoscas.
1113 1991 1161 2047 Sic
1171 1992 1250 2047 Suer.
1261 1993 1341 2046 Drsd.

286 2085 312 2135 4,
331 2087 357 2136 5.
377 2092 403 2136 et
421 2081 494 2136 Gud.
512 2081 544 2136 Β.
562 2081 663 2137 habent
679 2101 733 2158 uon
750 2083 820 2135 euim
838 2081 897 2133 tale
914 2090 970 2147 est,
987 2078 1059 2135 Gud.
1070 2078 1101 2134 B.
1118 2099 1172 2134 non
1189 2080 1259 2132 enim
1277 2080 1341 2142 tale,

286 2169 385 2223 omisso
403 2179 453 2222 est.
489 2169 551 2224 Mr.

364 2263 449 2314 Utin
467 2279 528 2314 eree
544 2262 740 2333 prompserit]
767 2267 818 2329 „In
833 2279 965 2330 arum,
992 2262 1122 2335 quinque.
1166 2266 1202 2315 Ia
1217 2280 1279 2316 arce
1303 2282 1340 2320 sc.

289 2346 472 2403 Atheniensi.“
492 2348 566 2405 Ald.
582 2349 671 2404 Man.
708 2349 796 2419 „cort
814 2350 911 2405 Duisb,
928 2350 957 2402 in
977 2351 1103 2410 croire,
1119 2348 1215 2406 Grai.
1229 2352 1262 2404 tin
1273 2363 1341 2416 erte,

288 2434 361 2490 Gud.
379 2439 405 2492 3.
421 2437 451 2489 in
468 2454 596 2505 arcem,
614 2436 674 2493 Cre.
692 2441 719 2492 8.
737 2436 818 2491 Drsd.
836 2440 863 2490 1.
882 2448 915 2489 ut
932 2455 1022 2502 arce,
1050 2437 1148 2491 omisso
1166 2438 1203 2491 in.
1221 2437 1339 2494 Derda.

287 2524 317 2575 in
335 2541 397 2576 aree
415 2525 553 2594 reponi:
572 2545 628 2580 uon
647 2525 735 2593 male,
751 2526 775 2579 si
793 2525 885 2598 piures
902 2536 929 2580 et
953 2524 1080 2578 meliores
1097 2523 1260 2580 addicerent.
1278 2526 1339 2581 Mr.

360 2610 448 2679 Quasi
465 2610 516 2662 itta
526 2612 651 2665 Minerva
660 2614 789 2682 Phidiae]
808 2613 874 2678 „itta
884 2613 1011 2666 Minerva
1022 2613 1095 2680 (siue
1108 2612 1248 2680 Phidiae),
1264 2631 1342 2668 unus.

285 2698 345 2751 [lta
363 2697 438 2750 abest
455 2697 489 2749 ab
507 2716 573 2753 uno.
619 2699 741 2754 Minerva
758 2699 869 2753 Phidiae
894 2719 924 2752 ex
943 2719 1014 2755 aere.
1060 2699 1131 2753 Plin.
1157 2700 1204 2754 tib.
1222 2700 1341 2768 XXXIV,
1400 2739 1402 2743 -

287 2805 348 2858 cap·
363 2788 390 2838 8.
407 2803 472 2837 nam
490 2784 571 2839 aliam
589 2787 701 2842 uon-ita
718 2788 856 2842 laudatam
876 2788 1021 2843 leocrates
1039 2788 1130 2842 ebore.
1168 2787 1272 2842 Plinius
1288 2789 1342 2843 ibi·
1424 2834 1435 2857 s

287 2875 350 2928 dem
367 2883 395 2927 et
411 2871 459 2926 lib·
475 2873 596 2941 XXXVl,
616 2893 674 2947 cap.
685 2879 712 2931 5.
730 2875 800 2928 Vide
819 2874 890 2928 Plut.
910 2875 939 2927 in
956 2874 1070 2942 Pericle,
1088 2875 1274 2947 Thucydidem
1294 2875 1340 2930 lib.

286 2961 321 3018 ii.
356 2961 517 3016 Pausaniam
534 2971 563 3015 et
580 2959 637 3016 Cic.
654 2961 683 3015 in
701 2961 782 3016 Tusc.
804 2960 915 3029 Quaest.
932 2972 958 3015 et
975 2961 1056 3016 Arist.
1071 2962 1104 3016 de
1114 2962 1250 3019 Mundo.“
1267 2962 1305 3016 Al
1313 2962 1340 3016 d,

286 3049 373 3105 Man.
407 3047 515 3103 Phidias
532 3049 674 3104 statuarius
692 3049 758 3118 diis,
773 3069 854 3122 quam
874 3049 1041 3117 hominibus,
1070 3050 1218 3105 efficiendis
1244 3051 1342 3106 melior

287 3135 380 3190 artilex
398 3135 521 3189 traditur.
563 3136 594 3189 in
612 3138 695 3190 ebore
713 3157 775 3191 vero
793 3137 875 3210 longe
901 3137 967 3192 citra
991 3138 1141 3205 aemulum,
1168 3138 1208 3191 vei
1229 3139 1251 3193 si
1275 3138 1341 3194 nibil

286 3223 339 3278 nisi
356 3221 505 3277 Minervam
523 3223 635 3279 Athenis
651 3236 698 3279 aut
706 3224 868 3298 Olympium
886 3225 915 3278 in
933 3225 1010 3280 Elide
1021 3226 1110 3280 iorem
1128 3226 1245 3282 fecisset:
1264 3228 1340 3282 euius

286 3310 459 3385 pulchritudo
479 3312 605 3367 adiecisse
622 3313 725 3386 aliquid
742 3313 822 3368 etism
836 3318 962 3385 receptae
985 3312 1109 3384 religioni
1131 3313 1247 3381 videtur,
1273 3315 1340 3368 adeo

285 3399 409 3454 maiestas
426 3401 514 3471 operis
532 3400 613 3455 deum
631 3402 762 3473 aequavit.
798 3402 887 3456 Autor
905 3412 943 3455 est
961 3400 1144 3469 Quintilianus
1162 3401 1207 3453 lib.
1217 3405 1260 3454 12.
1293 3401 1341 3455 Ci-

285 3506 352 3542 cero
370 3487 398 3540 in
417 3486 486 3541 libro
505 3489 539 3543 de
557 3488 676 3544 Oratore
693 3489 728 3542 ad
745 3489 861 3543 Brutum
878 3498 960 3560 negat
976 3487 1087 3541 Phidiae
1100 3489 1182 3558 signis
1196 3489 1340 3560 quiequam

285 3575 313 3628 in
331 3574 380 3628 iilo
392 3593 491 3648 genere
501 3577 584 3631 sideri
603 3576 755 3650 perfectius.
791 3576 841 3630 ilic
857 3575 976 3647 speciem
993 3574 1034 3627 sui
1043 3573 1180 3627 Minervae
1198 3575 1227 3627 in
1246 3573 1341 3646 clypeo

285 3663 408 3731 inclusit,
426 3682 488 3718 eum
506 3665 653 3721 inscribere
671 3658 728 3720 non
747 3663 853 3731 liceret,
873 3674 903 3718 ut
919 3662 956 3717 ait
974 3660 1070 3715 Cicero
1088 3659 1303 3716 Tusculanarum
1313 3665 1340 3723 1,

285 3754 356 3804 Eam
372 3753 459 3824 siquis
477 3753 658 3817 dissolvisset,
676 3751 859 3806 collocationis
877 3752 1029 3804 universam
1046 3749 1158 3819 speeiem
1176 3748 1341 3816 sustulisset,
1377 3817 1381 3823 .

285 3850 314 3893 ut
332 3838 369 3894 ait
386 3838 459 3892 idem
478 3839 548 3893 libro
565 3840 600 3893 de
617 3839 734 3895 Oratore
752 3840 785 3894 ad
803 3839 946 3893 Brutum.“
965 3838 1038 3894 Fre.
1055 3837 1187 3911 sylu-
1207 3838 1341 3905 „Prover-

285 3926 354 3980 biale
373 3925 502 3998 quiddam
520 3925 631 3981 redolet.
665 3927 775 3983 Aristot.
794 3927 828 3982 de
845 3926 952 3980 Mundo
970 3936 997 3980 et
1014 3923 1070 3982 Cic.
1088 3925 1185 3981 Tusco.
1204 3928 1230 3978 1.
1258 3926 1290 3980 de
1309 3947 1340 3982 ea
1457 3950 1464 3959 ’

285 4015 414 4070 scribunt.
448 4014 527 4070 Hauc
545 4014 694 4069 Minervam
711 4011 817 4082 Ὑγείαν
833 4014 908 4069 Piut.
922 4015 952 4068 in
962 4014 1066 4069 Pericle
1085 4013 1268 4087 cognominat.
1287 4013 1340 4068 Ce-

285 4103 425 4158 lebrantur
441 4121 457 4156 a
475 4102 565 4157 Plinio
582 4114 609 4158 et
625 4103 757 4158 Pausania
775 4104 856 4158 etiam
878 4102 944 4157 aliae
962 4102 1115 4172 Minervae,
1145 4121 1211 4174 quas
1234 4100 1341 4155 Phidias

285 4192 363 4258 iecit,
382 4208 448 4262 prae
466 4189 561 4245 ceteris
578 4208 657 4260 vero,
689 4211 758 4264 quae
783 4191 811 4246 in
829 4191 1002 4247 Parthenone
1027 4191 1129 4261 templo
1154 4188 1239 4260 posita
1263 4187 1340 4241 luit.“

284 4278 377 4350 Xyst.
395 4277 507 4332 Betui.
543 4278 669 4345 „Phidias
685 4280 845 4335 architectus
855 4292 882 4336 et
893 4280 1034 4335 statuarius
1046 4277 1212 4349 temporibus
1221 4276 1339 4344 Periclis,

284 4366 360 4420 euius
378 4366 535 4421 auctoritate
553 4365 664 4422 Athenis
681 4367 798 4440 plurima
819 4369 882 4424 feeit
900 4386 1000 4438 opera,
1025 4366 1053 4419 in
1072 4364 1112 4418 his
1130 4364 1287 4436 palmariam
1305 4367 1340 4420 il-

287 4454 339 4509 iam
359 4453 497 4510 Minervae
515 4465 646 4523 statuam,
664 4466 735 4527 quae
753 4456 781 4510 in
799 4474 861 4512 aree
879 4452 1035 4512 Atheniensi
1054 4450 1168 4525 reposita
1187 4464 1232 4509 est.
1268 4453 1339 4510 Seu·
