3450 5342
393 664 417 733 4
722 683 894 729 Ptutuoxt
924 683 1118 730 sroiaouuu.

396 871 434 900 em
453 844 500 917 τήν
519 843 629 897 circulus
648 840 861 908 inorausii'eumr,
880 843 907 897 id
927 843 962 896 ita
981 841 1185 914 intelligendum
1202 852 1255 909 est,
1274 854 1303 896 ut
1322 845 1452 898 recorde-

395 956 457 989 mur
474 930 648 986 Plutarchum
668 931 695 984 in
716 931 790 984 libris
809 931 943 997 omuibus,
963 948 1030 1002 quos
1049 941 1142 983 contra
1158 930 1264 983 Stoicos
1281 932 1451 1003 conscripsit,

395 1023 485 1076 animo
503 1020 594 1092 paullo
613 1019 747 1091 iniquiore
766 1020 799 1072 ad
819 1019 991 1073 scribendum
1010 1019 1162 1085 accessisse,
1181 1018 1297 1089 indeque
1316 1019 1402 1073 multa
1422 1020 1452 1072 iis

394 1112 552 1176 obtrusisse,
573 1127 691 1181 quorum
712 1107 878 1162 contrarium
897 1107 1055 1161 statuebant.
1075 1106 1133 1160 llllr.

465 1199 514 1251 Ad
529 1201 569 1250 M.
590 1197 720 1262 Brutum]
746 1194 805 1262 „ttt
825 1194 917 1246 lunius
936 1194 1034 1248 Brutus
1055 1212 1085 1246 ex
1105 1194 1266 1248 nobilissima
1286 1192 1387 1247 lamilia
1405 1195 1450 1247 lu-

394 1289 438 1342 nia
457 1287 539 1340 Bruta
559 1285 705 1348 oriundus,
724 1303 738 1336 e
758 1302 811 1355 qua
830 1282 961 1338 exstiterat
980 1282 1106 1354 antiquus
1123 1282 1168 1336 ille
1186 1283 1215 1336 L.
1233 1281 1324 1335 lunius
1342 1282 1450 1346 Brutus,

395 1374 441 1446 qui
459 1372 639 1445 Tarquinium
657 1369 811 1442 Superbum
831 1386 922 1440 regem
941 1368 1085 1442 expulerat.
1120 1369 1171 1424 llic
1191 1381 1295 1435 autem,
1315 1370 1349 1421 ad
1370 1388 1449 1441 quem

395 1462 493 1516 Cicero
511 1461 577 1514 haec
594 1459 729 1512 Paradosa
748 1458 860 1529 scripsit,
878 1459 949 1511 idem
970 1470 1016 1534 est,
1035 1460 1082 1529 qui
1097 1470 1186 1531 postea
1199 1476 1261 1511 cum
1274 1454 1368 1510 Cassio
1381 1454 1450 1510 aliis-

397 1568 450 1622 que
464 1549 589 1601 adrersus
602 1545 742 1600 Caesarem
758 1547 915 1613 coniuravit,
933 1566 1049 1619 eumque
1063 1548 1091 1599 in
1106 1548 1179 1601 curia
1194 1545 1334 1600 interfecit
1372 1547 1449 1598 Tunc

396 1659 491 1695 recens
506 1638 608 1692 Galliae
624 1636 775 1708 Cisalpinae
794 1656 808 1688 a
827 1634 942 1689 Caesare
959 1636 1110 1709 praelectus
1128 1648 1192 1690 erat.
1229 1635 1270 1688 Ad
1290 1634 1365 1689 hunc
1382 1635 1449 1687 Bru-

396 1740 452 1783 tum
473 1726 569 1780 Cicero
588 1725 741 1795 complures
765 1724 870 1796 scripsit
894 1724 992 1791 libros,
1017 1727 1049 1778 de
1075 1723 1240 1797 philosophia
1259 1723 1370 1795 quidem
1391 1722 1448 1775 hos:

396 1815 429 1868 de
447 1815 547 1867 Natura
566 1814 706 1877 Deorum,
729 1812 762 1866 de
782 1812 893 1866 Finibus
911 1812 1051 1866 Bonorum
1071 1825 1096 1867 et
1114 1811 1265 1876 Malorum,
1286 1811 1449 1883 Disputatio-

397 1921 444 1954 nes
461 1899 643 1964 Tusculanas;
662 1899 809 1954 rhetoricos
827 1912 917 1954 autem
936 1900 1060 1969 Brutum,
1079 1901 1223 1955 Oratorem
1242 1912 1268 1954 et
1286 1900 1353 1953 haec
1370 1902 1449 1953 Para·

397 1991 471 2042 dora.
507 1989 567 2040 Vita
587 1987 643 2040 eius
661 1999 742 2041 exstat
763 1989 914 2061 conscripta
939 2008 954 2041 a
979 1990 1124 2043 Plutarcho
1148 1991 1218 2042 inter
1236 1989 1311 2041 Vitas
1333 1986 1449 2040 Paralle-

397 2077 462 2131 las.“
483 2077 588 2146 Wytt.
623 2074 720 2129 Cicero
745 2074 778 2128 de
796 2076 882 2130 Bruto
905 2077 973 2148 'quid
997 2078 1122 2143 senserit,
1151 2077 1307 2148 significavit
1323 2077 1405 2130 etiarn
1423 2073 1447 2125 in

397 2164 514 2236 Epistola
529 2162 562 2216 ad
579 2161 617 2216 M.
631 2162 764 2230 Coelium,
783 2164 907 2218 Aedilem
924 2166 1048 2220 curulem
1065 2165 1112 2237 (ad
1126 2167 1229 2219 famm.
1243 2165 1273 2218 ll.
1285 2164 1360 2234 13.):
1378 2168 1447 2215 Bru·

396 2266 455 2307 tum
473 2272 491 2305 a
510 2272 550 2305 me
567 2253 654 2304 amari
672 2251 812 2324 intelligis.
848 2253 923 2322 Quid
934 2263 976 2305 est
990 2273 1097 2319 causae,
1116 2274 1164 2306 cur
1183 2254 1248 2305 milri
1260 2272 1313 2305 non
1325 2253 1356 2304 in
1370 2260 1447 2320 opta-

396 2345 433 2397 tis
451 2345 488 2396 sit
505 2342 641 2412 complecti
659 2341 788 2393 homiuem
798 2342 943 2409 florentem
961 2353 1061 2408 aetate,
1079 2342 1183 2412 opibus,
1198 2339 1352 2404 honoribus,
1375 2339 1446 2408 inge·

397 2433 449 2497 nia,
466 2430 564 2494 liberis,
579 2429 746 2499 propinquis,
763 2427 900 2496 affinibus,
918 2430 1027 2482 apricis:
1043 2431 1176 2503 collegam
1189 2446 1274 2482 meum
1283 2427 1448 2498 praesertim,

396 2529 423 2570 et
448 2519 476 2570 in
500 2518 561 2587 ipsa
585 2516 691 2586 collegii
717 2514 799 2566 laude
823 2525 851 2568 et
876 2517 990 2569 seientia
1009 2519 1159 2570 studiosum
1178 2517 1250 2569 mei?
1285 2517 1320 2571 Et
1338 2517 1368 2569 in
1385 2515 1448 2588 Epi-

396 2605 462 2659 stola
481 2605 514 2659 ad
531 2602 700 2658 Dolabellam
718 2602 836 2673 (Fatum.
856 2606 904 2672 tx,
922 2604 998 2674 14.):
1013 2610 1120 2676 Semper
1136 2602 1241 2664 amari,
1267 2617 1300 2657 ut
1319 2607 1387 2664 seis,
1409 2609 1447 2658 M.

397 2698 524 2757 Brutum,
538 2700 650 2762 propter
666 2690 725 2742 eius
742 2709 875 2742 summum
892 2693 1037 2764 ingenium,
1055 2695 1229 2746 suavissimos
1247 2689 1339 2759 mores,
1357 2694 1446 2766 singu-

397 2781 480 2833 larem
500 2779 663 2851 probitatem
686 2788 770 2850 etqus
795 2781 985 2832 constantiam.
1023 2779 1149 2835 Ceterum
1168 2781 1268 2834 Brutus
1286 2780 1398 2835 vicissim
1416 2780 1447 2833 ad

397 2868 557 2922 Ciceronem
576 2866 680 2936 scripsit
696 2864 795 2918 librum
814 2866 848 2919 de
867 2867 987 2935 Virtute,
1010 2869 1087 2922 cuius
1104 2869 1234 2923 nonnulla
1252 2870 1384 2941 excerpsit
1400 2869 1447 2922 Se·

397 2975 464 3010 neca
482 2953 592 3007 Consul.
611 2953 643 3006 ad
662 2952 789 3018 llelviam,
809 2958 834 3008 t.
871 2954 949 3008 Cani.
969 2955 1025 3012 Cic.
1044 2958 1144 3012 Acadd.
1162 2958 1182 3025 l,
1197 2960 1222 3012 3.
1259 2957 1343 3026 Quod
1362 2970 1446 3012 autem

396 3039 622 3113 Wyttenbaehius
645 3059 726 3110 supra
751 3040 871 3094 libellum
891 3054 1011 3098 nostrum
1029 3046 1057 3098 in
1077 3045 1217 3100 rhetoricis
1229 3047 1339 3118 posuit,
1364 3048 1447 3100 miuus

397 3140 522 3183 accurate
540 3127 611 3181 dixit.
645 3126 835 3182 Concedamus
853 3130 888 3197 ei,
907 3151 963 3184 non
982 3134 1015 3186 ad
1032 3133 1216 3206 philosopham
1229 3135 1363 3191 rationem
1376 3155 1446 3192 com·

396 3216 513 3290 positum
534 3234 588 3268 esse
605 3215 678 3270 hunc
697 3217 896 3272 Paradoxorum
915 3220 1042 3289 libellum,
1065 3224 1110 3276 sed
1131 3224 1245 3276 sormam
1264 3235 1291 3278 et
1309 3224 1462 3279 consilium

396 3304 541 3359 oratoriam
562 3304 651 3377 potius
668 3315 752 3359 artem
772 3324 836 3376 prae
854 3327 882 3360 se
901 3307 981 3376 serre,
1002 3310 1161 3382 singulaque
1180 3310 1317 3364 Paradora
1334 3311 1446 3384 singulas

396 3412 452 3448 esse
469 3392 676 3447 declamationes
694 3394 883 3468 orationesque
904 3414 965 3449 eum
985 3398 1020 3451 in*
1032 3398 1114 3452 finem
1133 3400 1306 3470 compositas,
1326 3411 1357 3454 ut
1376 3397 1445 3471 quasi

395 3483 513 3535 oratorio
529 3481 646 3556 quodam
659 3481 781 3550 artificio,
800 3484 875 3538 utin
893 3483 1030 3541 rhetorum
1049 3487 1145 3541 scholis
1160 3487 1248 3554 fiebat,
1267 3487 1447 3562 philosophiae

394 3568 500 3624 decreta
523 3590 571 3641 per
590 3569 770 3643 eloquentiam
790 3570 823 3624 ad
843 3592 1015 3628 communem
1040 3588 1147 3647 captum
1168 3576 1389 3631 accommodatae
1411 3575 1446 3628 ri·

395 3658 524 3720 deantur,
555 3678 609 3728 quo
636 3659 669 3710 ad
698 3659 857 3730 popularem
886 3681 993 3716 sensum
1021 3664 1156 3736 fidemque
1183 3664 1457 3719 commendarentur.'

395 3741 498 3810 Quodsi
518 3743 600 3814 igitur
617 3744 779 3799 rhetoricum
798 3746 897 3800 librum
914 3769 976 3803 eum
993 3740 1096 3820 dixeris,
1114 3753 1142 3805 in
1159 3771 1214 3824 quo
1228 3751 1293 3806 artis
1306 3763 1445 3825 praecepta

395 3830 553 3894 traduntur,
581 3830 729 3886 rhetoricus
747 3853 803 3886 non
821 3846 874 3888 est:
903 3838 947 3890 sed
967 3840 988 3892 si
1006 3860 1067 3893 enm
1087 3859 1197 3913 quoque
1214 3838 1315 3894 librum
1333 3838 1446 3894 rhetori·

396 3934 457 3970 curn
477 3917 566 3971 dicere
585 3918 663 3985 libet,
690 3921 735 3992 qui
761 3923 910 3994 exemplum
935 3928 998 3980 artis
1022 3928 1170 3982 rhetoricae
1195 3927 1228 3980 ad
1253 3927 1329 3982 locos
1347 3929 1446 4002 aliquot

395 4025 423 4059 ea
442 4005 609 4077 philosophia
630 4008 804 4080 depromptos
821 4015 1041 4071 accommodatae
1063 4015 1181 4081 exhibet,
1206 4035 1261 4087 quo
1279 4017 1371 4070 minus
1389 4015 1446 4069 rhe-

396 4095 494 4149 toricus
513 4095 618 4149 dicatur
635 4096 834 4153 Paradosorum
853 4101 973 4171 libellus,
994 4105 1058 4158 nihil
1078 4104 1203 4176 impedio.
1221 4103 1252 4155 M
1258 4123 1282 4157 r.

466 4185 664 4252 Animadverti,
682 4189 788 4256 Brute,]
808 4189 953 4258 „Quatuor
970 4193 1032 4245 libri
1052 4193 1113 4246 Aldi
1132 4191 1247 4244 llllanutii
1266 4191 1388 4263 Nepotis,
1405 4189 1448 4262 qui

395 4269 543 4324 octodecim
563 4271 676 4327 Codices
695 4276 823 4342 contulit,
851 4279 1063 4332 animadvorti.“
1094 4279 1220 4333 Gernh.
1241 4308 1275 4318 -
1306 4280 1448 4350 Legituro

396 4358 482 4408 Brute
498 4359 526 4411 in
545 4359 612 4415 Cod.
631 4361 746 4434 Guelph.
764 4364 849 4434 (Gud.
869 4367 951 4434 150).
989 4367 1072 4422 Abest
1089 4387 1168 4439 saepe
1187 4367 1220 4421 ah
1240 4366 1291 4420 Ox.
1307 4386 1331 4419 a.
1376 4366 1450 4421 Scri-

395 4440 467 4497 bitur
484 4465 544 4517 sepe
561 4449 588 4501 in
608 4451 652 4504 Cr.
671 4456 711 4518 l.,
741 4454 769 4506 in
788 4454 884 4506 eodem
903 4465 928 4507 et
948 4451 993 4506 Cr.
1011 4459 1035 4507 2.
1055 4457 1207 4510 Cathonem.
1246 4454 1343 4508 Monet
1362 4454 1449 4525 Wyu.
