3450 5342
707 707 912 758 reconstruit.
1286 685 1332 760 21
1426 755 1429 760 .

280 863 382 936 inquit,
403 863 471 920 torre
489 863 524 935 (l)
542 866 625 921 libans
642 866 835 921 de-Finibus.⁴‘
871 864 1097 938 wyttenbachius
1110 877 1198 923 autem
1215 869 1245 923 in
1257 871 1336 927 scbo·

281 954 314 1006 lis
332 951 413 1007 baec:
433 953 524 1021 „Quia
542 952 586 1008 ille
605 954 692 1008 maior
709 955 792 1022 liber,
811 958 893 1027 quem
913 954 947 1008 ad
966 959 993 1008 le
1010 953 1120 1025 scripsi,
1139 954 1287 1011 maioribus
1298 958 1336 1011 vi-

281 1038 366 1112 giliis,
383 1041 401 1094 i.
420 1059 445 1095 e.
464 1041 631 1114 longioribus
647 1043 784 1110 noctibus,
799 1043 939 1097 mensibus
955 1042 1089 1110 bibernis,
1113 1040 1159 1097 bic
1176 1061 1242 1114 ergo
1261 1044 1337 1112 liber,

284 1148 366 1202 quem
385 1128 432 1183 tibi
450 1129 547 1184 donari
566 1141 696 1203 tanquam
713 1150 827 1197 munus,
846 1131 863 1184 i.
883 1151 906 1186 e.
925 1149 1006 1203 quem
1025 1131 1075 1186 tibi
1093 1130 1196 1197 dicavi,
1215 1133 1340 1203 apparuit

284 1217 314 1270 in
332 1229 379 1271 tuo
397 1217 523 1285 nomine,
541 1218 561 1272 i.
576 1238 600 1272 e.
618 1229 665 1273 tuo
683 1219 794 1273 nomine
813 1218 958 1290 insignitus
971 1229 1019 1273 est.
1053 1217 1101 1272 Est
1117 1218 1254 1292 enimtbic
1271 1219 1340 1273 liber

285 1309 392 1358 Brutus
410 1326 431 1359 s.
447 1305 483 1358 de
497 1303 585 1364 Claris
601 1305 795 1369 Oratoribus.“
830 1306 911 1375 Quae
926 1306 993 1360 item
1012 1314 1051 1359 est
1069 1306 1200 1361 sententia
1213 1304 1339 1374 Scbiitaii,

285 1392 333 1462 qui
351 1392 379 1445 in
397 1392 602 1464 Prolegomenis
618 1393 652 1447 ad
670 1394 822 1462 Paradora,
839 1395 918 1462 „llnc
934 1393 1001 1448 nibil
1018 1392 1108 1460 aliud,
1138 1393 1258 1465 scripsit,
1282 1413 1339 1448 esse

285 1490 387 1551 potest,
412 1498 495 1551 qum
510 1480 581 1534 liber
598 1480 632 1534 de
650 1480 933 1549 ClarisOratcribus,
958 1481 1005 1553 qui
1029 1479 1183 1536 inscribitur
1206 1485 1339 1538 Bratus.“

283 1567 367 1636 Quod
385 1567 451 1622 mibi
469 1588 580 1641 quoque
598 1569 703 1623 ridetur
720 1569 906 1624 certissimum.
923 1597 958 1608 -
994 1565 1122 1621 Ceterum
1139 1568 1174 1621 de
1192 1567 1296 1640 Vigiliis
1312 1579 1338 1622 et

283 1655 528 1710 Lucubrationibus
545 1655 627 1710 exstat
643 1651 786 1728 singularis
803 1656 909 1711 libellus
930 1654 1081 1728 christoph.
1107 1653 1229 1722 Cellarii,
1256 1674 1338 1728 quem

283 1742 420 1813 inscripsit
438 1742 709 1810 lucubratiunculam,
728 1742 814 1796 editus
830 1743 914 1797 Halae
931 1747 1003 1799 1699
1021 1754 1049 1797 et
1065 1747 1144 1801 1705.
1161 1749 1187 1798 4.
1206 1755 1233 1798 et
1246 1745 1339 1815 dispu-

283 1831 351 1887 tatio
369 1828 471 1883 Mureti
489 1831 568 1884 Varr.
593 1830 676 1884 lectt.
699 1830 794 1897 XVlll,
817 1833 862 1886 ts.
909 1830 952 1885 Ad
976 1852 999 1885 r.
1019 1850 1117 1884 munus
1142 1829 1232 1884 laudat
1258 1831 1339 1902 Borg.

283 1917 482 1992 praelationem
500 1916 615 1990 Aquilae
631 1918 746 1972 Ronsani
772 1918 941 1989 grammatici
966 1919 1000 1972 ad
1028 1918 1148 1973 libellum
1175 1919 1209 1972 de
1233 1919 1340 1990 Figuris

285 2005 486 2062 Sententiarum
503 2005 551 2076 (ad
569 2004 670 2060 calcem
689 2005 781 2060 Rutilii
799 2005 884 2077 Lupi>
900 2026 915 2060 a
933 2006 1096 2061 Rubnkenio
1113 2006 1225 2072 editum,
1241 2006 1287 2059 ubi
1301 2016 1341 2074 est

286 2117 312 2168 p.
327 2098 393 2152 139:
411 2094 522 2166 ideoque
537 2103 634 2164 postea
651 2094 701 2149 liae
717 2095 826 2164 plenum
842 2093 895 2146 tibi
911 2113 1009 2147 marrus
1021 2095 1167 2147 reddemus.
1202 2092 1341 2147 Memora·

286 2184 340 2240 bile
357 2184 438 2238 etiam
455 2181 520 2235 illud
537 2191 590 2249 est,
608 2182 682 2254 quod
700 2182 730 2236 in
751 2180 820 2236 Cad.
837 2181 911 2236 Gud.
927 2181 961 2236 Α.
978 2183 1065 2235 verbis
1082 2184 1213 2235 neniarum
1230 2179 1339 2252 vigilia-

287 2293 347 2325 rum
365 2271 577 2344 superscriptum
594 2281 648 2324 est:
666 2280 742 2325 notat
759 2269 805 2324 lib.
817 2271 850 2322 de
866 2271 936 2340 rep„
957 2280 984 2323 et
995 2270 1022 2322 in
1039 2268 1091 2323 Ox.
1109 2270 1128 2322 l.
1146 2267 1339 2339 scriptumest:

287 2358 615 2431 qnoniamopueillud
631 2360 762 2412 maiarum
785 2358 943 2430 edgiliarum
971 2358 1256 2411 Tusculanarum
1279 2373 1341 2407 mu-

287 2466 348 2512 nus,
366 2446 394 2499 in
412 2444 606 2499 constratu.
623 2447 753 2517 quaniam
772 2445 941 2517 illud-eget
959 2446 1090 2499 maiarum
1106 2445 1263 2517 vigiliarum
1280 2462 1341 2496 mu-

287 2553 349 2588 nus,
361 2534 654 2587 Tusculanarum.
689 2532 764 2602 Quid
782 2532 977 2605 sibirelitillud
990 2543 1052 2605 eget
1069 2553 1126 2587 non
1139 2533 1219 2588 facile
1236 2530 1339 2598 dixeris,

282 2623 340 2677 nisi
356 2623 426 2676 lorte
438 2621 534 2694 aliquis
552 2621 684 2693 glossator
700 2620 729 2675 in
747 2619 871 2691 margine
888 2621 1030 2693 adscripsit
1046 2622 1183 2694 egregium
1200 2638 1247 2687 sc,
1264 2635 1341 2673 com·

287 2710 391 2785 pendia
408 2707 556 2779 scriptum,
579 2707 664 2780 quod·
681 2726 822 2780 perperam
847 2706 946 2762 lectum
963 2709 991 2761 in
1018 2719 1168 2764 contentam
1192 2704 1342 2760 orationem

287 2796 392 2868 recepit
411 2795 536 2849 librarius
559 2795 673 2867 ineptus.
714 2796 747 2849 ln
773 2795 840 2849 cod.
856 2794 938 2848 Drsd.
957 2799 983 2850 5.
1005 2796 1077 2849 abest
1095 2815 1205 2861 munus,
1233 2804 1259 2848 et
1283 2801 1342 2865 post
1384 2846 1388 2855 s

288 2887 393 2942 nemine
410 2883 532 2956 sequitur
549 2882 685 2955 quidem
703 2883 842 2952 apparuit.
878 2881 939 2937 ΜΓ.

362 2970 531 3044 Degustabis
548 2983 576 3023 et
593 2972 655 3039 hoc]
673 2971 717 3025 Al.
736 2982 764 3023 et
783 2969 942 3043 ‹lega-stabis
961 2971 1017 3024 boc.
1054 2969 1150 3025 Face.
1180 2982 1183 2986 ⁴

361 3072 390 3113 et
408 3059 567 3132 degustabis
583 3078 670 3131 genus
686 3061 759 3128 boc,]
788 3060 877 3113 Verba
897 3071 923 3112 et
942 3057 1100 3132 degustabis
1118 3075 1202 3129 usque
1228 3057 1262 3113 ad
1281 3074 1343 3109 carr-

288 3151 367 3205 suevi
384 3150 480 3203 desunt
502 3148 531 3200 in
548 3146 616 3201 Cod.
634 3148 715 3202 Drsd.
733 3152 768 3213 ⁴3
791 3147 861 3201 cod.
875 3147 926 3202 Or.
950 3147 982 3200 E.
1010 3147 1092 3200 Bern.
1115 3143 1225 3217 Erlang.
1248 3143 1343 3197 Duisb.

288 3238 351 3294 cn.
361 3241 388 3291 ².
406 3235 478 3290 Gud.
496 3234 527 3290 Β.
545 3234 597 3289 Ed.
613 3234 698 3290 Sullr.
716 3236 798 3304 Petri,
819 3238 891 3292 Vict.
906 3237 1000 3290 bamb.
1019 3235 1146 3290 omittunt
1162 3235 1285 3288 boccum
1294 3231 1343 3287 Ed.

289 3328 379 3402 princ.
395 3325 559 3398 Magassa.
578 3343 655 3379 voces
670 3335 698 3377 et
716 3335 743 3378 et
761 3327 811 3378 bac
827 3325 956 3379 omittunt
972 3323 1041 3377 Edd.
1060 3325 1219 3376 Veniatia.
1238 3331 1344 3374 nostrae

289 3416 548 3468 venun-151⁴.
564 3413 650 3485 bugd.
661 3417 741 3468 1515.
755 3415 883 3468 Daveutr.
901 3416 981 3467 1515.
1000 3412 1061 3465 Par.
1075 3413 1154 3465 1501.
1190 3407 1261 3461 Cum
1274 3408 1296 3460 F
1297 3426 1344 3462 ac-

290 3502 355 3559 ciol.
374 3512 433 3573 past
450 3502 580 3571 apperuit
597 3501 677 3573 plens
695 3501 862 3571 distinguunt
881 3509 1051 3571 pergantque
1069 3494 1236 3567 Degustabis
1252 3503 1280 3544 et
1295 3494 1345 3545 boc

288 3609 377 3664 genus
394 3587 463 3644 Edd.
483 3588 516 3642 ll.
534 3589 620 3643 Wott
638 3589 700 3643 Atd.
719 3592 804 3644 154&
817 3589 901 3642 Paris.
918 3588 998 3641 1545.
1043 3582 1098 3637 Sed
1116 3580 1170 3635 boc
1197 3590 1235 3635 est
1250 3589 1345 3634 coum

290 3695 398 3731 morem
416 3674 563 3731 Ciceronis.
604 3677 660 3730 Nos
672 3678 790 3750 optimos
807 3676 947 3749 sequimur
964 3672 1046 3727 libros
1062 3682 1090 3726 et
1107 3667 1220 3741 scriptos
1242 3677 1270 3723 et
1287 3665 1346 3721 edi·

291 3775 342 3819 tos.
378 3763 439 3817 Mr.
916 3811 919 3818 .

364 3863 403 3912 Et
429 3858 586 3932 degustabis
617 3879 702 3932 genus
731 3862 792 3930 bac]
821 3860 871 3914 Or.
892 3860 926 3913 ad
955 3857 1098 3912 lectionem
1134 3854 1284 3919 librorum,
1315 3852 1344 3905 in

291 3951 390 4024 quibus
419 3948 493 4002 deest
524 3950 573 4001 boc
599 3947 639 4001 vel
666 3959 694 4000 et
719 3951 783 4015 boe,
807 3949 916 4021 signum
943 3946 1058 4011 addidit,
1093 3963 1147 4016 quo
1172 3940 1345 4014 significatur,

290 4038 421 4093 lectiones
455 4036 504 4090 bae
534 4054 590 4091 esse
620 4037 823 4102 memorabiles,
856 4041 979 4107 receptae
1009 4035 1119 4086 fortasse
1152 4028 1348 4102 praeferendas.

293 4125 361 4180 Mibi
381 4125 491 4198 quidem
508 4124 631 4180 videntur
654 4144 710 4178 non
739 4125 821 4179 mado
848 4144 905 4178 non
925 4123 1053 4178 tantidem
1074 4119 1269 4182 aestimandae,
1301 4113 1346 4168 sed

294 4234 329 4267 ne
347 4212 502 4285 probabiles
519 4212 629 4286 quidem
647 4233 711 4268 esse.
747 4214 789 4267 Aa
808 4234 830 4268 v.
850 4211 1007 4286 degustabis
1023 4211 1105 4279 Borg.
1125 4205 1281 4260 contende
1299 4201 1348 4258 Or.

293 4302 326 4368 ll,
346 4304 395 4357 ts:
414 4301 508 4374 itaque
521 4302 582 4373 feci
600 4330 635 4341 -
652 4301 810 4355 cristarum
828 4302 945 4354 oninium
964 4295 1117 4352 summatim
1136 4310 1233 4345 causas
1257 4300 1284 4343 et
1300 4309 1348 4362 ge-

294 4407 361 4442 nera
379 4390 440 4458 ipsa
455 4390 613 4460 gustavi.
650 4389 709 4442 Me.

370 4477 606 4530 Exercitationem
623 4477 740 4544 aarum]
760 4476 798 4532 lta
816 4474 904 4530 Codd.
922 4471 1007 4528 ors.
1027 4467 1107 4524 Drsd·
1118 4471 1142 4524 1.
1160 4467 1267 4524 Suerin.
1283 4467 1350 4522 Edd.
