3450 5342
612 713 807 764 rinrnoxon
830 717 860 763 v.
888 714 958 764 cur.
980 714 1004 762 ι.
1254 692 1327 769 223

278 878 318 926 ad
342 876 491 928 utilitatem
517 874 743 944 referantur5
775 871 820 939 tlt,
846 875 904 926 18.:
930 872 966 926 ab
992 872 1036 926 tris
1060 875 1161 927 omnia
1185 879 1333 948 prosici-

279 976 445 1030 scontur,
464 991 499 1003 -
517 963 556 1013 od
571 980 603 1013 ea
622 961 757 1033 referri
775 978 863 1012 omnes
882 970 991 1014 nostras
1009 959 1195 1031 cogitationes.
1231 962 1288 1017 Mr.

350 1069 421 1123 quae
436 1051 500 1120 plus
519 1050 595 1120 opud
617 1068 676 1101 eum
701 1048 831 1118 polleat,]
869 1046 1012 1116 „Quidam
1038 1048 1085 1102 lib.
1109 1067 1170 1100 eum
1195 1050 1286 1125 apud,
1313 1061 1337 1103 et

279 1139 318 1193 sic
345 1139 425 1192 etiam
450 1141 539 1192 Varro
567 1137 673 1192 locutus
697 1147 748 1204 est,
776 1136 816 1190 sic
842 1154 909 1206 quos
926 1138 1011 1201 iuter,
1039 1136 1191 1188 memoriam
1211 1147 1338 1206 praeter:

283 1244 363 1299 supra
383 1226 518 1280 observavi
536 1226 657 1279 omnibus
674 1243 723 1286 ex‚·
747 1223 819 1296 apud
838 1223 958 1277 Livium:
980 1221 1093 1275 Tiberim
1112 1232 1224 1283 contra,·
1243 1241 1273 1274 eo
1292 1241 1336 1275 ro-

281 1333 340 1366 ram
357 1314 494 1368 Tacitus.“
512 1315 543 1367 C.
562 1314 662 1384 Lang.
698 1311 805 1382 „Apud
819 1330 888 1365 eum.
937 1309 983 1366 Sic
1002 1329 1096 1365 omnes
1114 1311 1176 1365 mei.
1220 1311 1337 1383 bangius

283 1401 379 1455 ordine
397 1405 596 1474 praepostero.“
615 1399 689 1453 Ald.
707 1398 833 1452 Manut.
872 1399 940 1453 cod.
968 1397 1027 1452 Cra.
1046 1404 1072 1452 2.
1098 1398 1178 1454 babet
1203 1402 1281 1470 opud
1297 1402 1338 1453 il-

281 1487 357 1542 lum.
392 1488 483 1542 Verba
511 1489 588 1560 apud
603 1506 663 1539 eum
679 1487 775 1540 desunt
793 1486 821 1538 in
840 1484 892 1539 Ox.
911 1507 937 1555 η.
957 1487 1026 1545 Cod.
1045 1487 1126 1564 Drsd.
1146 1492 1172 1543 1.
1191 1488 1270 1544 babet
1286 1508 1337 1560 po-

282 1573 358 1636 tent,-
386 1592 439 1631 var.
455 1575 549 1647 Magn.
568 1575 625 1630 eius
647 1575 709 1629 loco
728 1574 808 1629 babet
822 1574 937 1646 glossam
956 1575 1058 1630 voleat.
1095 1576 1126 1629 in
1145 1579 1204 1630 Cra.
1221 1582 1245 1630 2.
1264 1578 1335 1631 deest

281 1661 367 1718 illius.
401 1663 474 1716 Tum
493 1661 552 1716 cn.
571 1666 599 1716 1.
617 1662 698 1717 babet
714 1673 743 1714 et
759 1681 811 1735 pro
829 1674 922 1736 atque.
967 1664 1009 1718 Ad
1035 1662 1200 1718 locutionem
1228 1665 1264 1719 of.
1282 1664 1338 1718 cic.

282 1747 317 1802 de
335 1748 393 1803 off.
412 1748 444 1816 ΙΙ,
463 1753 494 1804 ⁹:
513 1750 552 1801 od
561 1749 648 1819 fidem
660 1750 823 1821 faciendam
846 1749 957 1802 iustitio
980 1751 1044 1821 plus
1065 1752 1159 1822 pailet.
1195 1752 1270 1807 Brut.
1289 1756 1337 1807 51:

277 1837 427 1904 perorandi
444 1832 533 1903 idrus,
554 1835 601 1888 ubi
618 1837 765 1907 plurimum
779 1837 866 1907 pollet
884 1839 980 1894 oratio.
1022 1837 1072 1892 Ed.
1096 1838 1173 1893 Scbz.
1192 1859 1336 1911 operarum

284 1940 376 1976 errore
394 1922 520 1993 qoluptas
537 1943 588 1995 pro
606 1924 742 1978 voluntas.
789 1923 913 1978 Eundem
938 1943 990 1996 ego
1016 1945 1135 1980 errorem
1161 1925 1266 1980 Codicis
1294 1946 1340 1981 re-

284 1996 497 2082 scripti'bnrresi
517 2012 589 2083 apud
608 2011 664 2066 Cic.
683 2012 716 2065 de
733 2013 801 2084 Rep.
819 2010 840 2067 Ι.
858 2017 885 2066 2.
908 2032 936 2085 p.
955 2015 1000 2069 13.
1040 2013 1105 2067 Erat
1123 2024 1212 2067 autem
1231 2015 1284 2088 ibi:
1312 2027 1340 2067 et

286 2099 414 2170 quoniam
431 2128 464 2137 -
484 2100 623 2152 studemus
646 2101 747 2154 nostris
765 2129 800 2140 —-
818 2099 956 2154 laboribus
979 2101 1107 2155 tutiorem
1123 2130 1159 2143 ·-
1178 2105 1264 2155 uitam
1288 2098 1353 2158 lio-¹

285 2187 385 2237 minum
404 2186 527 2253 reddere,
544 2198 572 2240 et
590 2189 629 2239 ad
646 2189 717 2241 bano
734 2188 959 2259 voluptatem
985 2189 1072 2259 ipsius
1097 2201 1215 2244 moturae
1240 2194 1338 2245 stimu—

286 2274 322 2325 lis
337 2275 484 2329 incitamur
496 2305 540 2330 -.
569 2276 629 2349 Ego
648 2277 750 2331 correxi
768 2277 957 2343 voluntatem,
972 2277 1065 2350 ibique
1083 2279 1201 2333 rationes
1225 2279 1341 2352 exposui,

286 2382 369 2435 quas,
386 2365 433 2436 qui
453 2364 651 2436 ponderarunt,
671 2384 726 2418 non
745 2375 894 2436 potuerunt
911 2384 967 2418 non
987 2367 1119 2438 probare,
1146 2367 1176 2420 in
1199 2365 1240 2420 bis
1262 2369 1340 2421 etiam

285 2451 406 2506 Orellius
423 2464 450 2506 et
467 2452 625 2507 C.Beierus.
662 2451 824 2507 Exstiterunt
841 2464 931 2506 tamen
950 2454 993 2523 (nt
1011 2452 1078 2508 solet
1093 2453 1164 2523 fieri)
1182 2474 1341 2526 propugna-

287 2547 359 2591 tores
376 2538 499 2593 iectionis
515 2541 697 2611 voluptatem,
716 2540 778 2613 qui,
803 2540 877 2594 nulla
897 2541 1000 2595 ratione
1018 2541 1136 2614 prolata,
1161 2542 1284 2614 frugibus
1298 2543 1342 2595 in-

288 2625 371 2678 ventis
390 2627 424 2678 ad
442 2627 552 2697 glandes
570 2648 621 2682 nos
646 2629 734 2682 redire
761 2629 896 2683 iuberent.
940 2627 1069 2683 Similiter
1093 2629 1164 2682 inira
1189 2648 1212 2684 o.
1232 2635 1257 2683 2.
1281 2629 1342 2684 ima

286 2713 412 2784 quuitur
429 2714 467 2764 ad
483 2715 723 2782 voluntatem,
742 2716 787 2769 ubi
806 2727 884 2782 sunt,
903 2715 949 2788 qui
969 2715 1058 2787 legant
1074 2716 1257 2786 voluptatem:
1285 2716 1342 2768 Ho-

287 2811 338 2853 rat.
358 2798 412 2855 Od.
426 2801 446 2866 i,
464 2806 507 2869 at,
521 2805 571 2857 13:
589 2803 635 2856 ubi
655 2823 705 2874 pro
724 2813 813 2856 cessat
831 2803 960 2856 voluntas
979 2802 1056 2856 multi
1073 2803 1135 2857 libri
1154 2802 1278 2857 exhibent
1296 2821 1344 2853 vo-

287 2891 397 2959 luptas,
422 2890 456 2944 ad
475 2909 556 2963 quem
579 2890 670 2945 locum
688 2889 738 2944 vid.
763 2888 1083 2962 linimen-Peerlkamp.
1103 2894 1202 2962 p.115.
1220 2900 1246 2943 et
1257 2886 1342 2942 Orell.

243 2976 246 2983 '
288 2977 339 3031 Ed.
359 2978 420 3048 maj.
438 2997 491 3032 sec.
513 2998 541 3050 p.
559 2981 621 3034 143.
656 2976 715 3030 Mr.

361 3068 406 3118 cui
423 3067 528 3138 quidem
546 3067 637 3131 etiam,
656 3083 726 3138 quae
744 3066 798 3119 vim
818 3065 915 3118 babere
933 3066 1079 3118 maximam
1097 3066 1217 3134 divitum]
1239 3066 1341 3119 Vocem

289 3152 395 3223 quidem
413 3154 719 3209 omnimodorum
747 3172 811 3209 cum
840 3155 934 3208 Duisb.
960 3165 986 3208 et
1010 3153 1083 3208 Gud.
1102 3155 1150 3218 A.;
1175 3153 1246 3206 idem
1265 3152 1343 3206 babet

235 3251 238 3258 ·
289 3258 360 3312 quoe
385 3243 438 3294 vim
455 3241 636 3294 maximam
660 3241 788 3294 babere
817 3242 931 3308 dieitur,
959 3262 1022 3297 cum
1047 3241 1106 3296 Bas.
1131 3240 1222 3294 Gueii.
1250 3240 1345 3293 Duisb.

289 3331 349 3381 Cra.
368 3333 394 3383 1.
414 3330 440 3381 3.
459 3329 539 3382 Drsd.
560 3331 586 3381 1.
604 3333 630 3381 2.
648 3332 673 3383 3.
720 3331 822 3383 Vocem
846 3332 991 3382 maximam
1016 3329 1114 3383 omittit
1137 3329 1188 3382 Ox.
1208 3347 1246 3390 o.;
1275 3326 1342 3380 Cod.

289 3414 399 3470 Suerin.
418 3413 492 3468 Gud.
510 3415 540 3468 Β.
556 3415 636 3468 Drsd.
655 3419 681 3469 4.
708 3417 762 3467 vim
787 3415 885 3468 babere
904 3417 1006 3468 dicitur
1024 3407 1186 3476 maximam,-
1217 3415 1297 3468 Drsd.
1316 3417 1342 3468 5.

288 3505 345 3557 vim
372 3520 444 3556 max.
469 3502 533 3556 trab.
556 3503 608 3556 dic.
635 3502 733 3556 omisso
752 3520 840 3575 quae,·
874 3501 945 3555 Gud.
964 3500 995 3555 Β.
1025 3519 1119 3572 quem
1137 3500 1190 3552 vim
1213 3498 1276 3552 aab.
1295 3500 1345 3552 dic.

288 3609 362 3644 max.
383 3589 441 3644 Mr.
484 3595 627 3657 „Fortuna
646 3602 684 3644 est
702 3590 809 3642 domina
827 3607 916 3642 rerum
933 3599 960 3642 et
979 3597 1152 3639 externarum
1180 3596 1207 3638 et
1232 3585 1270 3635 ad
1287 3604 1345 3636 cor-

285 3699 342 3750 pus
358 3679 566 3747 pertinentium,
587 3689 616 3733 ut
634 3679 670 3732 ait
689 3678 785 3733 Cicero
802 3677 899 3732 Tusca.
920 3677 990 3731 libro
1010 3677 1042 3728 V.
1064 3677 1144 3743 [ab]
1164 3674 1209 3748 qui
1229 3674 1256 3727 in
1276 3673 1344 3726 libro

290 3767 324 3820 de
343 3764 448 3819 Officiis
467 3766 499 3819 ΙΙ.
519 3768 555 3838 [c.
574 3768 611 3835 ii.]
631 3785 756 3838 magnam
774 3766 829 3819 vim
845 3784 902 3819 esse
919 3766 947 3818 irr
960 3765 1082 3836 fortuna
1101 3763 1166 3817 dicit
1190 3763 1218 3815 in
1239 3773 1344 3815 utrom-

292 3872 345 3924 que
359 3864 480 3924 partem,
506 3855 549 3909 vel
565 3855 604 3906 od
621 3855 752 3908 secundas
772 3854 815 3906 vel
838 3855 988 3906 adversas.'
1025 3854 1097 3904 Nam
1121 3861 1149 3903 et
1173 3869 1255 3922 quum
1280 3868 1345 3919 pro-

292 3958 369 4011 spero
380 3944 456 4011 flatu
475 3944 535 3995 eius
554 3943 657 3995 utimur
674 3944 714 3994 ad
731 3953 840 4012 optatos
859 3943 950 3994 exitus
967 3940 1152 4010 provehimur,
1170 3949 1198 3990 et
1223 3956 1282 3989 cum
1301 3955 1345 3987 re-

283 4028 387 4099 flavit,
407 4029 565 4102 affligimur.
601 4032 642 4084 De
667 4032 690 4084 vi
708 4031 834 4085 fortunae
854 4031 917 4102 quia
944 4029 988 4082 alii
1006 4026 1083 4080 multi
1101 4025 1245 4096 scriptores
1263 4023 1345 4077 tradi-

291 4116 405 4184 derunt,
424 4118 490 4172 iliud
508 4118 595 4171 solum
614 4119 811 4185 adscribamus,
830 4116 904 4188 quod
922 4127 959 4170 est
985 4113 1056 4186 apud
1074 4111 1209 4176 Plinium,
1242 4128 1301 4179 cap.
1320 4112 1345 4161 t.

290 4204 363 4258 libro
383 4210 413 4258 2:
434 4210 517 4272 Toto,
536 4206 639 4278 inquit,
665 4208 763 4260 mundo
788 4217 816 4258 et
833 4207 899 4258 locis
926 4204 1047 4257 omuibus
1065 4198 1236 4270 omnibusque
1262 4197 1344 4262 boris,

291 4293 410 4344 omnium
430 4292 537 4346 vocibus
550 4294 671 4366 fortuna
689 4294 748 4346 solo
765 4294 924 4356 invocatur,
955 4301 983 4341 et
1010 4304 1065 4341 una
1089 4286 1258 4348 nominatur,
1290 4303 1345 4336 uria

290 4389 459 4444 accusatur,
477 4398 534 4433 uma
551 4382 646 4453 agitur
664 4400 725 4443 rea,
743 4400 799 4434 una
818 4382 965 4451 cogitatur,
984 4376 1041 4429 sola
1060 4375 1204 4440 laudatur,
1221 4371 1279 4426 sola
1298 4390 1346 4423 ar-

289 4465 392 4537 guitur
409 4475 511 4519 etcum
540 4467 664 4521 conviciis
695 4468 801 4523 colitur.
859 4464 992 4522 Volubilis
1015 4482 1033 4515 o
1058 4461 1193 4533 plerisque
1213 4472 1241 4515 et
1266 4479 1345 4515 caeca
