3450 5342
336 674 411 748 220
647 695 820 746 ramnum
849 693 1043 743 srorcoauu.

332 870 395 912 tarr.
415 857 518 929 Epictet
537 856 594 910 Lib.
615 856 660 909 lV.
680 875 703 911 c.
722 859 747 909 1.
769 872 829 925 prc.
872 848 1023 923 Ἐλεύθερός
1048 845 1149 904 ἐστινὸ
1172 849 1223 911 ζῶν
1241 846 1276 908 ὥς
1295 847 1385 915 βούλι-

331 967 390 1009 ται,
410 943 438 998 iis
456 941 510 997 οὔτ’
526 941 672 1010 ἀναγκάσαι
688 946 772 1006 ἐστὶν,
801 937 861 994 οὔτε
879 939 1007 1007 κωλύσαι,
1034 937 1092 992 nilne
1110 934 1275 1004 βιάσασθαι·
1305 925 1336 989 οὗ
1359 938 1384 988 αἱ

332 1031 412 1105 ὁρμαὶ
428 1030 625 1094 α’νιμσιᾶδιστοι,
643 1031 671 1082 ui
689 1027 780 1101 ὄρὲξιις
798 1032 988 1092 iusrsvsrssul,
1012 1028 1040 1080 ui
1056 1029 1180 1085 ἐκκλίσεις
1197 1022 1381 1095 ἅπερίπτωτιι.

332 1122 374 1174 De
398 1120 533 1175 locutione
557 1118 665 1172 vivendi
682 1119 743 1184 vin,
772 1118 851 1172 etiam
877 1116 987 1171 Graecis
1003 1125 1030 1169 et
1046 1114 1173 1168 Hebraeis
1198 1113 1310 1180 usitata,
1336 1113 1381 1165 vid.

332 1205 456 1261 Creuaer.
474 1206 507 1259 ad
525 1205 624 1260 Plotio.
650 1204 721 1258 Enn.
742 1202 879 1271 111,a,5.
906 1223 935 1275 p.
961 1205 1022 1258 259.
1050 1201 1099 1255 Ed.
1126 1221 1168 1273 pr.
1212 1201 1257 1254 De
1288 1200 1381 1254 Datiro

332 1314 394 1348 cum
412 1295 518 1348 Passivo
544 1293 597 1347 vid.
620 1292 751 1347 Ottonem
779 1293 807 1344 in
827 1291 946 1346 Excursu
975 1291 1008 1344 ad
1028 1289 1085 1344 Cic.
1110 1291 1143 1343 de
1168 1290 1250 1343 Finn.
1277 1309 1306 1361 p.
1326 1293 1383 1344 311.

332 1382 374 1434 Ad
394 1382 473 1434 verba
492 1381 564 1435 conl.
583 1380 641 1434 Cic.
663 1381 693 1433 in
711 1382 788 1433 Verr.
807 1379 868 1434 Act.
887 1380 921 1433 ll.
945 1379 1003 1434 Lib.
1023 1377 1043 1445 l,
1065 1381 1162 1444 6,1·'t:
1188 1381 1255 1431 Men
1278 1377 1380 1449 quidem

333 1470 404 1521 ratio
421 1469 563 1539 explorata
581 1478 664 1541 atque
679 1467 789 1539 provisa
806 1477 857 1522 est.
894 1466 953 1520 Mr.

404 1557 451 1627 qui
467 1555 571 1628 legibus
590 1556 696 1628 quidem
713 1571 765 1607 nou
781 1565 893 1626 propter
911 1564 1009 1606 metum
1023 1554 1117 1622 paret]
1164 1550 1258 1619 „Libri
1286 1562 1380 1604 veteres

332 1642 441 1697 babent:
462 1644 509 1715 qui
525 1662 564 1696 ne
582 1643 686 1714 legibus
710 1644 817 1715 quidem
832 1654 944 1714 propter
969 1650 1067 1694 metum
1092 1642 1202 1710 pnrct.“
1230 1638 1379 1693 Lambin.

333 1730 432 1800 „Recte
451 1731 539 1803 itaque
557 1730 601 1785 ille
621 1731 666 1785 ait:

446 1821 567 1872 Oderunt
584 1838 693 1889 penem
712 1818 771 1872 bont
789 1819 902 1872 virtutis
920 1835 1023 1871 umore:

446 1908 567 1959 Oderunt
583 1925 694 1976 peccare
712 1907 777 1959 mali
789 1906 938 1978 formidine
954 1906 1083 1977 poenae.“
1103 1903 1196 1974 Xyst.
1215 1902 1329 1957 Betul.

333 1994 450 2048 Auctore
469 1993 601 2048 Cicerone
629 2013 679 2067 pro
704 1995 737 2048 Α.
757 1994 884 2048 Cluentio
902 2000 1004 2066 Legum
1027 1992 1126 2044 ideirco
1143 2009 1233 2044 omues
1249 1991 1319 2043 servi
1335 2010 1378 2049 sn,-

332 2100 406 2146 mus,
424 2091 457 2132 ut
474 2081 551 2134 liberi
566 2101 623 2136 esse
638 2083 797 2152 possimus.“
815 2083 889 2137 Fre.
907 2081 927 2135 S
933 2081 998 2154 ylv.
1034 2079 1122 2147 „Hinc
1139 2080 1281 2133 Demonax
1298 2077 1377 2149 Cyni-

333 2187 380 2222 cus
400 2169 471 2241 apud
484 2170 650 2237 Lucianumf
670 2171 694 2221 oi
712 2167 812 2237 ἀγαθοὶ
828 2164 913 2232 siuns
931 2164 962 2220 oti
975 2170 1094 2220 δὲοιταιι
1112 2166 1185 2238 quia,
1204 2177 1235 2219 ut
1253 2164 1375 2218 Salomon

333 2257 411 2323 dicit,
429 2258 537 2327 sopiens
554 2257 605 2310 sibi
622 2257 679 2327 ipae
696 2259 739 2309 lex
757 2268 808 2311 est.
854 2255 888 2310 Et
906 2255 1057 2326 Aristippus
1075 2272 1137 2309 cum
1162 2253 1375 2324 interrogaretur,

332 2363 384 2415 qna
406 2365 434 2398 re
454 2356 599 2417 praestaret
618 2343 790 2416 philosophus
818 2342 876 2397 aliis
894 2342 1061 2395 bominibus:
1089 2339 1133 2394 lde
1150 2338 1246 2399 πάντες
1265 2341 1288 2392 οἳ
1311 2335 1376 2399 riuos

333 2429 519 2503 ἀναιρεθῶσιν,
534 2429 626 2496 ὅμοίως
642 2431 778 2500 βιώσιμει,
795 2443 859 2487 teste
877 2431 1000 2501 Diogene
1020 2430 1152 2484 Laertiof‘
1170 2428 1290 2482 Graes.
1326 2427 1375 2479 Lo·

333 2539 379 2574 cus
398 2520 536 2584 Orationis
553 2541 604 2593 pro
623 2519 729 2575 Ciuent.
748 2530 786 2573 est
804 2523 882 2586 obi,
900 2523 967 2584 146;
986 2520 1060 2572 locus
1078 2517 1191 2572 Luciani
1209 2519 1238 2571 in
1258 2521 1290 2571 ei.
1324 2515 1374 2567 De-

333 2621 458 2664 monacte
475 2612 519 2665 59.
538 2628 564 2681 p.
576 2612 637 2665 394.
656 2608 690 2662 T.
699 2609 731 2661 ll.
748 2607 799 2661 Ed.
819 2605 982 2670 llemsterb.;
1000 2607 1075 2661 locus
1093 2605 1190 2660 Laertii
1208 2603 1281 2658 1..11.
1300 2621 1373 2674 segm.

333 2697 375 2748 68.
393 2716 419 2767 p.
438 2699 499 2753 120.
519 2697 561 2751 ed.
580 2696 708 2751 Meibom.
728 2725 761 2736 -
805 2697 931 2767 Legitur,
961 2695 1034 2766 quod
1053 2695 1146 2748 Lamb.
1173 2694 1200 2746 in
1221 2693 1295 2746 libris
1313 2703 1374 2745 vete-

332 2785 406 2838 ribus
425 2804 479 2839 esse
498 2785 575 2852 dicit,
603 2785 630 2837 in
649 2782 715 2837 On.
734 2783 765 2837 E.
786 2801 815 2847 ψ.
840 2784 920 2837 Drsd.
936 2789 960 2836 2.
980 2781 1074 2836 Duisb.
1097 2800 1129 2833 ne
1152 2780 1258 2852 legibus
1279 2778 1374 2851 quidem

330 2892 373 2942 pr.
380 2892 390 2934 ‚·
412 2893 462 2944 pro
485 2883 584 2925 aretum
604 2880 746 2923 estractus
765 2871 794 2922 in
820 2871 888 2924 cod.
912 2870 993 2924 Drsd.
1011 2874 1035 2924 1.
1062 2867 1129 2923 cod.
1154 2866 1229 2924 Gud.
1248 2867 1279 2920 B.
1304 2864 1374 2919 babet

331 2969 441 3028 propter
459 2969 557 3010 metum
575 2976 628 3009 non
642 2967 730 3025 paret.
768 2955 841 3010 Gud.
860 2957 893 3010 A.
918 2977 969 3029 pro
993 2969 1073 3028 paret
1090 2957 1194 3011 exhibet
1214 2957 1306 3010 seruit.
1348 2952 1373 3004 ln

333 3045 413 3098 Drsd.
429 3050 455 3099 4.
475 3045 541 3098 mira
560 3054 622 3098 sunt
636 3043 796 3115 compendia
815 3044 853 3100 sic
872 3065 993 3117 expressa
1009 3056 1119 3117 propter
1138 3054 1239 3098 nutum
1257 3048 1313 3098 2X
1329 3060 1373 3095 nou

332 3143 428 3202 paret,
447 3150 516 3202 quae
537 3130 601 3203 quid
619 3131 669 3185 sibi
689 3132 784 3199 velint,
804 3133 903 3188 nescio.
939 3135 1000 3189 Mr.

406 3220 452 3291 qui
469 3219 573 3292 legibus
591 3220 697 3292 quidem
714 3239 767 3272 non
782 3231 894 3292 propter
912 3223 1022 3291 aretum]
1060 3222 1122 3288 „sic
1145 3220 1283 3276 undecim.
1317 3217 1374 3271 Tres

334 3308 381 3380 qui
399 3326 459 3359 nec
476 3306 580 3379 legibus
606 3307 712 3380 quidem
734 3321 846 3379 propter
874 3320 981 3363 metum·
1024 3310 1101 3365 Unus
1132 3311 1180 3382 qui
1205 3307 1308 3382 legibus
1329 3320 1373 3357 nou

329 3405 442 3466 propter
465 3406 571 3450 metum.
590 3425 624 3436 -·
668 3399 790 3450 Metam:
813 3417 850 3452 sc.
880 3399 1084 3470 magistratuum
1111 3407 1137 3451 et
1161 3392 1374 3469 suppliciorum.“

332 3483 404 3537 Ald.
422 3483 508 3537 Man.
549 3484 583 3539 Et
605 3484 656 3539 boc
682 3486 791 3557 quidem
816 3486 894 3553 loco,
922 3487 941 3540 si
971 3504 1026 3558 quo
1054 3486 1120 3550 alio,
1147 3485 1240 3538 denuo
1265 3489 1373 3555 apparet,

332 3592 412 3645 quam
432 3572 511 3626 facile
530 3582 615 3636 erret,
643 3573 690 3644 qui
709 3593 739 3626 er
758 3575 872 3629 aliorum
897 3574 1070 3629 relationibus
1089 3574 1122 3626 de
1141 3573 1258 3628 lectione
1274 3566 1375 3625 alieuius

331 3661 383 3713 loci
402 3660 492 3713 refert.
530 3659 567 3713 lta
587 3660 692 3716 Gernb.
711 3663 774 3715 vidit
799 3665 827 3716 in
845 3663 1020 3718 annotatione
1046 3662 1222 3717 Lambiniana
1242 3661 1374 3716 lectionem

332 3767 364 3799 ne
379 3746 482 3817 legibus
501 3749 623 3818 quidem.-
642 3748 720 3817 inde,
743 3769 799 3804 non
818 3753 870 3806 visa
888 3753 1014 3808 Editione
1032 3752 1155 3809 Lambini
1183 3771 1207 3805 a.
1228 3755 1306 3806 1566.
1332 3766 1373 3802 ne·

333 3853 386 3905 que
402 3834 577 3888 Lambiniana
597 3834 686 3908 aliqua
705 3838 867 3908 posteriore,
894 3841 930 3895 ita
948 3841 1040 3913 legisse
1058 3840 1220 3894 Lambinum
1240 3835 1374 3894 concludit.

332 3921 386 3977 Sed
404 3940 493 3993 neque
511 3940 572 3976 sera
600 3923 775 3980 Lambiniana
794 3947 882 4000 neque
908 3931 1084 4001 posteriores,
1112 3947 1183 4000 quae
1207 3928 1306 3982 babent
1328 3925 1374 3978 eius

331 4011 532 4076 annotationes,
550 4021 650 4065 testum
668 4031 731 4067 vero
749 4025 811 4069 ante
829 4015 990 4070 Lambinum
1010 4016 1160 4087 vulgatum,
1186 4015 1267 4068 aliam
1287 4011 1374 4068 babent

333 4099 490 4168 lectionem,
512 4118 592 4171 quam
611 4118 662 4155 nos
679 4098 839 4156 exhibemus.
875 4101 980 4158 liabent
998 4115 1086 4158 autem
1105 4123 1137 4155 ne
1156 4101 1263 4174 legibus
1281 4098 1374 4172 quidem

330 4198 440 4257 propter
457 4198 556 4240 metum
574 4187 642 4243 Edd.
663 4186 731 4243 Vici.
755 4189 839 4245 Sullr.
859 4191 929 4246 Petr.
948 4203 974 4246 et
999 4212 1028 4245 er
1047 4191 1144 4245 nostris
1160 4189 1230 4243 Rob.
1249 4186 1338 4260 Steph.
1354 4192 1375 4236 el

331 4275 467 4331 Camerar.
482 4297 507 4330 a.
524 4280 608 4344 1516,
627 4296 696 4349 quae
713 4278 811 4348 prodiit
829 4279 937 4349 quidem
957 4281 1029 4353 apud
1047 4279 1236 4350 llerwagium,
1257 4289 1373 4331 nossem

333 4381 421 4439 veram
435 4364 640 4438 llerwagianam
660 4366 774 4422 dicimus
792 4387 860 4433 earn,
882 4389 952 4442 quae
968 4368 1038 4422 edita
1057 4379 1096 4422 est
1112 4386 1135 4420 a.
1146 4370 1228 4423 1534.
1246 4384 1316 4438 quae
1332 4378 1374 4413 11⁰·

336 4447 438 4505 biscum
456 4450 527 4506 iacit.
573 4453 636 4509 Sola
655 4466 744 4510 autem
763 4458 905 4513 Cratandri
924 4478 948 4512 a.
968 4460 1048 4514 1521.
1074 4469 1219 4527 utramque
1244 4455 1374 4509 lectionem
