3450 5342
339 523 419 572 ssll
455 524 520 570 tttu.
534 520 821 571 APPffl1'0llfll‘l'lGl
835 522 1005 571 autentu.
1040 522 1393 574 1V0001fflllmllnc.

410 692 469 746 tur,
486 681 600 747 deesset,
620 681 646 734 id
667 681 807 748 videbunt,
827 679 875 752 qui
895 679 1015 751 libellum
1034 679 1107 734 bunc
1126 681 1217 751 paullo
1241 687 1394 740 accuratius

411 770 580 842 inspexerint.

394 854 458 911 Erat
476 856 569 922 etiam,
598 874 681 928 quum
701 874 851 927 sperarem,
878 846 1002 927 megrism
1027 855 1084 908 fieri
1110 874 1185 926 posse
1212 859 1392 913 accessionem

341 943 478 1014 apparatui
497 962 559 995 meo
578 943 680 1010 critico,
699 960 785 1015 eoque
803 942 866 998 buic
885 955 975 997 nostro
994 942 1094 1009 libello,
1114 945 1134 995 si
1153 944 1307 1016 contigisset
1327 966 1393 1003 nan·

341 1028 402 1083 cisci
421 1030 592 1085 collationem
611 1029 718 1086 Codicis
741 1031 852 1085 alicuius
870 1031 1029 1087 Ravennatis
1046 1030 1247 1085 Paradoxorum
1274 1037 1394 1090 vetustis-

341 1115 399 1171 simi
418 1128 498 1190 etque
514 1117 624 1189 optimi,
650 1117 696 1190 qui
724 1117 803 1171 suine
824 1117 923 1172 dicitur
947 1116 1088 1173 Nicolsi
1117 1116 1139 1170 F
1146 1118 1288 1185 erretti,
1320 1123 1393 1175 cuius

342 1205 505 1259 mentionem
524 1204 588 1261 lecit
604 1204 775 1271 mumius,
794 1205 828 1258 V.
846 1202 902 1270 Cb,
921 1203 1014 1274 lCtus,
1040 1205 1069 1259 in
1087 1205 1190 1258 Itinere
1207 1206 1326 1273 Italico,
1349 1211 1393 1282 qni

341 1290 373 1342 Τ.
392 1291 437 1357 lV,
466 1311 493 1362 p.
511 1295 572 1347 253.
597 1292 716 1365 scripsits
741 1296 816 1360 „Der
842 1292 982 1365 Psilotogs
1012 1312 1047 1345 zu
1071 1295 1219 1358 Ravenna,
1247 1293 1392 1349 Niccolo

343 1376 528 1445 „Ferretti,
544 1380 685 1451 gestorbsn
696 1384 775 1446 1554,
794 1381 836 1433 ols
848 1381 971 1433 Besilus·
981 1381 1028 1433 der
1046 1379 1257 1433 terttmtsn
1274 1385 1305 1434 Η
1312 1385 1393 1437 ond·

343 1467 500 1537 „schrift
529 1487 592 1520 von
611 1469 755 1521 Cicero’s
773 1468 994 1522 Paradoxo.“
1040 1466 1102 1521 Adii
1120 1466 1215 1539 igitur,
1242 1468 1393 1523 ailardilio

343 1572 403 1606 meo
422 1552 552 1620 monitus,
568 1556 654 1608 virum
671 1555 746 1608 illum
766 1555 858 1608 litteris
877 1567 938 1608 ante
956 1554 1005 1609 bos
1023 1565 1075 1608 tres
1092 1574 1180 1608 annos
1196 1554 1278 1622 detis,
1303 1556 1393 1627 explo-

344 1650 462 1706 raturus,
488 1641 509 1693 si
535 1641 592 1695 fieri
619 1655 720 1715 posset,
753 1655 844 1697 utrum
863 1643 1014 1698 collationis
1038 1641 1212 1714 accipiendas
1229 1643 1392 1715 spesaliqua

342 1727 491 1800 affulgeret.
527 1729 686 1784 Blumius
704 1741 807 1798 autem,
840 1750 902 1785 mos
920 1730 1012 1785 litteris
1033 1728 1235 1803 perhumaniter
1251 1729 1392 1802 rescriptis,

343 1834 431 1887 neque
448 1837 475 1870 se
494 1816 587 1871 vidisse
604 1816 679 1871 illum
699 1816 827 1873 Codicem
846 1817 1000 1889 respondit,
1027 1835 1115 1889 neque
1143 1816 1230 1888 ipsum
1254 1815 1393 1870 Ravennae

343 1901 437 1955 luisse:
467 1903 594 1957 audivisse
620 1923 649 1957 se
674 1924 732 1956 eam
758 1923 814 1957 rem
842 1904 979 1958 aKronio
1009 1904 1134 1968 relatam,
1165 1902 1242 1956 ouius
1267 1903 1316 1955 viri
1334 1922 1349 1956 a
1369 1923 1393 1955 se

343 1988 402 2056 ipso
424 1989 545 2043 nondum
564 1991 625 2058 risi,
651 1991 707 2062 ipse
735 1992 840 2046 fecisset
859 1992 1021 2047 mentionem
1052 1993 1080 2045 in
1102 1991 1166 2044 tomi
1186 1990 1272 2062 quarti
1291 1991 1394 2063 praela·

344 2076 425 2128 tione.
475 2077 593 2131 Ubinam
620 2089 708 2132 eutem
737 2078 872 2144 Kronius‚
902 2079 948 2150 qui
975 2078 1152 2132 Vindobonac
1181 2077 1290 2148 egisset,
1324 2096 1394 2130 nunc

345 2176 580 2233 commemoretur,
599 2166 625 2218 id
644 2166 693 2219 sibi
711 2187 807 2238 parum
827 2187 883 2221 esse
902 2177 1081 2239 compertum.
1119 2165 1201 2235 Quod
1219 2183 1303 2236 quum
1318 2165 1394 2236 legis-

345 2269 416 2318 sem,
434 2252 485 2304 eidi
504 2271 594 2324 spem,
614 2273 694 2325 quam
714 2273 908 2327 conceperam,
927 2256 1032 2310 irritam
1052 2274 1107 2309 esse
1125 2254 1231 2307 iactam.

416 2337 515 2404 Restat,
534 2350 562 2392 ut
582 2359 732 2395 moneama
748 2361 790 2395 me
801 2345 881 2396 etiam
893 2343 921 2399 in
934 2341 1126 2397 enumerandis
1143 2340 1287 2394 lectionum
1302 2349 1393 2392 sucto-

346 2425 467 2479 ritatibus
491 2410 569 2480 allata
594 2447 649 2481 esse
674 2449 704 2481 ea
736 2429 905 2498 adiumenta,
940 2430 1038 2504 quibus
1066 2429 1105 2482 usi
1139 2438 1202 2482 suut
1228 2424 1394 2492 Orellius,

346 2509 585 2582 Gernbardus,
607 2515 867 2587 Borgersius'),
884 2537 939 2572 nou
958 2530 988 2574 ut
1006 2537 1037 2573 ea
1056 2516 1084 2570 in
1104 2516 1169 2570 meis
1186 2515 1266 2569 {uisse
1283 2526 1394 2569 conten·

346 2597 451 2664 derem,
480 2601 526 2653 sed
544 2612 573 2656 ut
593 2621 648 2656 uno
666 2603 815 2657 exhiberem
834 2616 994 2679 conspectu,
1024 2604 1152 2676 quicquid
1179 2602 1230 2656 sire
1257 2602 1291 2656 ad
1317 2602 1394 2657 stabi-

345 2684 460 2741 liendam
478 2688 596 2761 aliquam
614 2690 756 2747 lectionem
775 2691 890 2759 iaceret,
918 2694 970 2746 sire
997 2691 1149 2747 testimonio
1167 2700 1234 2745 esset
1257 2688 1321 2743 nibil
1341 2689 1396 2761 opis

346 2794 400 2829 esse
418 2777 445 2829 in
464 2777 539 2832 libris
557 2778 590 2832 ad
610 2799 655 2832 eos
673 2779 747 2834 locos
764 2780 905 2846 sanandos,
925 2781 971 2852 qui
990 2780 1017 2834 iu
1037 2778 1089 2835 boc
1107 2777 1197 2833 libello
1210 2777 1333 2833 videntur
1350 2776 1395 2829 de·

344 2866 450 2932 sperati.

418 2949 504 3028 Erunt
531 2952 657 3019 sortasse,
687 2953 733 3025 qui
752 2956 883 3007 mirentur
901 2975 916 3008 a
937 2974 980 3008 me
999 2974 1055 3008 non
1074 2975 1129 3009 esse
1158 2953 1291 3007 adhibitos
1308 2952 1395 3024 plures

346 3037 424 3091 etiam
444 3037 527 3092 libros
544 3038 640 3108 MSS„
667 3059 782 3112 quorum
802 3055 874 3097 certe
892 3043 925 3097 ad
945 3063 1031 3097 meam
1053 3042 1174 3096 notitiam
1193 3040 1294 3095 venerit
1311 3039 1393 3093 sedes:

347 3135 376 3178 ut
401 3144 444 3179 sex
470 3127 692 3180 Vindobonenses
714 3129 797 3200 (quos
829 3141 947 3183 recenset
973 3136 1014 3183 St.
1036 3130 1181 3182 Endliclser
1207 3129 1235 3183 in
1268 3126 1394 3196 Catalogo

347 3211 432 3264 Codd.
458 3212 583 3268 Philolol.
603 3212 681 3269 MSS.
709 3214 778 3271 Bibl.
803 3218 887 3272 Palat.
917 3219 1034 3274 Vindob.
1055 3222 1134 3274 1836.
1152 3218 1210 3284 4.),
1229 3215 1394 3278 Paridem

347 3299 419 3354 alius.
470 3299 490 3352 li
507 3300 607 3368 sciant,
634 3303 717 3357 varias
735 3324 790 3359 esse
808 3325 915 3374 causas,
948 3307 1045 3379 quibus
1063 3305 1186 3378 impediri
1214 3303 1296 3377 possit
1315 3301 1393 3355 bomo

346 3385 497 3441 scholarum
519 3389 546 3442 in
566 3390 662 3444 umbra
682 3392 850 3460 delitescens,
869 3396 1002 3467 stipendio
1021 3394 1114 3447 fruens
1133 3392 1248 3456 modico,
1267 3391 1322 3445 otio
1341 3391 1394 3442 lere

347 3473 436 3537 nullo,
464 3493 519 3545 quo
542 3476 630 3530 minus
649 3497 744 3533 manus
762 3483 883 3553 porrigat
901 3484 933 3535 ad
956 3501 1004 3547 ce,
1030 3481 1126 3552 quibus
1144 3479 1250 3533 abunde
1277 3480 1316 3533 uti
1335 3498 1394 3550 pos·

348 3571 425 3625 sunt,
446 3580 562 3630 quorum
583 3573 621 3616 est
639 3565 706 3617 alius
725 3565 816 3632 locus,
835 3568 885 3621 alia
905 3568 1031 3621 conditio.

392 3856 397 3866 ι
419 3786 444 3848 *)
474 3782 516 3836 Ab
535 3784 676 3842 Orellio
701 3794 800 3865 sumpsi
827 3795 955 3850 lectiones
973 3797 1058 3851 Codd.
1084 3796 1164 3851 Bern.
1186 3798 1246 3851 Bas.
1273 3797 1395 3869 Guelpb,

348 3855 418 3907 Elin·
438 3874 512 3926 pro,
541 3856 662 3931 [¹:¹00er
685 3862 771 3934 Eyb.,
800 3867 868 3921 Edd.
899 3869 1015 3934 Victum,
1039 3869 1179 3940 Magnoli,
1206 3869 1293 3923 Sullr.
1317 3869 1394 3930 Petri,

347 3925 450 3978 Manut.
469 3929 555 3994 1555,
573 3928 674 3984 iluberi
692 3937 778 3998 tt48;
807 3938 1040 3994 Gernbardus
1058 3940 1172 3994 laudarit
1198 3940 1248 3995 Ed.
1268 3942 1395 3994 Venetam

348 4000 435 4064 1487,
455 3998 564 4051 Asceus.
580 4004 677 4068 1520„
696 4005 924 4063 Anemoecianam
942 4015 1012 4068 1563
1032 4014 1114 4084 (quae
1134 4014 1210 4076 item,
1240 4024 1270 4065 ut
1299 4023 1395 4076 nostra,

348 4078 387 4118 est
405 4067 715 4128 Pseudoanemoeciana:
736 4077 786 4130 rid.
804 4080 821 4132 Ι.
840 4101 863 4135 c.
883 4101 926 4152 ap.
946 4081 1031 4136 Orell.
1053 4104 1078 4154 p.
1090 4086 1141 4138 stt
1156 4086 1211 4154 sq.)
1247 4081 1397 4153 Borger·

347 4138 419 4188 sius
437 4140 550 4198 contulit
566 4143 649 4212 duos,
676 4166 745 4218 quos
768 4151 833 4218 disi,
858 4151 945 4206 Codd.
970 4154 1045 4206 Voss.
1077 4165 1102 4205 et
1127 4152 1176 4206 Ed.
1201 4174 1258 4225 prc.
1276 4153 1397 4224 mogunt.

349 4209 427 4260 1465.
446 4211 489 4263 sed
511 4214 597 4270 minus
615 4232 747 4274 accurate.
