3450 5342
602 705 797 753 ιιιιιιιιοιιοιι
820 705 869 752 ιιι.
904 707 972 754 cir.
991 707 1027 753 ιι.
1266 690 1335 761 161

304 860 306 863 ’
356 861 386 915 ln
407 861 485 918 liuius
502 863 648 935 syllogismi
668 866 873 932 assumtionem,
892 885 960 936 quae
978 865 1057 936 vulgo
1077 867 1173 921 dicitur
1191 870 1288 936 minor,
1307 873 1340 924 il-

286 951 332 1004 lud
353 950 448 1004 tatsom
466 963 492 1005 et
510 953 663 1024 negandum
682 965 728 1021 est,
748 955 902 1025 perturbata
923 952 1003 1006 semel
1023 955 1128 1007 ratione
1147 968 1172 1008 et
1186 956 1279 1008 ordine
1298 959 1341 1008 ni-

287 1038 324 1091 hil
346 1059 423 1112 posse
450 1039 482 1092 ad
507 1053 647 1111 peccatum
675 1042 752 1108 addi,
783 1054 813 1095 ιιι
838 1052 977 1112 peccatum
1008 1061 1057 1112 per
1087 1041 1157 1096 hanc
1180 1043 1342 1096 additionem

286 1127 374 1180 maius
392 1137 531 1198 peccatum
551 1148 605 1182 esse
630 1130 759 1185 rideatur.
803 1129 889 1200 lgitur
913 1129 1081 1200 syllogismus
1106 1129 1187 1184 falsus
1213 1143 1266 1197 est,
1292 1151 1343 1184 nec

288 1214 390 1286 aliquid
409 1235 438 1268 ει
457 1234 490 1268 εο
509 1217 635 1271 concludi
655 1221 770 1290 potest.“
807 1218 1058 1289 Wyttenbach.

359 1343 387 1394 in
412 1343 472 1394 cita
498 1373 533 1384 —
556 1345 685 1417 quicquid
705 1345 846 1414 peccetur]
882 1345 934 1401 Th.
959 1345 1045 1400 Bentl.
1069 1358 1154 1409 totum
1187 1347 1277 1401 locum
1307 1349 1341 1400 ita

287 1429 392 1483 scribit:
412 1432 441 1482 in
458 1431 532 1495 cita,
552 1451 621 1503 quae
640 1461 674 1472 -
694 1431 785 1496 debet,
805 1444 836 1484 tu
857 1434 886 1485 in
904 1433 1012 1504 syllaba
1028 1447 1054 1485 te
1070 1453 1195 1504 peccasse
1208 1435 1342 1488 dices?-

284 1529 400 1587 peccota
415 1518 615 1571 dimetientem?
640 1531 688 1586 ut,
707 1521 731 1572 si
748 1522 807 1573 visa
825 1522 882 1573 sint
907 1521 1043 1585 breviora,
1068 1523 1169 1574 leviora
1189 1524 1342 1588 videantur,

289 1607 336 1676 qui
351 1606 486 1676 possunt?
505 1625 577 1671 cum,
596 1609 724 1680 quicquid
739 1620 866 1678 peccetur
884 1630 942 1681 sqq.
978 1610 1007 1662 Μ
1019 1630 1040 1664 ι.

359 1735 487 1806 quicquid
501 1746 673 1804 peccatur
691 1737 754 1803 ete]
783 1736 869 1788 Codd.
886 1735 967 1790 Drsd.
987 1740 1010 1789 1.
1031 1739 1055 1788 3.
1075 1741 1099 1789 4.
1118 1743 1143 1790 5.
1163 1737 1257 1792 Duisb.
1276 1737 1341 1789 Οιι.

288 1822 319 1876 Ε.
339 1839 369 1883 ψ.
388 1825 434 1876 (ir.
454 1828 480 1876 ².
492 1834 625 1893 peccetur.
663 1824 756 1894 Pergit
773 1820 841 1877 Cod.
863 1822 922 1877 Cri.
942 1826 968 1876 1.
989 1823 1193 1892 perturbatione
1214 1825 1343 1876 rationis·

287 1930 339 1981 que
357 1911 460 1963 ordinis
485 1923 620 1980 peccetur.
656 1911 737 1964 Drsd.
756 1915 781 1965 5.
805 1920 875 1978 pert.
901 1910 1017 1962 rationis
1042 1920 1175 1978 peccetur.
1219 1910 1299 1963 Drsd.
1315 1913 1342 1962 4.

287 1995 353 2051 Oxx.
372 1997 403 2052 E.
421 2019 447 2068 η.
466 1999 581 2051 rationis
599 2009 633 2050 et
652 1999 761 2052 ordinis.
798 1997 867 2050 Gud.
888 1998 919 2050 A.
939 1998 998 2070 qui
1018 1996 1222 2066 perturbatione
1241 1998 1343 2049 ordinis

288 2094 372 2156 atque
396 2086 511 2139 rationis
528 2097 674 2156 pecatum
694 2078 776 2142 'Gud.
796 2085 826 2138 B.
852 2085 968 2137 rationis
989 2094 1116 2153 peccetur
1138 2085 1343 2154 perturbatione

288 2181 372 2241 utque
390 2172 500 2227 ordinis.
537 2173 619 2241 Quod
639 2193 720 2244 supra
739 2192 769 2226 ex
787 2172 872 2226 tribus
892 2171 977 2225 Codd.
992 2170 1096 2224 enotavi
1116 2171 1230 2225 rationis
1248 2182 1280 2222 et
1298 2191 1342 2224 or-

288 2259 372 2321 dinis,
392 2261 492 2330 recepit
510 2259 560 2314 Or.
578 2260 643 2314 nihil
664 2281 786 2316 monens.
823 2261 956 2332 Equidem
978 2280 991 2313 a
1012 2259 1192 2331 plurimorum
1211 2259 1341 2313 Codicum

288 2357 315 2399 et
339 2349 461 2401 omnium
480 2349 547 2402 Edd.
572 2348 687 2404 lectione
712 2362 795 2423 utque
825 2369 874 2402 cur
893 2348 1047 2402 recederem
1073 2366 1181 2401 causam
1211 2366 1267 2400 non
1290 2346 1342 2398 ridi

288 2435 424 2492 idoneam.
461 2436 522 2489 lldr.

356 2565 521 2632 perturbato
538 2575 629 2616 nutem
647 2567 727 2618 sernel
743 2567 847 2618 tutione
866 2576 893 2617 et
912 2565 1022 2631 ordine‚]
1057 2563 1177 2629 „Ordine
1202 2563 1220 2615 i.
1240 2582 1262 2615 e.
1283 2582 1343 2616 mo·

286 2650 386 2716 destia,
405 2649 523 2709 εὐταξίαν
542 2651 638 2706 Graeci
657 2665 768 2721 vocant,
788 2673 869 2726 quam
889 2652 972 2706 Stoici
993 2650 1132 2717 definiunt,
1152 2661 1184 2702 ut
1202 2651 1240 2702 sit
1258 2652 1342 2702 scicn-

287 2740 331 2790 tia
351 2757 564 2805 momentum,
582 2761 651 2812 quae
669 2752 792 2813 aguntur
810 2753 861 2793 out
880 2742 1010 2793 dicuntur
1028 2740 1084 2791 loco
1103 2759 1152 2790 sno
1172 2737 1343 2790 collocanda-

288 2846 363 2891 rum‚
391 2837 419 2880 ut
438 2838 477 2880 est
504 2828 531 2880 in
561 2828 630 2882 libro
654 2830 792 2884 Ciceronis
817 2830 851 2883 de
879 2829 986 2884 Officiis
1007 2827 1123 2898 primo.“
1150 2826 1222 2879 Fre.
1252 2823 1342 2894 Sylv.

288 2914 378 2967 Locus
396 2926 435 2968 est
452 2914 484 2968 de
503 2914 561 2971 Off.
580 2915 600 2985 I,
618 2922 663 2984 40,
682 2922 744 2973 142.
779 2919 855 2973 Adde
874 2918 924 2972 Or.
944 2937 994 2990 pro
1014 2916 1093 2969 Rosc.
1112 2914 1203 2967 Amen.
1215 2915 1260 2980 48,
1280 2915 1341 2966 138.

289 3001 315 3052 si
332 3011 402 3052 recte
419 3012 447 3052 et
465 3004 556 3055 ordine
573 3004 718 3071 iudicaris,
736 3007 891 3059 laudabunt
910 3024 1015 3059 omnes:
1035 3005 1081 3056 uhi
1101 3002 1240 3057 Schiitnius
1259 3001 1343 3054 edidit

289 3087 394 3139 ratione
411 3099 438 3138 et
456 3091 554 3145 ordine.
569 3109 572 3116 ·
589 3092 695 3148 Habent
712 3096 849 3148 ratione
869 3094 970 3145 semel
985 3103 1013 3143 et
1031 3092 1121 3143 ordine
1141 3089 1227 3145 Codd.
1245 3090 1305 3144 Cre.
1318 3095 1343 3143 2.

289 3173 370 3228 Drsd.
387 3179 413 3230 4.
441 3176 508 3230 Edd.
527 3179 619 3250 Magn.
637 3180 712 3234 Man.
732 3181 825 3235 Lamb.
850 3179 946 3233 Colou.
978 3178 1010 3232 Η.
1027 3179 1114 3230 Wott.
1142 3177 1217 3250 Sylb.
1242 3178 1343 3232 Sturm.

289 3263 352 3315 Car.
371 3262 462 3335 steph.
482 3265 543 3317 Ald.
562 3268 640 3319 151t.
659 3271 738 3322 1552.
786 3268 816 3320 ln
843 3266 912 3320 Cod.
940 3266 1011 3318 Gud.
1029 3264 1061 3316 A.
1088 3275 1127 3317 est
1152 3266 1257 3317 ratione
1276 3275 1341 3318 out

289 3350 394 3414 ordine,
426 3351 454 3403 in
473 3349 545 3405 Gud.
563 3352 595 3403 B.
619 3363 673 3404 ret.
690 3354 746 3405 vel
761 3355 834 3417 ord„
860 3354 887 3405 in
912 3353 1006 3405 Duisb.
1036 3360 1089 3402 rat.
1109 3360 1214 3419 atque
1239 3351 1339 3405 ordine.

288 3436 397 3490 Habent
415 3437 494 3489 etiam
513 3438 556 3489 vel
573 3435 639 3492 Oxx.
648 3437 681 3495 E.
692 3439 728 3493 U.
739 3459 762 3492 o.
772 3457 803 3501 ψ.
838 3440 894 3491 Pro
914 3438 982 3490 nibil
1001 3447 1039 3489 est
1056 3436 1096 3486 nil
1114 3436 1141 3487 in
1161 3434 1229 3487 Cod.
1250 3438 1343 3488 Grnt.

289 3522 320 3578 Iu
348 3523 408 3576 Cre.
429 3528 453 3578 2.
482 3535 508 3577 ει
525 3524 607 3576 Drsd.
625 3529 651 3579 5.
679 3536 719 3578 est
742 3526 808 3576 addi
823 3526 926 3594 possit,
953 3524 981 3576 in
999 3521 1080 3574 Drsd.
1098 3525 1128 3574 4:
1156 3521 1220 3571 addi
1238 3530 1343 3587 potest,-

290 3611 362 3664 Gud.
381 3610 414 3663 B.
431 3613 574 3680 possint
592 3612 665 3665 addi.
702 3612 734 3666 In
753 3611 839 3666 Codd.
857 3611 938 3665 Drsd.
956 3614 980 3663 1.
1000 3612 1027 3665 3.
1058 3608 1184 3662 omissum
1204 3618 1243 3660 est
1258 3607 1345 3660 semel.

290 3699 370 3753 Drsd.
390 3703 416 3752 5.
435 3698 515 3752 habet
530 3701 637 3754 ratione
654 3704 735 3755 semel
752 3704 781 3755 in
799 3703 900 3755 ordine.
937 3699 995 3752 Mr.

361 3846 414 3901 quo
434 3830 520 3901 magis
536 3848 646 3899 peccare
660 3815 739 3901 poss'e
756 3831 903 3897 videntum]
948 3828 1021 3899 Lego
1047 3826 1133 3878 minus
1161 3826 1226 3898 (pro
1245 3824 1345 3898 magis)

290 3919 317 3971 in
339 3916 437 3971 Codice
456 3918 596 3990 antiquo.“
614 3919 689 3973 Fr-c.
706 3919 798 3992 Sylr.
816 3946 850 3959 -
887 3917 934 3970 Est
951 3932 1097 3986 peccare
1115 3933 1192 3985 posse
1210 3913 1238 3966 in
1257 3912 1344 3966 Codd.

290 4003 350 4059 Cn.
364 4008 390 4057 1.
410 4010 435 4060 2.
457 4004 536 4059 Drsd.
548 4008 574 4061 t.
593 4005 644 4060 Οι.
659 4026 683 4059 o.
703 4007 784 4060 Drsd.
796 4010 828 4071 33
850 4023 962 4076 peccare
980 4002 1107 4056 videatur
1125 4004 1236 4072 (omisso
1255 3999 1344 4071 posse)

291 4092 406 4146 Drsd.5.
425 4092 496 4147 Gud.
516 4093 563 4158 A.;
579 4113 656 4164 posse
671 4113 782 4165 peccare
800 4093 880 4147 Drsd.
897 4097 924 4147 4.
944 4090 1015 4143 Gud.
1027 4089 1074 4157 B.;
1090 4108 1202 4159 peccare
1220 4088 1346 4140 videatur

290 4198 367 4249 posse
394 4180 475 4235 Drsd.
494 4187 518 4234 2.
542 4183 641 4234 indicet
670 4203 720 4254 pro
743 4184 883 4247 vitientur3
911 4179 990 4232 Drsd.
1006 4183 1031 4232 4.
1059 4177 1196 4229 videretur
1224 4192 1274 4243 pro
1304 4171 1343 4221 oi·-

293 4268 399 4322 deatur.
436 4268 495 4326 Mr.
