3450 5342
423 675 495 751 158
761 694 934 744 simron
961 693 1154 743 srorconuu.

422 862 471 914 sito
490 856 626 929 scriptoris
645 853 803 911 contrarius.
855 853 949 924 Neque
968 853 1039 907 enim
1058 853 1222 907 adversarius
1240 862 1332 924 potest
1349 852 1437 907 dicere
1451 873 1473 907 se

419 948 454 1000 ita
474 962 600 1016 peccare,
626 942 715 1014 prouti
734 953 851 997 actorem
878 940 907 992 in
927 959 1021 1008 scena,
1047 941 1148 995 scilicet
1172 939 1279 1008 leviter,
1308 942 1471 1018 quandoqui-

420 1035 480 1086 dem
501 1033 597 1087 Cicero
615 1031 697 1084 modo
716 1029 792 1096 dixit,
812 1028 904 1082 omnia
923 1027 988 1081 levia
1008 1029 1087 1082 etism
1106 1029 1134 1082 in
1153 1046 1233 1082 scena
1251 1039 1365 1099 peccata
1383 1048 1470 1100 magna

419 1141 481 1175 esse.
515 1120 607 1191 ltaque
625 1118 755 1172 sententia
775 1115 902 1188 requirit:
922 1115 965 1168 'l’u
985 1136 1041 1170 non
1060 1117 1146 1188 magis
1163 1117 1242 1170 etiam
1261 1117 1291 1169 in
1312 1117 1380 1182 rita,
1400 1137 1469 1188 quam

420 1221 496 1264 actor
512 1209 540 1261 in
557 1206 671 1278 syllaba,
687 1217 714 1261 te
732 1224 844 1278 peccare
864 1203 1035 1258 confitebere.
1080 1204 1123 1258 De
1140 1203 1193 1260 lioo
1210 1224 1260 1257 usu
1280 1205 1428 1275 particulae
1445 1215 1469 1256 at

418 1296 573 1351 monuimus
589 1295 617 1347 in
636 1293 705 1347 Bibl.
725 1292 790 1346 crit.
810 1292 830 1346 l.
848 1312 875 1364 p.
892 1296 935 1346 19.
961 1304 987 1346 et
1005 1293 1033 1346 in
1052 1292 1223 1346 praefatione
1247 1293 1337 1346 Partis
1354 1294 1391 1349 V.
1411 1312 1434 1363 p.
1450 1295 1468 1344 8.

419 1385 473 1452 [ad
492 1384 609 1456 priorem
628 1381 719 1435 locum
739 1381 773 1435 ci.
784 1379 870 1434 Orell.
881 1379 914 1432 ad
933 1379 989 1433 Cic.
1003 1380 1036 1433 de
1054 1379 1104 1434 Or.
1118 1380 1150 1449 ll,
1160 1383 1203 1435 12.
1222 1391 1287 1434 extr.
1306 1380 1364 1452 qui,
1385 1398 1468 1451 qnam-

420 1490 500 1543 quam
520 1489 575 1523 non
593 1469 695 1541 recepit
715 1465 919 1540 Wyttenhacltii
939 1467 1165 1534 emendationem,
1185 1467 1237 1522 loci
1256 1479 1349 1522 tamen
1371 1479 1468 1523 scaten-

420 1560 484 1612 tiam
505 1556 617 1610 eandem
635 1575 690 1610 esse
708 1555 772 1610 vult.
808 1555 947 1609 Posterior
964 1554 1040 1610 locus
1060 1567 1099 1610 est
1116 1557 1150 1610 de
1167 1556 1200 1610 N.
1220 1556 1254 1609 D.
1272 1557 1294 1624 l,
1316 1562 1347 1610 2:
1366 1563 1401 1610 ln
1416 1575 1466 1625 spe-

421 1650 459 1700 cie
478 1657 569 1699 autem
583 1645 672 1715 fictae
689 1642 888 1709 simulationis,
906 1643 1004 1695 sient
1022 1644 1142 1716 reliquae
1161 1645 1294 1708 virtutes,
1321 1644 1365 1694 ita
1387 1645 1465 1713 pietas

419 1737 504 1787 inesse
523 1753 575 1786 non
591 1741 696 1802 potest.-
715 1742 788 1785 recte
808 1729 936 1799 explicat:
953 1740 992 1781 ut
1010 1749 1069 1782 nec
1087 1731 1207 1803 reliquae
1226 1733 1354 1791 virtutes,
1373 1733 1414 1784 ita
1430 1747 1465 1781 aec

417 1824 508 1892 pietas
525 1822 586 1889 eto]
623 1819 677 1873 Sed
695 1830 750 1874 tota
769 1816 896 1890 periodus
920 1816 1073 1870 huiusmodi
1097 1818 1200 1872 videtur
1222 1818 1373 1891 periphrasi
1396 1816 1465 1888 expli·

421 1909 535 1964 candem:
553 1909 638 1963 Actor
655 1908 777 1962 scenicus
794 1908 815 1959 si
834 1905 874 1958 vel
893 1905 921 1958 in
939 1905 1059 1959 saltando
1078 1905 1226 1977 paullulum
1239 1906 1385 1962 declinavit
1401 1927 1415 1960 a
1430 1924 1464 1959 re·

420 1997 482 2067 gula
501 1994 540 2049 vel
558 1996 586 2049 in
606 1993 807 2067 pronuntiando
825 2013 901 2046 versu
926 1998 980 2048 unt
998 1992 1099 2065 syllabi
1122 1995 1271 2047 breviorem
1300 2006 1347 2050 aut
1371 1994 1463 2066 longio-

422 2104 479 2138 rem
499 2084 577 2150 tecit,
603 2094 693 2137 tamen
712 2102 727 2136 a
746 2082 941 2154 spectatoribus
966 2083 1136 2155 improbatur
1161 2093 1187 2135 et
1204 2082 1360 2137 deridetur:
1388 2094 1416 2136 tu
1438 2099 1462 2132 eo

422 2173 507 2243 magis
524 2173 552 2224 in
571 2173 635 2238 vita,
656 2190 724 2242 quae
743 2181 781 2223 est
798 2170 872 2223 omni
891 2170 996 2224 actione
1014 2170 1118 2224 scenica
1137 2170 1290 2241 diligentius
1303 2168 1462 2230 moderanda,

422 2271 449 2314 et
468 2260 542 2312 omni
561 2278 635 2329 versu
656 2259 804 2312 accuratius
823 2257 1028 2328 componenda,
1052 2277 1108 2311 non
1128 2259 1212 2330 magis
1229 2269 1255 2312 te
1275 2276 1387 2330 peccare
1405 2255 1464 2309 dices

421 2366 508 2420 neque
528 2347 648 2417 gravius,
670 2365 751 2417 quam
771 2344 926 2399 histrionem
943 2346 971 2399 in
991 2345 1137 2417 syllaba?“
1156 2347 1194 2396 W
1201 2347 1330 2417 yttcnb.

491 2446 531 2487 ut
547 2436 577 2487 in
595 2434 702 2510 syllaba
720 2444 748 2485 te
764 2452 932 2504 peccasse
950 2433 1053 2503 dicesi]
1090 2434 1196 2487 Servari
1225 2446 1271 2498 ut,
1298 2435 1371 2506 quod
1390 2434 1459 2488 estin

421 2524 508 2579 Codd.
527 2526 586 2577 Cra.
604 2526 630 2578 1.
648 2528 674 2577 2.
694 2521 759 2576 Orx.
778 2522 919 2588 omnibus,
945 2520 1052 2575 suerin.
1073 2521 1145 2575 Gud.
1162 2524 1195 2574 A.
1214 2522 1296 2577 Drsd.
1315 2526 1340 2576 1.
1360 2529 1384 2576 2.
1401 2525 1424 2576 3.
1440 2525 1459 2573 5.

419 2613 538 2685 itemque
557 2612 584 2666 in
604 2610 690 2665 Codd.
710 2610 806 2664 Orellii
832 2621 858 2664 et
876 2609 960 2675 Edd,
986 2621 1095 2681 excepta
1119 2609 1198 2675 Latt,
1226 2610 1361 2664 omnibus.
1403 2606 1458 2661 Dedi

420 2703 498 2755 etiarn
514 2718 639 2771 peccasse
657 2719 687 2752 ex
704 2699 771 2753 Ora.
790 2698 930 2765 omnibus,
960 2697 1020 2754 Bas.
1039 2697 1129 2752 Guelf.
1145 2701 1204 2751 cn.
1223 2701 1248 2752 1.
1268 2703 1293 2751 2.
1310 2703 1335 2754 3.
1355 2697 1420 2752 Gud.
1434 2696 1458 2747 Α.

420 2789 450 2843 Β.
470 2788 564 2843 Duisb.
583 2787 663 2841 Drsd·
683 2790 708 2839 1.
728 2791 753 2839 2.
774 2790 798 2841 3.
817 2791 843 2840 4.
863 2790 889 2840 5.
908 2786 976 2840 Edd.
996 2787 1065 2840 Vict.
1081 2785 1271 2841 Lamb.Suflr.
1291 2787 1363 2841 Patr.
1380 2784 1459 2839 nostris

420 2877 481 2932 Asc.
500 2880 584 2930 1511.
598 2875 665 2927 Rob.
683 2873 774 2944 Steph.
794 2876 870 2927 Cam.
886 2873 983 2929 Thom.
1002 2875 1090 2929 Bentl.
1108 2887 1136 2929 et
1153 2873 1254 2929 Geruli.
1273 2875 1302 2927 in
1315 2874 1384 2928 Add.
1412 2871 1456 2926 lilr.

491 2968 604 3014 Poetam
622 2980 675 3012 non
691 2962 774 3012 audio
793 2963 823 3011 in
842 2962 949 3030 augias]
969 2964 1049 3025 „Nan
1068 2963 1150 3015 audio
1169 2982 1196 3016 se
1215 2975 1397 3017 excusantem:
1414 2977 1456 3014 non

420 3051 493 3115 sero,
513 3049 534 3100 si
554 3049 673 3119 peccat.“
699 3046 773 3100 Ald.
792 3045 880 3099 llllan.
921 3048 1002 3113 „Non
1028 3050 1154 3120 ignosco,
1182 3070 1239 3104 non
1262 3051 1388 3106 condono
1408 3067 1457 3121 pea-

421 3138 500 3190 canti.
538 3139 652 3207 Nugae:
672 3135 705 3187 de
724 3154 753 3187 re
771 3133 888 3188 ludicra:
920 3146 949 3188 ut
969 3136 997 3188 iu
1017 3157 1091 3191 versu
1111 3150 1136 3191 et
1160 3157 1240 3192 scena
1258 3138 1316 3210 ipse
1335 3137 1455 3192 Ciceroel

393 3237 395 3241 “
420 3225 544 3278 Horatius
561 3242 639 3294 saepe
668 3242 758 3276 versus
776 3234 802 3276 et
829 3224 979 3277 carminum
1006 3226 1228 3297 compositionem
1258 3237 1355 3280 vocant
1375 3225 1454 3284 lusum,

420 3313 525 3380 ludere,
554 3315 666 3382 nugas.“
688 3312 793 3382 Wytt.
842 3314 940 3384 Nugas
965 3314 1043 3367 etiam
1071 3315 1189 3368 carmina
1218 3332 1265 3367 sua
1292 3314 1355 3369 dicit
1379 3307 1455 3366 Catuli.

419 3398 439 3466 l,
459 3405 485 3454 4.
521 3400 579 3453 llllr.

490 3491 525 3539 In
549 3489 624 3539 vitae
642 3489 770 3540 societate
798 3487 910 3538 audiam
929 3490 1037 3557 civem,]
1069 3488 1136 3543 Cod.
1155 3489 1228 3544 Gud.
1246 3491 1281 3545 Α.
1299 3493 1328 3543 in
1347 3491 1453 3544 societate

421 3576 503 3628 ¹vitae.
532 3576 621 3629 Verba
640 3577 751 3628 audiam
770 3577 851 3627 civem
871 3575 966 3629 desunt
984 3577 1011 3629 in
1026 3579 1094 3634 eod.
1110 3579 1241 3645 Drsd.5.;
1264 3580 1337 3632 idem
1356 3587 1409 3649 past
1422 3591 1454 3626 tt·

420 3666 519 3715 cietate
536 3664 632 3734 'pergit
657 3683 743 3735 quae
769 3665 859 3714 civem.
903 3665 982 3720 Drsd.
1001 3671 1026 3720 4.
1051 3666 1130 3720 hahet
1160 3667 1281 3722 audiam.
1306 3669 1387 3719 civem
1409 3679 1453 3713 aa·

421 3752 512 3801 diam
529 3752 735 3801 dimittentem
752 3762 867 3819 peccata
884 3772 950 3817 sua,
970 3754 1067 3807 omisso
1088 3755 1200 3825 digitis5
1222 3757 1281 3810 Cra.
1301 3758 1327 3807 1.
1352 3769 1411 3806 sua
1423 3747 1453 3797 dl·

418 3839 485 3908 gitis
502 3847 615 3906 peccata
634 3837 820 3890 dimetientem.
855 3839 937 3896 Drsd.
956 3846 982 3897 5.
1000 3843 1097 3896 omittit
1115 3861 1175 3895 aaa.
1213 3843 1294 3895 Drsd.
1313 3849 1338 3896 2.
1360 3845 1452 3910 pearata

419 3943 471 3976 aaa
487 3923 542 3993 dig.
559 3922 621 3976 dim.
640 3923 699 3976 llllr.
734 3925 876 3990 ‚‚Aadiam
894 3929 984 3994 civem,
1002 3930 1019 3982 i.
1028 3949 1050 3982 e.
1069 3929 1207 4000 ignoscam
1226 3930 1276 3983 ciri
1296 3950 1323 3982 se
1342 3921 1453 3983 nouanti

419 4031 450 4066 ac
469 4012 587 4077 dicenti,
607 4031 635 4065 se
655 4024 762 4083 peccata
781 4033 828 4067 sua
847 4014 962 4070 dimetiri
988 4016 1077 4088 digitis
1101 4028 1130 4071 ut
1148 4036 1261 4070 versum.
1308 4016 1339 4070 ln
1359 4017 1405 4070 linc
1419 4029 1452 4083 gt·

420 4118 484 4152 nere
503 4111 540 4152 est
559 4099 660 4153 dictum
680 4099 744 4153 lior.
763 4102 794 4154 A.
813 4103 845 4156 Ρ.
864 4107 929 4156 244:
958 4105 1158 4176 legitimamque
1182 4125 1279 4158 sonam
1305 4107 1396 4178 digitis
1410 4097 1452 4152 cal·

337 4192 353 4208 ²
418 4189 503 4240 temus
521 4198 548 4239 et
567 4193 658 4241 aare.“
677 4189 781 4259 Wytt.
823 4189 885 4244 Mos
904 4189 1012 4262 quidam
1032 4212 1088 4245 non
1110 4191 1225 4262 vulgaris
1242 4193 1294 4248 luit
1312 4192 1383 4264 apud
1400 4197 1452 4240 eete-

418 4296 474 4340 res,
502 4295 551 4346 per
569 4276 665 4346 digitos
684 4296 832 4347 eorumque
851 4278 978 4333 articulos
1003 4279 1204 4333 dinumerandi:
1233 4300 1314 4352 quem
1340 4301 1369 4333 ex
1385 4273 1452 4328 Beda

418 4362 575 4414 venerabilis
594 4364 722 4416 sententia
741 4363 796 4418 lod.
816 4364 1001 4419 Cliclitovaeus
1018 4367 1156 4438 adscripsit
1176 4367 1246 4422 libro
1265 4369 1311 4423 Vl.
1342 4383 1414 4441 quem
1429 4359 1452 4410 ‘l‘
1496 4394 1498 4421 ι

417 4451 528 4519 mystica
549 4468 724 4503 numerorum
743 4451 937 4522 significatione
955 4453 1062 4508 edidit.“
1090 4455 1164 4510 Fra.
1183 4454 1274 4527 Sylr.
1293 4486 1328 4497 —
1371 4445 1452 4520 „0585'
