3450 5342
368 668 442 743 318
703 686 876 735 rensuum
901 685 1094 735 sromonuu.

368 851 506 905 bilioribus
525 849 603 902 iocis:
623 865 657 899 ne
676 846 736 918 quis
753 846 786 899 de
805 845 874 898 areis
894 845 1020 899 omnibus
1038 844 1180 916 acciperet.
1199 873 1236 887 -
1281 845 1417 900 Tredecim

368 939 469 993 faciunt
488 956 550 990 cum
570 937 699 1006 impressa
717 932 846 987 lectione:
876 942 1003 1002 quattuor
1022 932 1125 987 addunt
1140 934 1225 1003 pretii
1243 944 1307 1005 post
1325 938 1417 1006 magni.

365 1026 455 1079 Unus:
481 1034 508 1075 et
528 1042 607 1076 arens
624 1032 656 1073 et
674 1021 842 1094 quosdam
869 1038 967 1089 magno
986 1030 1069 1072 rest.
1098 1020 1149 1087 [sic
1173 1020 1203 1073 iu
1231 1020 1286 1076 Ed.
1304 1020 1415 1077 Graevii:

366 1115 410 1168 sed
430 1114 486 1166 sine
507 1112 589 1165 dubio
608 1109 689 1164 esth.
708 1108 725 1163 Ι.
744 1127 814 1161 unus
831 1126 860 1158 ex
879 1106 1029 1159 innumeris
1049 1112 1105 1160 eius
1124 1107 1253 1162 editionis
1278 1128 1416 1182 operarum

367 1202 518 1267 erroribus,
556 1198 757 1270 legendumque
791 1195 966 1261 aestimem]
1014 1194 1061 1248 Est
1094 1195 1140 1267 qui
1168 1196 1242 1267 leget
1271 1197 1416 1269 quiddam

367 1291 497 1363 magni.“
524 1288 596 1341 Atd.
621 1286 709 1338 Man.
760 1283 861 1350 „Liber
884 1283 917 1335 ad
944 1282 977 1335 D.
1002 1282 1138 1336 Trudonis
1162 1301 1246 1337 areos
1274 1285 1415 1356 quiddam

366 1379 469 1449 magni
488 1376 649 1438 aestimant,
668 1390 720 1442 pro
739 1370 897 1441 quasdam
915 1387 1043 1440 magno:
1062 1371 1133 1442 quod
1154 1371 1248 1426 nescio
1268 1393 1325 1445 quo
1343 1374 1416 1428 modo

366 1465 475 1520 auribus
493 1462 559 1515 meis
577 1461 645 1513 bene
664 1461 767 1512 ωηεν(
785 1456 817 1510 C.
835 1457 937 1528 Lang.

436 1570 515 1604 oreas
533 1549 676 1622 quasdam]
696 1545 787 1613 „Quia
798 1564 876 1598 areae
895 1544 945 1598 bt.
960 1564 1022 1598 cum
1041 1545 1184 1600 fructuosis
1202 1549 1413 1618 possessionibus,

366 1652 396 1696 ut
405 1639 494 1711 pratis,
505 1638 662 1708 iunguntur,
674 1634 839 1704 intelligitur,
849 1653 905 1686 non
916 1652 971 1686 esse
983 1633 1176 1704 intelligendas,
1190 1655 1263 1706 quaa
1273 1638 1307 1690 ab
1318 1637 1411 1690 aedium

365 1728 450 1782 ruinis
467 1737 545 1790 sunt,
566 1725 594 1776 in
616 1724 699 1788 urbe,
719 1723 763 1776 sed
784 1722 869 1794 qualis
886 1722 937 1774 tuit
954 1742 977 1774 v.
996 1741 1020 1775 c.
1047 1721 1075 1775 iu
1096 1721 1285 1794 Aequimelio‚
1316 1725 1343 1777 in
1367 1745 1411 1796 qua

366 1816 470 1869 stabant
490 1832 588 1885 pecora
608 1811 709 1864 venalia
734 1822 759 1864 et
777 1811 828 1864 alia
852 1811 918 1879 (vid.
945 1810 979 1866 de
1003 1810 1092 1863 Divin.
1111 1808 1144 1876 II,
1164 1810 1240 1879 st),
1267 1831 1338 1884 quae
1359 1813 1412 1865 inde

366 1914 535 1976 peterentur,
554 1900 669 1970 ideoque
687 1898 771 1951 locari
789 1910 916 1970 poteraut
931 1911 958 1953 et
971 1899 1123 1951 mercedem
1142 1898 1327 1954 afferebant.“
1344 1900 1411 1952 Ern.

365 1990 454 2057 „Sunt
473 1999 561 2061 partes
579 1987 628 2041 soii
648 2005 744 2039 vacuae
754 1985 888 2054 aedificiis,
907 2006 976 2058 quae
995 1996 1117 2058 poterant
1135 1987 1215 2040 vendi
1235 1988 1276 2041 vel
1296 1989 1330 2041 ad
1348 1989 1411 2042 inae·

365 2076 527 2131 dificandum
548 2076 586 2126 vel
605 2075 638 2127 ad
657 2075 716 2126 fora
726 2084 753 2127 et
766 2092 926 2144 congressus
937 2073 1105 2127 bominum.u
1123 2075 1232 2145 wyri.
1270 2077 1324 2130 Pro
1343 2096 1409 2129 orem

366 2175 404 2218 est
417 2165 516 2216 archas
533 2164 561 2214 in
581 2162 660 2214 Drsd.
679 2165 721 2227 5.;
737 2162 765 2213 in
784 2159 834 2213 Ox.
852 2181 879 2229 η.
901 2172 999 2230 pratas
1018 2181 1068 2232 pro
1081 2172 1184 2231 prata,·
1209 2183 1265 2234 pro
1290 2168 1409 2237 quasdem

366 2250 435 2303 Cod.
451 2249 558 2301 Suerin.
578 2266 659 2319 quem
678 2258 744 2302 tam.
779 2247 852 2299 Tum
871 2248 957 2301 codd.
977 2249 1102 2302 Drsd.1.
1122 2253 1147 2304 3.
1166 2250 1229 2322 (qui
1249 2252 1409 2325 habetques·

367 2339 429 2390 dam
455 2347 516 2390 ante
544 2337 704 2396 aestimant)
722 2335 772 2388 Ed.
803 2335 863 2388 Asc.
889 2337 969 2388 1511.
994 2337 1098 2408 nrcgni
1120 2339 1241 2406 pretii
1266 2343 1408 2403 aestimant,

367 2423 445 2478 Suer.
471 2424 573 2495 magni
595 2425 736 2475 extimat.
779 2421 865 2475 Codd.
895 2423 960 2477 Oxx.
978 2424 1009 2480 F..
1027 2441 1057 2486 ψ.
1082 2425 1186 2496 magni
1214 2429 1406 2493 existimant,

368 2513 433 2566 011.
451 2511 486 2564 U.
505 2532 530 2580 η.
549 2530 573 2564 o.
597 2510 654 2564 Cra.
672 2516 697 2564 2.
715 2515 741 2566 3.
769 2511 849 2565 Drsd.
871 2518 895 2564 2.
915 2517 940 2566 4.
969 2512 1036 2566 Edd.
1054 2511 1128 2567 Crat.
1158 2513 1222 2567 ΑΜ.
1242 2510 1323 2570 1517.
1342 2520 1406 2570 1552.

287 2615 290 2624 ¹
365 2599 396 2652 11
414 2599 501 2652 vvotf.
520 2598 595 2670 sylb.
615 2599 719 2670 nragni
736 2598 892 2653 aestimant.
929 2599 995 2652 cod.
1013 2600 1130 2654 Drsd.5.
1148 2608 1212 2674 mag
1230 2603 1306 2673 (sie),
1324 2606 1406 2658 omisso

366 2689 521 2740 aestimant.
556 2687 628 2740 Gud.
649 2686 681 2738 Α.
699 2686 894 2737 existimant
915 2688 1027 2758 nsagni.
1070 2688 1178 2760 Reliqui
1196 2687 1287 2745 Codd.
1307 2703 1333 2747 et
1351 2692 1405 2744 Edd.

365 2792 486 2846 magno
504 2776 665 2840 aestimant,
684 2774 717 2825 de
737 2792 792 2844 quo
812 2773 864 2825 vid.
884 2792 947 2826 ann.
965 2794 1022 2846 seq.
1058 2775 1119 2832 Mr.

436 2865 538 2932 magni
558 2861 730 2927 aestimant,]
768 2859 917 2929 „Quamvis
936 2862 971 2914 ita
989 2862 1017 2914 in
1037 2864 1164 2916 omnibus
1184 2867 1326 2938 exemplis,
1350 2885 1405 2938 quae

363 2953 392 3004 in
412 2970 506 3004 manus
526 2950 702 3020 pervenerim,
721 2948 822 3017 legam,
840 2969 938 3022 magno
956 2961 1054 3016 tamen,
1073 2970 1129 3005 non
1149 2955 1258 3024 magni,
1276 2955 1404 3026 legendum

365 3049 470 3108 putem:
490 3049 519 3089 ut
536 3037 608 3105 apud
627 3034 784 3104 Virgilium:
810 3039 938 3108 Magno
956 3048 1106 3091 mercentur
1123 3042 1262 3094 Atridae:
1290 3045 1367 3111 [Aen.
1382 3041 1404 3104 ii,

364 3126 437 3190 1⁰4]
475 3129 565 3175 Parvo
583 3123 656 3175 enim
677 3135 703 3176 et
719 3143 816 3195 magno
834 3126 944 3197 adiungi
964 3126 1051 3180 soient
1070 3146 1132 3180 cum
1143 3130 1231 3183 verbis
1245 3150 1338 3196 emere,
1356 3149 1405 3182 sen-

364 3211 438 3274 dem,
456 3210 601 3262 aestimare
618 3210 720 3263 aliudve
737 3211 801 3282 quid
814 3212 965 3266 huiusmodi
982 3214 1220 3286 significantibus.“
1239 3219 1263 3271 F
1271 3239 1315 3274 rc.
1330 3217 1405 3291 sylv.

364 3295 528 3350 Goerenzius
556 3299 588 3352 ad
608 3297 665 3354 Cic.
691 3299 723 3351 de
748 3298 935 3366 Finn.111,3,
956 3305 998 3368 11,
1025 3302 1071 3354 ubi
1098 3315 1149 3356 est:
1176 3323 1228 3356 noe
1256 3325 1306 3377 ego
1339 3309 1406 3357 istam

362 3386 508 3456 gloriosam
533 3387 660 3438 virtutem
685 3407 737 3438 non
755 3405 880 3459 niagno
899 3390 1157 3443 aestimandam
1180 3403 1289 3462 putem,
1317 3391 1405 3462 scripsit

364 3473 516 3527 Genitivum
536 3473 632 3527 bacin
652 3487 782 3528 structura
802 3476 882 3546 longe
898 3496 954 3530 esse
974 3477 1197 3548 frequentiorem,
1220 3501 1310 3554 neque
1330 3501 1356 3534 se
1369 3497 1404 3531 us·

364 3580 444 3632 quam
464 3563 503 3615 sic
519 3563 552 3614 ad
571 3565 682 3616 aestimo
699 3563 787 3634 begere
806 3565 966 3618 meminisse.
1001 3565 1084 3636 Borg.
1102 3565 1287 3621 Goerenzium
1314 3585 1404 3621 memo-

362 3649 401 3703 ria
419 3649 522 3720 lapsum
542 3651 719 3716 existimabat,
748 3670 809 3703 cum
830 3653 863 3704 sit
883 3652 983 3705 ibidem
1004 3653 1049 3717 lV,
1068 3655 1112 3719 23,
1133 3657 1182 3708 62:
1215 3657 1286 3727 quic
1307 3657 1343 3708 sit
1364 3670 1406 3705 non

244 3782 250 3793 ,
362 3735 478 3785 nihilo
497 3738 701 3801 aestimandum,
720 3739 766 3790 ubi
785 3758 874 3810 neque
893 3740 1014 3794 lectionis
1032 3751 1070 3793 est
1091 3741 1212 3809 varietas,
1233 3762 1322 3816 neque
1336 3742 1405 3795 Gorr.

364 3821 464 3892 aliquid
484 3822 588 3875 monuit
606 3823 645 3874 vel
664 3824 779 3877 coniecit
796 3827 884 3879 nihili.
919 3828 1014 3896 Quid?
1040 3828 1113 3899 quod
1140 3827 1198 3899 ipse
1217 3829 1302 3884 Goer.
1328 3829 1406 3901 priore

364 3906 425 3962 ioco
455 3908 545 3961 iaudat
571 3911 647 3962 Verr.
665 3911 711 3977 IV,
730 3915 756 3977 t,
781 3916 830 3966 13:
866 3927 897 3966 tu
926 3920 982 3968 ista
1007 3935 1202 3988 permagno
1229 3914 1406 3971 aestimas?

363 3997 437 4068 quasi
457 3997 522 4050 baec
540 3998 590 4051 alia
609 3999 642 4052 sit
659 4011 799 4054 structura.
848 4003 901 4056 Sed
922 4025 977 4058 non
1003 4003 1124 4056 miranda
1156 4017 1195 4059 est
1215 4004 1406 4060 Goerenriisu·

363 4085 461 4155 spicio,
480 4105 541 4139 cum
559 4086 605 4138 ilio
624 4088 656 4140 de
674 4089 786 4143 Finibus
804 4091 866 4144 ioco
887 4094 977 4162 priore
996 4094 1052 4164 ipse
1071 4091 1220 4146 Lambinus
1240 4094 1349 4147 voluerit
1365 4090 1405 4162 tegi

363 4174 462 4243 magni,
482 4193 510 4224 ex
523 4187 662 4244 perpetuo,
682 4188 711 4229 ut
723 4179 767 4243 ait,
787 4178 925 4233 Ciceronis
943 4201 999 4233 usu.
1035 4180 1092 4232 Nec
1110 4191 1203 4235 tamen
1216 4195 1331 4255 uterque
1342 4181 1405 4253 quic-

364 4280 443 4330 quam
463 4263 566 4316 monuit
587 4263 619 4314 ad
639 4263 755 4316 eiusdem
780 4267 869 4336 operis
893 4268 949 4321 Lib.
973 4269 1006 4334 V,
1024 4270 1068 4332 30,
1088 4270 1137 4320 90:
1157 4279 1190 4319 ut
1210 4271 1284 4323 sotis
1302 4284 1405 4340 magno

364 4348 585 4400 aestimanda
604 4351 667 4404 sint.
704 4351 758 4404 iam
778 4353 835 4406 vide
854 4374 903 4407 nos
922 4356 954 4408 ad
975 4353 1032 4408 Cic.
1046 4353 1271 4426 Tusculil,4,8.
1292 4362 1404 4432 p.25sq·=

365 4433 424 4481 Nae
441 4433 496 4483 iste
514 4437 631 4503 gloriosa
650 4440 784 4507 sapientia
804 4461 857 4493 non
876 4461 999 4514 magno
1017 4443 1253 4497 aestimanda
1271 4458 1321 4499 est.
1362 4438 1403 4494 Sti
