3450 5342
347 630 396 702 30
677 651 846 697 rernincxs
875 648 1068 697 srorcouuu.

345 825 401 906 qui
416 821 592 888 Corinthiis
605 819 760 900 operibus
775 817 954 893 abundant,
973 835 1016 881 an
1032 815 1066 882 C.
1080 816 1237 893 Fabricii,
1253 818 1314 898 qui
1328 819 1397 882 uitri

347 975 462 1024 eorum
476 957 599 1032 habuit,
625 956 704 1019 nihii
725 955 848 1019 trabere
876 955 989 1030 voluit,
1014 954 1137 1017 similes
1162 971 1239 1018 csse
1266 955 1396 1019 malint?

347 1099 454 1176 Atque
477 1095 561 1158 haec
576 1091 718 1171 quidem,
743 1108 828 1172 quae
849 1092 951 1157 modo
968 1094 1048 1168 huc,
1073 1090 1177 1157 modo
1192 1091 1275 1155 iiiuc
1299 1097 1394 1157 nans·

226 1254 260 1301 r·
336 1208 509 1318 ffiuntur,
525 1227 621 1292 tacite
642 1227 761 1291 adduci
778 1229 885 1293 solent
911 1232 945 1292 ut
968 1229 1004 1293 in
1021 1229 1121 1291 rebus
1137 1227 1237 1292 bonis
1252 1245 1327 1291 esse
1346 1245 1394 1290 ue-

349 1370 442 1448 gent:
463 1364 544 1428 illud
559 1367 648 1427 arcte
663 1368 785 1440 tenent,
801 1369 1020 1444 accurateque
1034 1338 1224 1440 defendunt,
1252 1362 1393 1443 volupta-

345 1507 412 1565 tem
427 1510 499 1567 esse
514 1515 678 1583 summum
696 1499 843 1563 bonum·
863 1496 960 1577 Quae
974 1499 1107 1581 quidem
1120 1498 1201 1563 mihi
1218 1516 1290 1563 vox
1303 1515 1392 1580 pecu·

347 1636 425 1701 dum
450 1635 579 1701 videtur
601 1650 691 1710 esse,
708 1650 784 1703 ¹non
808 1634 993 1699 hominum.
1045 1635 1106 1714 Tu,
1131 1652 1235 1715 quum
1256 1637 1316 1699 tibi
1334 1635 1391 1699 sive

346 1774 445 1851 deus,
471 1772 541 1836 sive
561 1774 683 1848 mater,
710 1774 745 1833 ut
769 1771 815 1835 ita
840 1770 964 1848 dicam,
999 1788 1112 1839 rerum
1137 1772 1309 1849 omnium,
1341 1789 1390 1835 na·

347 1915 437 1986 tura,
463 1908 588 1973 dederit
611 1907 768 1982 animum,
800 1925 868 1988 quo
890 1908 972 1977 nihii
999 1912 1049 1973 est
1074 1908 1316 1989 praestantius,
1342 1925 1390 1970 ne

345 2063 410 2126 que
437 2044 598 2121 divinius,
620 2045 668 2107 sic
690 2048 722 2107 te
747 2043 819 2124 ipse
843 2043 979 2109 abiicies
1006 2049 1104 2126 atque
1114 2052 1340 2135 prosternes,
1364 2047 1391 2105 ut

265 2246 275 2263 ,,
344 2180 425 2245 nihii
456 2180 542 2245 inter
574 2185 606 2244 te
639 2184 737 2260 atque
776 2179 1023 2262 quadrupedem
1054 2182 1201 2262 aliquam
1227 2186 1324 2262 putes
1348 2180 1390 2243 in·

345 2317 491 2381 teresse?
552 2315 781 2398 Quicquamue
820 2316 947 2383 bonum
978 2322 1043 2397 est,
1084 2317 1174 2399 quod
1209 2335 1280 2383 uon
1314 2334 1391 2391 eum,

346 2456 401 2536 qui
426 2454 461 2519 id
488 2452 650 2535 possidet,
685 2451 858 2517 meliorem
895 2452 996 2518 faciti
1060 2453 1102 2519 Ut
1139 2454 1228 2517 enim
1264 2454 1391 2535 quisquc

345 2597 395 2656 est
418 2590 563 2655 maxime
580 2589 660 2653 boni
678 2590 851 2671 particeps
872 2591 919 2656 ita
931 2591 1031 2655 ctiam
1044 2590 1221 2655 laudabitis
1237 2590 1391 2655 maxime:

344 2744 453 2807 neque
478 2729 528 2791 est
552 2721 657 2793 ulium
682 2727 828 2803 bonum,
862 2726 903 2791 de
931 2745 998 2809 quo
1024 2744 1092 2811 non
1118 2727 1164 2804 is,
1201 2727 1260 2808 qui
1286 2727 1320 2792 id
1339 2726 1390 2789 ira·

343 2864 439 2940 beat,
462 2864 600 2927 honeste
627 2863 730 2942 possit
754 2863 900 2943 gloriari.
953 2863 1042 2944 Quid
1066 2869 1178 2929 autem
1203 2869 1255 2929 est
1281 2864 1391 2929 norun

343 3000 377 3063 in
412 3001 607 3078 voluptate?
673 2997 890 3064 Melioremne
917 3002 1017 3067 efficit
1051 3005 1109 3067 aut
1145 3001 1390 3067 laudabiliorum

344 3135 476 3198 virum?
519 3150 562 3198 an
596 3134 770 3214 quisquam
803 3136 837 3199 in
871 3138 1039 3218 potiundis
1075 3137 1303 3218 voluptatibus
1325 3136 1390 3217 gio·

343 3269 462 3335 riando
488 3287 560 3334 sese
583 3274 614 3334 et
639 3270 886 3351 praedicatione
905 3273 1021 3339 effert?
1062 3275 1162 3354 atqui
1184 3273 1213 3337 si
1235 3274 1389 3353 voluptas,

344 3424 431 3490 quae
453 3410 678 3490 plurimorum·
694 3408 886 3491 patrociniis
918 3408 1123 3485 detenditur,
1149 3409 1184 3472 iu
1215 3409 1316 3473 rebus
1336 3406 1389 3469 bo
1427 3387 1429 3393 ’

344 3546 394 3610 nis
422 3546 575 3615 habenda
595 3564 664 3610 non
687 3550 753 3610 ests
779 3565 904 3629 eaque,
934 3565 1001 3628 quo
1025 3551 1073 3611 est
1096 3545 1225 3621 maior,
1258 3561 1301 3608 eo
1325 3557 1387 3605 ma·

345 3683 393 3761 gis
425 3686 569 3745 mentem
601 3700 631 3744 e'
649 3700 710 3748 sua
751 3684 828 3747 sede
857 3688 1000 3774 et-,statu
1031 3671 1222 3755 demovet3'
1250 3679 1390 3762 proiecto

343 3815 425 3879 nihii
452 3822 501 3878 est
524 3815 614 3880 aliud
649 3818 735 3883 hene
764 3823 796 3882 et
824 3823 921 3889 beate
957 3823 1069 3891 vivero
1102 3818 1168 3887 uisi
1202 3815 1389 3883 honesteet

344 3958 433 4016 recte
461 3953 584 4017 vivere.

410 4122 490 4181 Ὅτι
506 4127 605 4192 μόνον
624 4124 760 4195 dyadis
784 4133 821 4186 rc*
840 4133 963 4200 sciria]
1013 4128 1172 4196 „Ciceronis
1194 4118 1390 4201 argumentandi

349 4217 476 4285 modum,
501 4217 548 4290 qui
565 4216 684 4271 iuniores
708 4218 817 4275 fortasse
835 4219 987 4273 dialecticos
1005 4219 1082 4285 latet,
1106 4218 1179 4291 quod
1204 4238 1268 4273 cum
1294 4205 1390 4269 dicendi

348 4304 415 4359 ssore
437 4307 597 4360 coniunctus
614 4318 665 4374 est,
684 4306 737 4361 hoc
756 4319 834 4379 pacto
859 4307 888 4358 in
906 4305 1137 4358 ratiocinationem
1156 4304 1321 4376 redigemust
1347 4296 1391 4350 So·

349 4393 405 4446 ium
423 4395 466 4460 id,
486 4415 540 4467 quo
559 4406 670 4465 accepto
689 4412 764 4448 mens
782 4404 872 4446 nostra
890 4392 1048 4464 acquiescit,
1066 4392 1105 4446 nii
1128 4392 1245 4464 amptius
1263 4385 1392 4445 desiderat.
