3450 5342
770 695 974 743 rnoonutuu.
1372 680 1394 753 3

374 853 534 920 Parodana]
558 851 711 907 Admodum
736 855 837 909 variant
867 867 896 910 ut
914 856 970 909 sere
988 855 1032 923 sit,
1055 856 1117 911 libri
1139 867 1166 910 et
1182 859 1271 930 scripti
1289 872 1316 915 et
1333 864 1396 918 editi

339 940 368 993 in
388 940 563 1012 inscriptione
580 941 672 995 libelli.
707 941 754 996 Sic
772 941 840 999 Cod.
858 942 1061 1000 Cr.1.·habet:
1090 947 1182 999 Marci
1202 949 1275 1001 Tulii
1293 953 1395 1007 Cicera-

339 1031 383 1083 nis
401 1030 566 1089 Pandora·
586 1026 632 1083 Cr.
645 1035 671 1083 2.
689 1031 780 1104 Marci
801 1032 886 1083 Tullii
903 1033 1034 1085 Ciceronis
1051 1032 1118 1085 liber
1137 1034 1168 1085 de
1182 1037 1337 1091 Paradoxis
1352 1041 1396 1091 in-

339 1117 425 1186 cipit5
450 1115 496 1169 Cr.
515 1120 541 1171 3.
559 1117 639 1171 Drsd.
660 1122 683 1171 ².
703 1122 729 1171 5.
748 1130 842 1173 carent
859 1119 1049 1191 inscriptione3
1074 1121 1155 1176 Drsd.
1176 1127 1202 1176 1.
1222 1122 1338 1178 exhibet:
1357 1129 1396 1179 M.

343 1209 375 1258 T.
395 1204 526 1259 Ciceronis
546 1203 614 1259 liber
630 1206 836 1261 Paradoxorum
856 1207 971 1276 incipit,·
999 1208 1080 1262 Drsd.
1098 1213 1123 1264 3.
1148 1214 1189 1265 Μ.
1213 1214 1244 1264 T.
1266 1212 1396 1265 Ciceronis

340 1294 379 1344 ad
396 1297 514 1345 Brutum
533 1293 677 1347 Parodosa
694 1293 844 1362 incipiunt,
864 1293 980 1365 Guelph.
996 1295 1078 1348 Liber
1094 1297 1126 1347 de
1140 1296 1294 1350 Paratianis
1306 1299 1397 1351 Marci

343 1381 418 1433 Tulli
436 1381 583 1442 ciceronio
608 1380 680 1435 (iud.
697 1381 729 1435 B.
747 1381 887 1435 M.-tattii
912 1383 1044 1437 Ciceronis
1067 1384 1152 1455 incip*
1165 1386 1311 1454 paradoxo
1328 1387 1396 1439 stoi-

340 1487 448 1529 corum,·
467 1469 562 1523 Duieb.
579 1471 710 1523 Ciceronis
722 1471 881 1525 Paradoxa.
918 1472 948 1525 ln
967 1470 1035 1525 Edd.
1055 1471 1188 1544 plerisque
1207 1474 1339 1548 inscriptis
1357 1487 1396 1531 est

338 1560 381 1608 Μ.
398 1561 428 1610 Τ.
444 1561 472 1611 C.
485 1558 651 1619 Paradoxc5
670 1557 698 1611 in
717 1557 807 1611 multis
825 1561 866 1611 Μ.
885 1562 915 1611 Τ.
936 1563 965 1613 C.
981 1560 1130 1613 Parodana
1148 1561 1186 1613 nd
1200 1565 1242 1617 M.
1258 1567 1393 1624 Brutum

338 1645 365 1698 in
386 1646 479 1717 paucis
497 1650 537 1701 M.
558 1651 588 1701 T.
608 1650 636 1699 C.
654 1646 803 1699 Paradoxa
819 1647 970 1699 Stoicorum
988 1648 1027 1699 ad
1044 1651 1084 1701 M.
1106 1652 1235 1707 Brutum,
1263 1661 1292 1703 ut
1311 1650 1394 1705 edidit

337 1733 586 1798 Gernhardus‚
606 1752 686 1805 quem
706 1752 756 1785 nos
773 1734 920 1803 sequimur.
937 1734 997 1793 Mi.
1080 1768 1083 1773 -

412 1822 571 1889 Parodana]
591 1820 687 1886 „Sicut
703 1819 875 1892 Pythagorici
893 1822 1015 1892 symbola
1034 1823 1165 1894 quaedam
1184 1824 1335 1878 habuerunt
1352 1836 1392 1879 at·

336 1928 392 1980 que
411 1928 493 1963 aurea
512 1919 667 1980 praecepta:
686 1908 725 1962 sic
742 1909 826 1963 Stoici
846 1908 984 1980 παράδοξα
998 1929 1044 1964 sua
1064 1911 1189 1982 dogmata
1208 1913 1392 1978 nominarunt,

337 2017 408 2070 quae
427 1995 524 2051 Cicero
548 2017 603 2050 non
628 2017 684 2052 uuo
710 1997 771 2053 loco
798 1999 970 2051 admirabilia
992 2000 1196 2071 interpretatur,
1220 2000 1288 2054 sicut
1313 2000 1392 2054 etiam

337 2085 437 2139 Graeci
455 2082 601 2147 decucurri
619 2097 645 2139 et
664 2082 855 2156 αέαροςδόκητα,
874 2107 907 2140 en
926 2087 999 2159 quod
1014 2087 1206 2158 sintopinione
1220 2098 1246 2141 et
1258 2098 1393 2159 exspecta·

336 2174 410 2228 tione
430 2174 540 2228 maiora.
558 2204 593 2215 -·
620 2173 742 2240 Stoicos,
770 2174 885 2244 opinor,
913 2174 1039 2246 Epicurei
1064 2186 1126 2229 sunt
1141 2176 1253 2239 imitati,
1279 2176 1326 2248 qui
1344 2193 1391 2229 sua

337 2262 463 2334 dogmata
482 2269 573 2333 κυρίας
591 2259 669 2322 δόξας
687 2260 823 2333 appellare
842 2272 905 2315 sunt
922 2262 988 2315 susi:
1014 2264 1111 2327 titulo,
1129 2274 1158 2317 ut
1175 2262 1278 2319 Plinius
1294 2263 1391 2335 inquit,

335 2361 447 2422 propter
466 2370 542 2422 quem
561 2351 740 2403 vadmonium
759 2351 843 2403 deseri
856 2351 974 2418 possit.“
1009 2351 1103 2422 Xyst.
1121 2349 1315 2405 Betuleius.

409 2438 567 2504 Parodana]
595 2436 701 2510 Scripta
720 2437 843 2491 ridentur
866 2439 936 2491 intra
961 2439 1115 2502 biennium,
1141 2457 1196 2510 quo
1215 2436 1312 2493 Cicero
1331 2440 1391 2495 vixit

337 2536 396 2597 post
409 2525 529 2580 Caesaris
544 2545 646 2579 necem.
681 2522 836 2593 Παράδοξα,
854 2545 922 2596 quae
939 2537 1002 2580 sunt
1019 2538 1125 2597 praeter
1141 2525 1263 2579 omnium
1282 2526 1390 2596 opinio-

336 2632 415 2681 nem,
438 2624 465 2667 et
482 2613 686 2667 admirationem
706 2626 823 2668 movent.
849 2613 1037 2684 'Exponuntur
1053 2632 1068 2667 a
1087 2612 1220 2667 Cicerone
1238 2613 1271 2667 ad
1292 2633 1390 2684 quam·

333 2703 398 2757 dem
415 2699 494 2753 veluti
513 2698 623 2753 senilem
642 2698 874 2767 declamationem,
894 2712 924 2755 ut
944 2701 1001 2772 ipse
1019 2720 1078 2755 eam
1098 2712 1173 2755 vocat
1191 2701 1219 2753 in
1236 2700 1347 2753 l'uscul.
1363 2704 1390 2755 1.

334 2810 394 2863 cap.
413 2794 439 2843 4.
477 2790 569 2859 ltaque
585 2786 677 2843 scribit
695 2786 843 2841 Suetonius
859 2787 892 2842 de
911 2787 983 2841 Clar.
999 2787 1107 2841 Rhetor.
1125 2807 1149 2843 c.
1168 2790 1193 2841 1.
1230 2785 1389 2839 Ciceronem

334 2877 469 2932 seniorem
489 2894 598 2948 quoquc
617 2873 785 2929 declamasse.
803 2875 825 2927 F
831 2894 899 2931 aco
936 2875 996 2931 Cic.
1013 2876 1047 2931 do
1064 2875 1123 2929 Fin.
1137 2875 1183 2940 tV,
1199 2877 1241 2940 tt,
1256 2878 1300 2929 74.
1320 2878 1391 2933 Nem

334 2984 368 3017 ea
385 2965 483 3017 eisdem
502 2963 640 3017 verborum
656 2964 813 3033 praestigiis
831 2975 859 3016 et
883 2982 968 3036 regna
991 2972 1060 3038 nata
1084 2963 1157 3016 rabis
1179 2961 1303 3032 (Stoicis)
1325 2973 1391 3015 sunt

335 3062 363 3105 et
381 3051 507 3122 imperia,
530 3059 558 3102 et
578 3050 705 3115 dicitius,
730 3061 758 3109 ct
776 3060 873 3103 tantae
892 3052 1010 3122 quidem,
1035 3062 1067 3103 ut
1085 3050 1187 3114 omnio,
1205 3067 1275 3120 quae
1293 3047 1391 3119 ubique

334 3142 400 3204 sint,
417 3138 549 3208 sapientis
566 3156 623 3197 erse
638 3138 756 3199 dicatis:
785 3139 871 3195 solum
888 3148 1030 3208 praeterea
1042 3138 1203 3208 formosum,
1221 3136 1308 3188 solum
1324 3134 1391 3187 Iibe-

334 3246 409 3292 rum,
426 3226 513 3281 solum
530 3225 802 3285 ammanitarum
819 3226 908 3279 omnia
926 3227 1078 3283 contraria,
1096 3224 1263 3297 quasetiam
1280 3223 1389 3279 insanos

332 3334 390 3371 csse
414 3314 509 3371 vultis.
554 3317 647 3367 -Haee
671 3314 808 3384 παράδοξα
836 3314 893 3374 illi.
926 3306 973 3367 nos
1001 3311 1231 3365 admirabilia
1261 3309 1389 3369 dicamus·

333 3402 409 3474 Quid
426 3411 518 3459 cutem
535 3399 635 3469 babent
653 3388 857 3464 admirationis,
882 3419 943 3457 cam
959 3418 1041 3468 prope
1060 3392 1231 3462 accesserisi.
1244 3395 1390 3467 ‘conseram

334 3500 438 3551 tecum,
465 3504 546 3557 pacm
569 3472 664 3559 cuique
690 3486 846 3553 verbo-,rem
864 3484 1008 3553 subjicias,
1033 3485 1111 3537 nulla
1128 3483 1181 3534 erit
1201 3481 1390 3553 controversia.

334 3588 361 3633 et
373 3572 463 3637 Acad.
481 3572 525 3640 ΙΙΙ,
542 3577 587 3641 44,
608 3577 669 3641 136,
691 3572 1004 3639 eratenim-Socratica
1019 3571 1149 3641 pleraque
1166 3565 1302 3621 mirabilia
1317 3565 1391 3619 Stoi-

335 3681 443 3725 corum,
460 3679 529 3734 quae
544 3657 885 3731 aupddotalncminontar.
898 3715 901 3722 ,
916 3658 976 3711 Mr.

406 3749 568 3818 Paradasa]
583 3749 629 3816 „A
647 3748 745 3817 Stoicis
761 3759 891 3805 vocamur
908 3746 1014 3800 decreta
1032 3741 1230 3818 philosophiae,
1249 3759 1318 3814 quae
1335 3738 1391 3793 eius

335 3820 470 3910 imperitis¹
484 3832 559 3907 sape*
575 3836 655 3896 iiior
672 3837 690 3891 i.
703 3857 726 3891 e.
747 3848 853 3909 praeter
865 3836 1031 3907 opinionem,
1050 3834 1083 3889 ab
1096 3851 1191 3887 eorum
1204 3849 1282 3884 sensu
1296 3838 1390 3903 captu·

334 3943 388 3997 que
408 3922 495 3987 aliena
514 3933 583 3989 suut.
627 3922 675 3979 Sic
692 3924 720 3979 in
739 3923 847 3977 Arriani
867 3922 1030 3977 Commentt.
1046 3921 1161 3993 Epictet.
1179 3923 1206 3985 l,
1225 3923 1260 3973 25
1283 3928 1334 3973 est:
1362 3922 1390 3967 cl

334 4000 387 4075 oin,
398 4007 567 4076 inumb,
585 4013 607 4064 el
625 4016 713 4077 satir
731 4014 870 4080 φιλοσοφία
888 4007 972 4065 aelia*
987 4016 1038 4062 τῶν
1054 4005 1164 4078 ἀληθῶν
1177 4002 1314 4077 παράδοξα
1329 4009 1390 4064 φαί-

333 4118 406 4151 νεται
424 4109 481 4157 τοῖς
498 4095 626 4170 ἆμαίροις,
665 4098 769 4155 Seneca
786 4099 870 4171 Epist.
888 4101 938 4152 81:
967 4102 1028 4151 Hoc
1047 4095 1147 4169 uliquis
1170 4094 1242 4145 inter
1264 4092 1314 4143 illa
1337 4108 1391 4140 nn-

335 4196 430 4251 nerat,
449 4204 519 4258 quoe
538 4187 659 4251 videmur
676 4187 867 4257 inopinata
885 4185 1005 4239 amnibus
1023 4185 1123 4237 dicere:
1143 4179 1280 4248 παράδοξα
1295 4174 1391 4226 Graeci

334 4276 464 4329 vocant.“
489 4275 598 4346 Wytt.
635 4273 718 4343 Quod
743 4285 832 4329 autem
857 4273 895 4329 ait
917 4270 1077 4327 Plutarchus
1100 4268 1128 4320 in
1154 4265 1223 4317 libro
1248 4261 1281 4314 de
1306 4258 1390 4313 Com-

334 4378 431 4417 mutin.
448 4360 542 4417 Notirt
560 4361 617 4416 adv.
636 4360 741 4416 Stoicos
760 4367 831 4431 (περὶ
849 4364 902 4415 τῶν
922 4360 1013 4412 κοινῶν
1030 4359 1130 4408 irrotare
1148 4346 1213 4429 npdt
1230 4345 1292 4408 roric
1304 4351 1390 4401 Σταϊ·

335 4446 408 4517 esde)
426 4449 460 4517 ll,
479 4469 507 4523 p.
524 4452 605 4505 1060.
622 4447 663 4501 A:
680 4445 698 4501 ii
717 4446 752 4519 δὴ
770 4448 908 4521 παράδοξα
926 4451 971 4499 καὶ
991 4441 1068 4496 αὐταὶ
1084 4433 1265 4503 μετἀἷκολίας
1283 4434 1389 4513 degipr·

1060 4552 1078 4621 l
1090 4547 1104 4576 ί
