3450 5342
337 636 411 711 330
541 658 704 708 excursus
732 660 780 706 ιιι.
814 660 856 707 ιι)
880 658 1077 709 ιιιιιοιοι
1098 662 1120 722 ι,
1149 656 1175 707 1.

337 829 452 872 ceterum
470 828 496 868 et
516 816 652 870 habendos
669 836 724 870 esse
740 828 767 868 et
786 818 868 870 utiles
886 830 913 870 et
932 837 1032 890 magno
1050 821 1187 872 commodo
1213 821 1290 872 vitae
1314 823 1386 894 adse-

337 916 440 968 rentes,
452 906 557 977 fateor.
592 903 655 958 Seu.
673 904 758 976 Epist.
777 907 845 958 1172
871 905 907 956 Id
923 925 970 958 nos
991 905 1106 957 medium
1133 916 1221 978 atque
1238 908 1387 976 indzffirens

337 1011 476 1059 vocamus,
496 993 568 1064 quod
585 1002 642 1044 tom
660 993 730 1044 molo
749 994 914 1064 contingere,
933 992 1107 1065 quambene,
1127 1004 1238 1063 potest,
1263 1005 1385 1066 tanquam

332 1081 466 1151 pecunia,
479 1081 590 1151 formo,
608 1078 750 1132 nobilitas:
770 1110 804 1120 -
823 1099 855 1133 ne
875 1080 976 1133 rnolum
994 1080 1100 1152 quidem
1118 1090 1176 1147 est,
1197 1082 1274 1152 quod
1291 1082 1386 1133 contin·

260 1226 262 1230 ,
335 1187 397 1239 gere
423 1168 494 1219 malo
518 1188 570 1220 non
585 1177 692 1238 potest:
712 1196 747 1207 -
773 1168 858 1241 quod,
884 1168 936 1220 nisi
955 1167 1054 1231 bonus,
1077 1186 1152 1220 nemo
1173 1167 1273 1232 babet,
1300 1167 1384 1220 benun

337 1267 385 1308 est.
421 1255 479 1309 Mr.

722 1524 934 1585 EXGURSUS
958 1527 1010 1584 111.
1067 1588 1070 1593 ,
1121 1463 1125 1469 Ι

580 1661 654 1736 ιι)
687 1661 1084 1756 ΡΑιιΑιιοιιοιιι
1111 1660 1154 1736 ιι

603 1818 679 1906 Ego
701 1842 802 1900 vero,
823 1820 1068 1909 inquit‚j'ctoio
1089 1854 1143 1884 —.

412 1980 511 2033 Henr.
530 1977 731 2051 Stephanus
747 1980 775 2032 in
794 1979 883 2046 libro,
901 1979 948 2053 qui
965 1978 1135 2035 inscribitur:
1161 1966 1385 2032 Selrediasmutun

344 2069 502 2131 Vortumni,
534 2067 551 2120 i.
577 2086 601 2120 e.
626 2065 869 2135 Observationum,
903 2067 1150 2132 Emendationurn‚
1184 2066 1385 2138 Expositionun‚

341 2154 564 2227 Disquisitionurn
588 2154 649 2207 libri
677 2166 743 2222 tres,
776 2157 822 2228 qni
850 2168 913 2210 sunt
938 2175 1019 2227 pensa
1051 2154 1245 2208 succisivarum
1273 2154 1385 2206 horarum

341 2241 471 2308 ianuarii,
491 2242 644 2309 Februarii,
664 2242 762 2298 Martii.
799 2242 900 2298 Excud.
916 2243 948 2297 H.
966 2242 1057 2314 Stepb.
1077 2262 1101 2294 a.
1121 2245 1204 2295 1578
1226 2245 1252 2295 8.
1279 2242 1387 2311 (Exstant

342 2328 421 2380 etiam
440 2328 485 2380 alii
501 2327 562 2381 libri
583 2340 646 2395 tres,
675 2329 721 2401 qui
748 2341 810 2384 sunt
830 2330 946 2401 Aprilis,
972 2329 1052 2429 Maii,
1079 2325 1157 2381 Iunii
1175 2327 1272 2451 1519.)
1293 2328 1346 2380 Lib.
1360 2325 1385 2380 H

343 2413 439 2468 Sched
456 2414 592 2486 XXHI,p.
612 2419 687 2470 69-
696 2421 746 2471 62:

414 2506 456 2570 „0
481 2502 646 2561 imitatores,
673 2523 779 2557 servum
802 2523 901 2574 pecus,
930 2504 962 2556 de
988 2503 1151 2575 quibusdam
1176 2503 1353 2557 imitatoribus
1375 2521 1385 2553 a

342 2588 440 2643 Flacco
459 2589 620 2656 dictum,1n
639 2590 785 2644 nonnullos
802 2589 1008 2656 Ciceronianus,
1037 2601 1067 2644 ut
1085 2590 1196 2661 quidem
1222 2593 1276 2664 ipsi
1292 2590 1386 2645 salutari

345 2678 478 2750 gaudent,
502 2677 597 2732 merito
622 2677 778 2733 iactas-etur:
807 2680 936 2751 quicum
960 2677 1010 2731 alia
1028 2677 1160 2748 pleraque
1179 2678 1281 2734 imitari
1299 2678 1386 2740 volunt,

345 2786 413 2837 quae
431 2787 486 2820 non
504 2766 669 2838 intelligunt,
694 2778 751 2820 tum
776 2784 838 2820 vero
862 2785 940 2819 usum
967 2784 1063 2823 vocum
1090 2769 1150 2836 Ego
1173 2785 1238 2819 vero
1264 2766 1305 2819 vel
1326 2764 1386 2817 Mitt

344 2875 414 2912 uero.
451 2855 522 2923 Quia
541 2855 613 2908 enim
632 2855 703 2925 apud
723 2852 883 2908 Ciceronem
902 2855 934 2907 ab
947 2854 997 2906 iilis
1014 2851 1136 2908 inchoari
1148 2854 1281 2924 quasdam
1294 2853 1386 2925 Episto-

345 2945 383 2997 las
401 2945 498 3010 vident,
517 2944 589 2997 idern
607 2961 715 2996 suarum
735 2941 869 3013 plerisque
881 2942 944 2995 dant
962 2940 1080 2994 initium:
1099 2941 1214 3011 perinde
1235 2941 1299 2995 acsi
1318 2958 1386 2993 orna·

346 3046 387 3086 tus
405 3042 508 3085 tantum
527 3031 611 3101 gratia
628 3014 724 3082 Cicero
744 3029 882 3102 principiis
901 3029 945 3082 itta
965 3027 1092 3083 vocabula
1111 3028 1262 3083 adhiberet.
1298 3029 1334 3081 Ut
1346 3027 1385 3097 igi-

345 3133 390 3174 tur
408 3118 517 3190 posthac
535 3117 586 3170 iilis
606 3137 660 3170 non
680 3118 838 3184 abutantur,
868 3118 912 3171 sed
931 3127 1056 3182 utantur,
1080 3118 1166 3170 sciant
1190 3116 1246 3171 boc
1264 3116 1334 3188 apud
1350 3112 1387 3165 ci-

346 3223 473 3260 ceronem
491 3224 546 3259 esse
564 3223 658 3258 eorum
677 3204 812 3274 officium,
832 3217 861 3259 ut
881 3204 1022 3259 ostendant
1038 3204 1072 3257 ad
1091 3204 1134 3271 id,
1165 3205 1199 3258 de
1229 3225 1286 3278 quo
1304 3201 1386 3273 aliquis

346 3292 479 3364 scripserit
496 3292 536 3345 vet
553 3294 586 3346 de
605 3311 659 3365 quo
677 3313 726 3365 per
744 3293 900 3366 quempiam
925 3313 940 3346 a
960 3313 988 3346 se
1005 3293 1114 3345 missurn
1140 3292 1330 3364 interrogarit,
1353 3308 1386 3340 rt·

346 3382 480 3453 sponderi.
516 3381 563 3436 Sic
580 3379 649 3435 libro
667 3382 737 3434 XVi.
756 3381 937 3454 Epistularum
954 3381 987 3434 ad
1005 3381 1110 3433 Famm.
1157 3385 1219 3452 Ego
1242 3400 1304 3434 vero
1322 3380 1387 3448 cupio

346 3480 372 3520 te
390 3469 486 3520 adme
504 3471 608 3523 venire:
625 3470 674 3522 sed
690 3469 762 3522 vium
780 3469 869 3525 timeo.
905 3468 1063 3540 Respondet
1080 3468 1192 3535 Tironi,
1223 3470 1270 3540 qui
1288 3467 1387 3538 scripse·

346 3568 388 3612 rat
404 3577 433 3612 se
449 3559 555 3626 mirari,
573 3577 623 3612 cur
642 3556 739 3611 Cicero
757 3556 880 3609 nondum
898 3555 960 3609 velit
977 3574 1040 3608 eum
1060 3555 1093 3608 ad
1112 3574 1138 3608 se
1158 3556 1264 3610 venire:
1283 3556 1336 3628 qui,
1353 3554 1387 3605 in·

347 3664 442 3715 quam,
462 3644 502 3696 vel
521 3644 572 3698 boc
591 3644 630 3697 vel
648 3643 749 3715 aliquid
768 3643 819 3698 tale
837 3643 986 3715 scripserat.

418 3729 464 3783 sic
481 3731 542 3782 libri
562 3732 618 3784 VH.
636 3731 685 3803 Ep.
704 3736 754 3786 39)
781 3735 840 3803 Ego
867 3751 930 3784 vero
954 3733 1054 3784 tante
1080 3749 1128 3783 neo
1147 3731 1244 3782 hortor
1263 3747 1307 3781 nec
1325 3745 1387 3796 rogo,

348 3827 380 3868 ut
400 3817 505 3868 domum
523 3817 624 3869 redeas.

418 3901 465 3956 Sic
482 3914 550 3956 sexta
569 3902 630 3955 iibri
648 3903 700 3954 iV:
719 3905 778 3976 Ego
796 3923 866 3972 vero,
885 3905 974 3969 Servi,
993 3906 1101 3972 vellem,
1122 3917 1153 3956 ut
1174 3907 1285 3971 scribis,
1300 3907 1327 3956 in
1344 3919 1389 3953 naeu

346 3992 507 4064 gravissimo
526 4010 591 4045 casu
610 3991 747 4062 affuisses.
784 3992 862 4062 Quae
882 3992 991 4066 epistola
1012 4004 1104 4064 aperte
1116 3995 1235 4049 ostendit
1252 4014 1308 4048 rem
1325 3993 1389 4045 inse

347 4080 460 4148 habere,
480 4092 510 4134 ut
528 4081 603 4147 dico,
630 4100 712 4153 quum
726 4080 816 4136 Servii
835 4083 960 4155 epistola,
987 4083 1020 4135 ad
1047 4101 1130 4154 quarn
1154 4081 1223 4138 haec
1242 4079 1390 4154 respondet,

349 4169 467 4238 proxime
486 4169 668 4240 praecedat.=

419 4255 490 4309 Sic
483 4275 509 4307 ιιι
529 4257 662 4327 principio
681 4257 783 4327 primae
801 4259 833 4310 ad
852 4259 971 4313 Atticum
990 4257 1117 4350 epistolae
1137 4259 1250 4314 libriV.
1272 4263 1326 4332 Ego
1342 4273 1390 4310 vero

348 4353 373 4392 et
393 4353 471 4393 tuum
488 4346 516 4395 in
536 4345 652 4396 discessu
672 4345 728 4396 vidi
745 4346 863 4397 animum
881 4358 908 4398 et
927 4365 981 4398 meo
999 4365 1059 4397 sum
1079 4347 1136 4415 ipse
1156 4350 1247 4403 testis.

421 4430 521 4483 Eodem
540 4443 628 4486 autem
647 4435 728 4487 niodo
754 4435 825 4486 Mitt
849 4454 925 4501 vero,
954 4436 1016 4488 item
1046 4437 1086 4486 Tu
1110 4453 1174 4488 vero
1204 4437 1268 4492 aiibi
1295 4448 1391 4504 respon·
