3450 5342
742 633 903 714 excursui
931 664 977 711 rx.

720 828 931 889 RXGURSUS
954 828 1008 888 tx.

555 995 630 1068 sn
658 990 1003 1067 rtnsnoxun
1029 992 1099 1086 lv,
1124 991 1164 1065 a.

418 1157 567 1247 Nescis,
588 1167 754 1232 exsilium
775 1168 946 1233 scelerum
968 1189 1041 1230 esse
1056 1189 1234 1253 poenurn,
1260 1182 1317 1231 eet.

406 1360 523 1439 „Cicero
551 1377 602 1431 pro
628 1377 677 1410 suo
708 1356 820 1411 arbitrio
846 1355 937 1408 exsilii
965 1355 1074 1409 nornine
1102 1356 1189 1409 utitur
1216 1356 1384 1428 abutiturque.

338 1448 479 1516 Triplicem
497 1446 575 1500 buius
591 1443 709 1499 nominis
727 1443 947 1515 significationem
971 1443 1043 1514 apud
1062 1442 1223 1496 Romanum
1238 1444 1319 1498 -buuc
1334 1465 1384 1498 ora-

334 1546 421 1588 torem
438 1533 553 1586 invenio.
598 1532 712 1600 Quoties
735 1533 768 1586 ad
796 1533 884 1603 ipsum
910 1530 1005 1585 attinet
1029 1530 1082 1585 hoc
1107 1531 1293 1597 vocabulum,
1317 1533 1384 1586 inno·

335 1624 450 1677 centiam
471 1622 606 1694 quandam
625 1642 689 1693 prae
708 1641 735 1675 se
754 1622 812 1675 lert.
858 1621 896 1675 tn
915 1640 995 1691 supra
1018 1620 1046 1673 in
1066 1620 1210 1674 Paradoxo
1231 1620 1264 1682 lt,
1290 1623 1325 1692 [p.
1338 1623 1382 1689 bb]

335 1710 460 1764 adversus
478 1709 625 1763 Antonium
646 1709 722 1776 dixit,
747 1704 884 1761 Exsilium
901 1709 936 1761 iis
953 1727 1010 1774 esse
1036 1708 1172 1772 terribile,
1198 1710 1301 1781 quibus
1318 1713 1384 1783 quasi

335 1799 553 1867 circumscriptus
569 1798 607 1848 sit
625 1796 769 1848 babitandi
786 1796 874 1862 locus,
891 1815 943 1848 non
960 1797 1008 1863 iis,
1031 1798 1079 1867 qui
1103 1815 1208 1848 omnem
1229 1798 1317 1852 orbern
1338 1811 1383 1850 ter·

334 1904 427 1938 rarum
446 1903 527 1935 unam
546 1883 635 1936 urbem
653 1903 709 1936 esse
729 1883 839 1936 ducant.
874 1882 939 1951 Quo
960 1883 1022 1936 loco
1040 1881 1155 1952 Cicero,
1183 1897 1216 1940 ut
1241 1887 1295 1942 boc
1312 1889 1383 1942 obiter

336 1991 475 2038 moneam,
499 1972 532 2024 ad
552 1971 732 2025 differentiam
750 1970 902 2047 exsiliorum
921 1971 1061 2042 respexisse
1080 1971 1164 2026 videri
1185 1975 1281 2044 possit.
1328 1975 1383 2028 Nam

335 2061 486 2116 Martianus
503 2059 703 2114 lureconsuttus
719 2059 747 2112 in
769 2058 786 2112 1.
806 2063 831 2113 5.
848 2059 880 2114 ff.
904 2059 937 2112 de
956 2058 1088 2113 interdict.
1116 2071 1143 2113 et
1172 2062 1259 2134 releg.
1287 2064 1381 2134 [Dignst.

335 2148 365 2202 L.
385 2147 501 2202 XLvttt.
518 2148 573 2201 Tit.
593 2153 638 2215 22,
656 2149 693 2216 5.]
736 2149 871 2200 Exsilium
890 2147 989 2217 triplex
1014 2165 1071 2199 esse
1088 2147 1170 2214 dicit,
1197 2162 1256 2202 aut
1279 2172 1335 2202 eum
1348 2161 1382 2202 est

335 2247 468 2289 certorum
485 2236 601 2288 locorum
619 2236 782 2302 interdictio,
801 2245 853 2286 aut
871 2235 933 2286 lata
946 2235 1038 2307 suga,
1054 2235 1150 2307 (quale
1170 2236 1314 2291 Ciceronis
1329 2237 1382 2290 exsi-

336 2323 412 2389 lium,
431 2334 538 2394 excepta
550 2323 644 2394 culpa,
663 2323 742 2391 luitz)
763 2332 796 2375 ut
814 2324 930 2375 omnium
947 2325 1063 2375 locorum
1075 2324 1275 2391 interdicatur,
1291 2334 1382 2394 praeter

336 2421 438 2462 eertum
455 2411 556 2479 locum,
577 2420 629 2462 aut
645 2411 752 2464 insulae
769 2409 920 2475 uinculum,
947 2411 978 2462 id
995 2420 1050 2476 est,
1070 2411 1205 2481 relegatio
1223 2414 1255 2465 in
1273 2413 1380 2466 insulan.

338 2498 369 2560 {n
386 2497 433 2552 itto
453 2497 592 2551 Ciceronis
612 2498 672 2552 loco
693 2517 735 2551 res
752 2497 809 2569 ipsa
829 2517 884 2551 non
902 2498 1011 2551 nomine
1030 2497 1156 2569 quidem,
1182 2499 1230 2552 sed
1251 2500 1380 2570 ignominia

337 2598 364 2641 et
381 2585 487 2639 miseria
505 2585 617 2639 exuitur.
662 2584 692 2638 In
720 2584 773 2637 hoc
801 2603 864 2637 vero
887 2584 948 2639 loco
972 2605 1015 2638 res
1040 2595 1066 2637 et
1090 2588 1205 2640 nomine
1236 2592 1381 2660 privaturet

337 2675 495 2747 ignominia.
529 2675 597 2728 Nam
615 2676 669 2726 iter
687 2672 824 2737 nominat,
843 2672 911 2725 sicut
929 2673 957 2724 in
977 2674 1011 2725 V.
1029 2673 1252 2728 Tusculanarum
1272 2677 1324 2744 [31,
1335 2677 1381 2728 ut.

338 2765 396 2819 Ed..
407 2776 489 2819 nostr.
509 2765 541 2816 T.
550 2763 593 2816 111.
615 2783 642 2834 p.
657 2765 719 2816 231.
737 2762 803 2833 ibiq.
822 2772 914 2815 annot.
933 2763 1025 2829 nostr.]
1042 2765 1301 2834 peregrinationem,
1317 2762 1379 2828 prii

336 2872 374 2906 σει
390 2872 437 2906 seu
455 2852 640 2906 extenuatione
658 2849 769 2922 pulchre
788 2850 951 2913 verecunda,
970 2849 1118 2903 ubimulta
1137 2851 1291 2906 multorum
1310 2852 1380 2925 pbilo-

335 2940 483 3012 sapborum
500 2959 546 2993 sua
564 2951 660 3011 sponte
678 2937 764 2991 solum
785 2939 941 2992 vertentium
961 2938 1078 3009 exempla
1097 2952 1253 2995 enumerat.
1296 2943 1379 2995 Verum

337 3046 387 3098 pro
405 3027 497 3079 Domo
514 3045 560 3078 sua
582 3027 637 3092 [η
655 3025 712 3092 lb]
730 3027 832 3078 exsulis
857 3046 951 3079 nomen
977 3044 1027 3095 per
1043 3045 1072 3078 se
1097 3028 1274 3082 calamitatis
1292 3030 1379 3102 quiden

336 3132 392 3165 esse
410 3111 489 3176 dicit,
507 3112 686 3180 turpitudinis
704 3131 756 3164 non
775 3114 847 3168 item.
885 3113 1028 3166 Ediverso
1049 3133 1099 3185 pro
1117 3113 1191 3169 Aulo
1211 3116 1327 3173 Caecina
1337 3119 1379 3185 [31

337 3201 411 3267 ton]
429 3200 553 3253 exsilium
568 3219 621 3252 non
639 3200 814 3270 supplicium,
840 3201 890 3252 snt
903 3202 1062 3272 profugium
1084 3213 1254 3277 portumque
1272 3201 1380 3275 supplicii

336 3289 465 3346 nominat.
502 3289 552 3343 Hic
571 3300 596 3343 et
621 3307 720 3341 nomen
740 3300 879 3356 remanet,
906 3309 957 3342 nec
985 3290 1133 3361 ignominia
1168 3303 1246 3346 caret
1269 3293 1380 3352 exsilium,

335 3377 363 3429 in
383 3376 456 3449 quod
477 3395 572 3430 causae
598 3397 660 3430 suae
679 3377 828 3430 diffidentes
846 3397 874 3430 se
898 3377 1058 3431 coniiciunt:
1085 3398 1137 3432 nec
1157 3381 1269 3434 miseria
1289 3393 1380 3452 prorsu

336 3466 425 3531 abest,
444 3465 491 3517 ubi
509 3465 651 3518 interduo
669 3465 752 3531 mala,
772 3465 844 3535 quod
864 3467 953 3519 minus
971 3465 1177 3520 incommodum
1194 3479 1250 3537 est,
1281 3467 1381 3540 eligitur.

336 3549 462 3606 Ceterum
482 3553 516 3606 de
535 3552 683 3606 voluntario
702 3552 778 3607 exilio
797 3553 855 3624 tege
874 3554 1012 3607 Budaeum
1024 3554 1052 3607 in
1066 3556 1291 3610 annotationibus
1307 3564 1381 3628 poste·

336 3639 465 3705 rioribus,
490 3660 571 3711 super
596 3659 628 3695 eo
653 3641 730 3707 ioco,
757 3661 837 3713 quem
857 3643 948 3713 paullo
973 3643 1095 3713 superius
1124 3662 1154 3696 ex
1184 3644 1321 3698 Martiano
1342 3641 1381 3696 sd-

337 3726 467 3778 dnximus.
486 3755 520 3767 -
557 3726 639 3795 Quod
666 3739 755 3782 autem
778 3749 838 3784 mox
864 3731 929 3784 dicit
954 3731 1039 3782 solum
1069 3742 1193 3798 mutare,
1220 3731 1328 3786 Graecis
1350 3739 1381 3780 est

337 3811 549 3879 praevenerim,
577 3814 776 3874 μετοικίζεσθαι.
816 3817 966 3871 Matthaeus
991 3817 1104 3890 [Evang.
1123 3819 1142 3884 l,
1166 3822 1211 3874 11.
1232 3824 1274 3874 12.
1292 3828 1315 3871 et
1331 3814 1380 3879 tt]

336 3901 531 3973 Babylonicum
552 3901 668 3955 exsilium
687 3911 847 3963 μετοικεσίαν
864 3907 1020 3978 appellavit,
1042 3907 1114 3977 quod
1136 3907 1229 3962 mitius
1247 3919 1293 3975 est,
1311 3921 1380 3978 quam

337 3993 528 4056 uipuutuotuf‘
547 3992 673 4062 Xystus
690 3992 884 4048 Betuleius.
928 3996 1005 4049 Adde
1023 3994 1063 4047 bis
1084 3995 1116 4046 H.
1135 3996 1168 4048 E.
1188 3997 1313 4049 Dirksen.
1330 3993 1380 4046 Ma·

336 4078 416 4132 nuale
434 4078 579 4133 Latinitatis
596 4079 724 4134 Fontium
754 4079 821 4135 luris
845 4082 934 4137 civilis
957 4084 1143 4137 Romanorum
1171 4105 1194 4136 v.
1210 4087 1345 4138 Exsilium
1360 4090 1380 4132 et

336 4166 480 4218 Exsulare.
503 4166 632 4232 ,Barnab
651 4167 755 4224 Brisou.
775 4171 808 4224 de
828 4173 997 4239 Verborum,
1026 4190 1095 4244 quae
1121 4171 1155 4224 ad
1181 4173 1226 4226 Ius
1251 4173 1379 4245 pertinent,

336 4253 528 4323 significatione
547 4277 568 4308 v.
587 4258 721 4323 Exilium,
738 4279 765 4330 p.
783 4262 844 4313 314.
865 4260 915 4315 Ed.
935 4261 1005 4314 itter.
1030 4271 1056 4313 et
1074 4260 1162 4314 Lexic.
1192 4260 1336 4315 luridicum
1357 4276 1378 4309 et

337 4338 530 4396 Briss.Hotom.
549 4344 645 4398 Pratei.
665 4357 690 4399 et
704 4344 795 4399 Cuiac.
808 4345 1012 4416 (Genev.1615.
1031 4347 1070 4416 8.)
1090 4367 1112 4398 r.
1123 4347 1249 4399 Exilium
1260 4367 1285 4419 p.
1293 4350 1342 4401 stt
1350 4362 1379 4412 sq·

337 4427 426 4483 Exstat
444 4430 578 4485 Plutarchi
597 4432 630 4485 de
647 4433 731 4488 Exitio
749 4434 830 4502 liber,
860 4455 941 4507 quem
970 4433 1136 4490 eCrantore
1162 4436 1322 4508 philosopho
1337 4431 1378 4484 titt
