3450 5342
413 653 488 727 300
744 677 918 726 remnoxt
946 674 1131 723 erorcosutt

411 843 473 895 tiam
492 840 597 894 confert
614 840 711 910 Borg.
757 839 834 892 Auct.
859 839 892 892 ad
921 837 1039 890 llerenn.
1058 835 1104 902 lV,
1125 837 1159 887 tt
1166 839 1175 884 ἐ
1206 839 1299 907 Egens
1327 857 1411 909 aeque
1428 850 1462 891 est

411 934 449 992 is,
467 930 514 999 qui
531 930 671 980 nonsatis
689 926 784 992 trahet,
803 937 830 978 et
848 927 882 992 is,
901 926 947 979 cui
963 925 1034 978 nillil
1049 925 1120 976 satis
1135 934 1227 992 potest
1246 942 1317 991 esse,
1337 927 1398 980 coll.
1412 927 1461 979 ttu-

410 1018 447 1071 til.
464 1019 532 1089 Lup.
551 1038 577 1090 p.
592 1021 653 1072 115.
672 1027 698 1070 et
716 1019 776 1070 125.
795 1014 841 1068 ubi
860 1024 923 1067 sunt
941 1011 1088 1066 sententiae
1106 1011 1268 1066 consimiles.
1289 1012 1360 1066 Cod.
1378 1013 1460 1067 Crat.

411 1109 620 1175 Copiemeutsm
637 1105 773 1158 sacietas
790 1123 880 1157 rerum
899 1102 1021 1155 declarat
1039 1111 1123 1173 atque
1142 1101 1359 1157 habundantia.
1395 1102 1460 1156 Scri-

410 1194 482 1248 bitur
501 1193 581 1247 etiam
597 1191 832 1245 habundantiam
852 1190 911 1244 Cre.
931 1195 956 1245 2.
990 1189 1051 1242 Mt.
1433 1258 1437 1264 ἢ

481 1301 562 1354 quam
579 1291 611 1332 tu
633 1283 758 1354 quoniam
774 1298 914 1351 nunquam
931 1297 1072 1355 assequere
1079 1281 1101 1347 ,]
1127 1278 1256 1346 Qustuor
1277 1280 1359 1332 verba
1378 1279 1456 1350 priora

410 1372 437 1422 in
457 1369 524 1422 cod.
544 1370 623 1422 Drsd.
641 1373 667 1422 4.
686 1370 720 1423 ita
740 1369 909 1433 scribuntur,
937 1378 965 1420 ut
985 1366 1036 1438 legi
1056 1386 1111 1420 non
1131 1366 1249 1437 possint:
1269 1383 1387 1439 ᾳοοοᾳς,
1409 1378 1456 1420 tum

410 1457 530 1529 sequitur
548 1475 697 1527 assequere.
733 1456 813 1510 Drsd.
833 1460 858 1509 1.
880 1457 978 1510 omittit
996 1467 1036 1509 tu.
1074 1453 1345 1518 Cru.2.et01.o.
1372 1454 1456 1508 hebent

409 1563 554 1617 assequare
573 1564 635 1599 cum
656 1544 734 1598 Drsd.
748 1551 773 1600 2.
811 1545 900 1598 Verba
921 1555 952 1596 tu
973 1545 1099 1616 quonium
1113 1542 1208 1595 omissa
1224 1554 1290 1596 sunt
1306 1544 1334 1596 in
1347 1543 1454 1606 Drsd.5.‚

410 1634 534 1704 quonium
552 1634 579 1686 in
600 1632 672 1686 Gud.
683 1632 716 1686 Α.
728 1645 754 1687 et
767 1633 826 1689 Bas.
863 1632 989 1706 Denique
1002 1631 1060 1684 Cre.
1073 1635 1098 1684 1.
1116 1631 1195 1683 habet
1206 1633 1389 1703 assequeris.
1406 1631 1453 1682 lllr.

481 1739 618 1793 nunquam
637 1721 741 1772 omnino
758 1739 786 1772 es
799 1721 923 1792 futurus
942 1720 1026 1787 dives]
1052 1718 1094 1771 De
1112 1718 1208 1770 ordine
1228 1719 1376 1772 verborum
1394 1739 1451 1772 nuu-

411 1829 492 1882 puem
509 1812 613 1863 omnino
630 1808 794 1862 Goerenzius
812 1808 845 1861 ad
865 1806 966 1862 Acadd.
986 1806 1017 1872 ll,
1037 1809 1063 1873 8,
1082 1809 1125 1860 25.
1152 1805 1199 1874 (ad
1220 1806 1304 1858 verba
1329 1806 1397 1858 nihil
1410 1825 1452 1858 un-

410 1917 492 1970 quam
509 1898 613 1950 omnino
631 1898 725 1969 aget),
754 1895 907 1961 contendit,
933 1913 995 1949 cum
1021 1893 1048 1946 in
1068 1894 1135 1947 cod.
1152 1893 1211 1946 Ert.
1239 1895 1273 1946 sit
1294 1897 1395 1948 omnino
1411 1914 1450 1945 un-

411 1989 505 2058 quem',
523 2005 585 2038 eum
603 1984 726 2038 ordinem
746 2004 795 2056 per
812 2004 840 2037 se
858 1985 939 2038 unice
957 2001 1049 2036 verum
1068 2002 1137 2035 esse:
1162 1994 1236 2036 certa
1256 1983 1332 2036 enim
1352 1983 1449 2054 quadam

411 2072 501 2143 regula
520 2073 650 2144 praeponi
675 2074 780 2125 omnino
804 2071 890 2126 solere
916 2070 1053 2144 particulis
1077 2090 1228 2144 nunquam,
1255 2092 1392 2146 unquam,
1413 2090 1449 2122 us·

411 2179 507 2230 quam,
533 2182 600 2213 non:
630 2162 674 2214 sed
693 2160 739 2213 illo
758 2160 983 2214 Academicorum
1002 2160 1063 2213 loco
1082 2159 1109 2211 in
1130 2178 1252 2230 unquam
1284 2160 1394 2231 repetite
1410 2178 1448 2231 po·

410 2249 457 2300 sita
476 2268 502 2299 se
522 2248 657 2317 dubitare,
685 2248 782 2302 collato
811 2249 872 2303 loco
892 2258 999 2314 nostro,
1028 2248 1072 2300 ubi
1102 2247 1166 2298 item
1193 2266 1338 2319 nunqnam
1356 2246 1448 2318 repetite

412 2333 535 2404 ponitur:
555 2333 652 2388 habere
671 2347 759 2389 autem
781 2348 872 2390 nostro
892 2335 953 2389 loco
970 2336 1227 2407 nunpuem‘omnino
1245 2336 1361 2408 scriptos
1372 2352 1449 2388 omnes

410 2434 436 2475 et
453 2433 553 2492 septem
573 2441 682 2496 quoque
699 2444 762 2478 snos
782 2425 878 2478 refert:
904 2424 980 2478 cuius
997 2424 1098 2477 ordinis
1116 2424 1183 2477 ratio
1211 2424 1235 2475 ei
1255 2424 1393 2477 videbatur
1409 2441 1448 2493 po-

410 2509 457 2563 site
475 2509 503 2562 in
523 2511 581 2563 soni
601 2511 743 2565 relatione:
768 2513 909 2583 additque:
934 2511 982 2577 „ln
1003 2511 1132 2564 hiscem
1159 2524 1237 2565 caute
1256 2513 1448 2584 circumspecte·

411 2617 464 2669 que
481 2599 640 2653 versandum
658 2611 712 2667 est,
732 2618 809 2667 cnm,
828 2601 868 2653 vel
889 2601 1019 2671 probante
1038 2591 1145 2672 regula,
1165 2601 1317 2672 peccaris.“
1335 2631 1369 2641 —
1409 2602 1447 2650 list

410 2706 548 2758 nunquam
566 2689 670 2742 omnino
688 2690 760 2741 eris
780 2690 853 2741 dives
872 2691 899 2742 in
919 2687 985 2742 cod.
1004 2692 1062 2742 Cre.
1082 2693 1122 2753 l.;
1146 2708 1175 2740 es
1200 2690 1277 2741 dives
1297 2690 1413 2760 futurus
1427 2689 1446 2737 in

410 2772 489 2827 Drsd.
509 2779 534 2829 5.
562 2775 639 2829 Sues.
664 2776 758 2830 Duisb.
776 2776 844 2830 Edd.
866 2779 933 2830 Vict.
960 2778 1030 2830 Rob.
1047 2776 1139 2848 Steph.
1160 2775 1255 2841 Cam.;
1284 2778 1313 2830 in
1343 2772 1446 2830 Guttt.

409 2871 447 2915 est
465 2863 495 2914 si
511 2882 539 2914 es
557 2864 630 2915 dives
642 2863 765 2934 futurus
783 2865 851 2933 (non
873 2865 975 2918 omissis
993 2866 1079 2917 verbis
1097 2883 1238 2935 nunquam
1257 2867 1384 2932 omnino).
1422 2861 1444 2912 ln

409 2948 488 3001 Drsd.
504 2953 531 3002 t.
550 2949 648 3020 legitur
665 2968 803 3020 nunquam
822 2952 927 3004 omnino
940 2952 1018 3024 sies
1037 2953 1125 3016 dives,
1150 2952 1213 3019 ubi,
1241 2965 1271 3006 ut
1297 2955 1325 3006 in
1352 2953 1406 3006 Cn·
1421 2953 1445 3011 lo

410 3037 487 3089 verba
506 3036 643 3107 scriptoris
660 3048 796 3091 cesset-unt
813 3037 924 3108 glossae.
960 3039 1085 3111 Denique
1103 3039 1130 3091 in
1144 3039 1225 3092 Drsd.
1236 3046 1262 3094 2.
1284 3041 1381 3112 legitur
1391 3057 1446 3091 nun·

409 3142 490 3195 quam
507 3143 536 3176 es
554 3124 627 3176 dives
646 3127 751 3178 omnino
763 3127 893 3198 futurus.
930 3127 989 3182 Mc.

480 3215 570 3265 Meam
584 3224 675 3265 eutem
694 3222 819 3286 quonium
836 3218 979 3284 pecuniam
992 3216 1161 3282 contemnis,]
1182 3215 1250 3267 cod.
1262 3213 1355 3269 Cret.
1374 3219 1446 3267 Mean

409 3311 500 3354 eutem
510 3305 653 3355 contemnis
668 3305 824 3372 pecuniam,
841 3305 940 3358 omisso
956 3306 1089 3377 quoniam.
1116 3303 1251 3360 scribitur
1261 3305 1416 3374 contempnis
1426 3301 1446 3353 in

408 3387 564 3445 Cod.Suer·
583 3395 686 3447 Vocem
705 3393 744 3443 nd
761 3412 814 3445 om.
833 3392 900 3446 Cod.
918 3391 1013 3446 (irad.
1051 3392 1093 3444 Ad
1112 3393 1191 3445 verba
1211 3403 1253 3445 est
1271 3395 1343 3446 enirn
1361 3394 1395 3444 ad
1409 3403 1446 3444 eto

408 3482 513 3553 Wytt.
542 3481 622 3536 haec:
648 3481 783 3553 „Elegans
799 3493 846 3536 ·est
873 3501 935 3535 usus
959 3481 1162 3552 praepositionis
1186 3481 1226 3531 ad
1244 3500 1298 3552 pro
1320 3481 1446 3534 secundun

408 3566 554 3638 opinionem
565 3570 648 3641 vulgi,
667 3570 740 3641 quod
760 3581 848 3623 tamen
870 3589 925 3622 non
944 3568 980 3622 ita
998 3569 1184 3641 frequentatur
1202 3569 1334 3624 aLatinis
1350 3569 1447 3638 scripto·
1477 3558 1481 3569 ’

407 3657 488 3709 ribus.
523 3656 610 3727 Magis
627 3668 740 3711 utuntur
757 3658 870 3730 simplici
889 3658 1023 3711 A‘blativo:
1044 3653 1164 3728 opinione
1183 3659 1291 3730 vulgi.“
1330 3659 1368 3711 Ad
1381 3655 1446 3708 verba

409 3745 596 3795 mediocris-
614 3745 691 3796 nullo
710 3775 744 3783 —
763 3748 867 3797 modica
885 3746 971 3799 idem:
996 3745 1062 3813 „Est
1079 3746 1187 3815 elegans
1205 3746 1331 3816 gradatio
1348 3748 1373 3798 in
1390 3745 1446 3796 boe:

409 3829 559 3885 mediocris,
577 3830 669 3887 nulla,
688 3832 800 3883 modico.
819 3861 851 3872 -
899 3834 1042 3887 Mediocris
1061 3843 1086 3886 et
1103 3833 1181 3884 nullo
1203 3835 1323 3889 refertur
1339 3833 1367 3887 acl
1387 3831 1446 3884 alio·

408 3936 468 3970 rum
488 3919 656 3989 opinionem=
674 3917 727 3972 Sed
746 3917 860 3972 aliorum
881 3923 973 3993 opinio
999 3924 1031 3976 de
1054 3923 1149 3976 nostris
1174 3923 1272 3976 divitiis
1302 3923 1364 3978 nihil
1382 3920 1445 3981 valet,

409 4006 469 4079 qnia
492 4019 616 4060 nostum
636 4007 744 4062 demum
763 4029 854 4064 sumus
873 4011 978 4078 divites,
1008 4014 1028 4065 si
1055 4022 1144 4064 nostro
1163 4011 1266 4066 iudicio
1295 4015 1355 4066 satis
1378 4010 1446 4063 habs-

408 4119 482 4167 mus,
502 4109 527 4152 et
543 4098 633 4151 divites
652 4119 701 4151 nos
718 4119 865 4154 censemus.
905 4103 1040 4154 Modicum
1059 4111 1147 4153 autem
1167 4111 1207 4154 est
1226 4101 1267 4166 id,
1302 4100 1373 4174 quod
1391 4116 1446 4152 con-

409 4189 476 4242 venit
496 4198 587 4241 nostro
607 4188 701 4253 modo,
727 4189 809 4242 idest
832 4201 938 4244 nostrae
956 4188 1164 4261 magnitudini.“
1210 4188 1342 4242 Similiter
1368 4185 1446 4240 distin-

408 4280 464 4347 guit
482 4277 538 4332 Cic.
556 4279 588 4330 de
614 4277 680 4347 liep.
700 4278 729 4342 ll,
747 4283 796 4334 31:
824 4281 913 4332 Haud
936 4283 1124 4334 mediocris·
1153 4280 1195 4330 vir
1219 4280 1298 4348 fuit,
1327 4279 1373 4350 qui
1399 4292 1446 4325 mo·

409 4366 485 4414 dica
504 4366 629 4416 libertate
646 4369 744 4436 populo
764 4370 830 4418 datu
844 4371 963 4439 facilius
976 4374 1064 4423 tenuit
1080 4369 1275 4422 auctoritatem
1291 4368 1444 4438 principum

411 4471 464 4503 non
496 4452 630 4520 distinguit
658 4456 684 4506 in
713 4455 790 4508 Orat.
810 4461 859 4522 29,
880 4463 945 4513 tut:
982 4462 1116 4531 Eloquens
1144 4486 1178 4496 —
1205 4476 1306 4528 magna
1330 4454 1443 4527 grauiter,
