3450 5342
337 563 437 610 xxxtv
506 560 743 610 ultramontana
770 559 811 603 Al)
841 554 1010 602 ctcuttortts
1038 554 1228 604 rnntnoxt.

335 721 608 778 udlaorcharian,
633 736 715 791 parom
732 726 837 768 touta
858 735 913 768 res
932 714 984 766 dici
1002 717 1088 784 poscit
1107 714 1166 767 -?
1214 715 1314 784 Quare
1342 719 1388 772 iam

336 811 368 862 ad
389 809 555 881 propositum
575 804 731 869 redeamus,⁴
750 805 971 876 inquiramusque
989 803 1022 855 de
1041 814 1200 874 argumento
1220 802 1308 858 libelli
1328 806 1387 877 ipso,

333 898 463 966 prienam,
491 908 580 949 utrum
600 893 704 965 singula
723 893 859 946 l‘aradora
885 893 920 945 ita
934 892 1096 963 ‘probaverit
1123 888 1238 960 Cicero,
1265 905 1389 948 ut·certe

336 986 369 1038 ad
389 984 603 1056 persuadendum
622 981 687 1036 nihil
706 1000 872 1053 magnopere
891 981 980 1032 deesse
999 979 1137 1032 rideatur?
1156 980 1260 1045 deinde,
1279 983 1386 1036 numita

335 1094 362 1128 se
381 1074 512 1144 excipiant
529 1070 555 1123 hi
574 1071 643 1136 loci,
662 1080 764 1122 utnon
784 1088 845 1122 casu
867 1067 968 1138 potius,
995 1085 1075 1137 quam
1094 1076 1168 1120 certo
1185 1066 1285 1120 ordine
1306 1080 1388 1123 certa·

335 1181 388 1234 que
406 1160 510 1214 ratione
530 1158 647 1229 dispositi
666 1156 834 1229 appareant?
859 1166 933 1221 tum,
950 1155 1048 1225 qualis,
1067 1155 1088 1207 si
1107 1173 1159 1226 qua
1178 1166 1238 1221 estr
1261 1156 1295 1210 sit
1314 1176 1386 1211 causa

336 1249 458 1300 locorum
476 1247 511 1299 ita
532 1245 779 1316 disponendorum,
797 1255 822 1296 et
841 1243 952 1315 quinam
972 1242 1005 1295 sit
1022 1261 1115 1295 earum
1134 1243 1236 1296 nexus?
1269 1246 1387 1318 denique,

337 1353 401 1386 num
420 1353 462 1385 sex
483 1333 542 1386 illae
567 1333 710 1387 sententiae
735 1334 770 1385 ita
798 1331 938 1384 videantur
962 1329 1079 1384 delectae
1105 1349 1134 1382 er
1165 1350 1282 1385 numero
1313 1332 1386 1404 longe

336 1421 452 1487 maiore,
479 1433 509 1474 ut
528 1431 611 1474 totum
637 1420 745 1492 aliquod
771 1418 889 1474 efficiant
907 1429 933 1472 et
951 1437 1034 1471 unum
1060 1417 1141 1490 idque
1159 1418 1315 1473 absolutum
1335 1421 1386 1492 ple·

336 1531 456 1582 numque
474 1521 662 1581 argumentum
683 1507 863 1580 pertractent?
901 1507 982 1560 Pauci
1008 1507 1036 1559 in
1059 1506 1128 1561 lianc
1152 1527 1208 1559 rem
1230 1510 1385 1580 interpretes

336 1598 543 1669 inquisiverunt,
570 1598 670 1669 quique
689 1614 748 1649 earn
767 1595 932 1666 attigerunt,
960 1595 988 1647 in
1008 1595 1091 1647 varias
1113 1595 1213 1648 abeunt
1232 1606 1316 1668 atque
1342 1597 1384 1649 ad·

338 1686 448 1738 modum
468 1687 581 1738 diversas
600 1697 695 1757 partes.
732 1684 767 1738 Et
784 1683 972 1754 llieronym
982 1682 1136 1753 nequidem
1154 1682 1315 1737 Wolfius
1332 1685 1383 1747 sibi,

335 1774 414 1839 dixit,
432 1775 470 1826 ris
488 1793 586 1846 operae
604 1775 720 1845 pretium
739 1772 821 1824 sideri
844 1791 974 1842 quaerere
1001 1770 1125 1824 ordinem
1146 1773 1382 1826 et-eouneriouem

335 1861 544 1912 Paradosorum.
581 1861 627 1911 llla
648 1860 755 1931 quidem
776 1857 798 1924 [l
817 1869 843 1910 et
860 1859 903 1926 ll.]
922 1877 977 1911 non
997 1858 1065 1911 male
1084 1857 1243 1912 cohaerere:
1278 1863 1321 1928 „si
1344 1880 1384 1912 so·

336 1949 393 1997 lum
410 1948 549 1997 honestum
569 1946 664 1998 bonum
683 1948 737 2011 sit,
759 1947 873 1997 virtutis
891 1947 1004 2015 cornpotr'
1022 1947 1126 1998 trullum
1148 1948 1237 2000 deesse
1256 1947 1383 2001 bonurn“.·

338 2035 382 2087 sed
402 2054 432 2086 ea
452 2053 513 2086 cum
534 2033 573 2085 lsis
592 2041 731 2099 „Peccata
749 2052 805 2085 esse
823 2035 952 2105 nequalia
971 2045 997 2088 et
1015 2053 1104 2088 orienes
1121 2035 1223 2088 stultos
1243 2036 1383 2089 insanire“

337 2132 498 2175 connectere
517 2122 597 2186 ‚iubes
621 2121 697 2175 alios:
726 2121 829 2193 reliqua
855 2121 909 2175 duo
936 2142 992 2176 non
1011 2122 1124 2176 multum
1148 2123 1185 2175 ait
1209 2122 1382 2177 abhorreres

337 2207 442 2278 primis:
468 2209 488 2260 si
508 2209 617 2261 servitus
633 2221 659 2262 et
677 2221 777 2280 egestas
795 2228 836 2263 res
854 2210 923 2263 mala
949 2222 1000 2277 est,
1026 2211 1064 2263 sir
1081 2222 1171 2265 autem
1190 2211 1281 2264 bonus
1305 2222 1331 2266 et
1347 2231 1384 2264 sa·

337 2297 426 2368 piens,
447 2295 578 2348 malorum
598 2317 703 2368 expers,
722 2299 800 2352 bonis
817 2298 951 2365 abundat3
970 2310 995 2352 et
1012 2299 1081 2352 liber
1104 2310 1130 2352 et
1154 2297 1225 2351 dives
1239 2299 1313 2353 idem
1331 2298 1383 2362 erit,

336 2383 407 2437 stulti
426 2394 514 2436 autem
544 2395 569 2437 et
597 2386 713 2456 improbi
741 2387 874 2440 contraria
900 2388 993 2459 utique
1024 2388 1092 2441 ratio
1115 2396 1162 2440 est.
1205 2386 1291 2454 Quod
1315 2386 1383 2440 Cltr.

337 2473 549 2525 Meinersius
567 2473 595 2525 in
614 2473 749 2545 opusculis
768 2475 949 2540 (Verrrriscltte
968 2475 1108 2546 Scltrrflen
1126 2473 1146 2530 l.
1167 2493 1192 2544 p.
1207 2475 1286 2543 291.)
1303 2475 1382 2546 impe·

336 2561 413 2614 citius
431 2580 511 2633 quam
532 2562 631 2630 serius,
658 2583 691 2615 ne
710 2563 798 2616 dicam
824 2563 958 2617 calumnia
983 2575 1076 2628 utens,
1102 2562 1130 2614 in
1152 2561 1226 2615 ltunc
1251 2553 1383 2614 Ciceronis

336 2647 456 2701 libellum
476 2650 588 2720 scripsit,
607 2671 663 2703 uon
679 2671 826 2706 moramur.
864 2651 973 2722 Operae
991 2663 1079 2703 autern
1100 2650 1215 2721 pretium
1235 2661 1272 2704 est
1291 2651 1381 2721 legere,

337 2758 406 2809 quae
425 2738 486 2791 dixit
505 2738 687 2791 Bardilius
705 2739 732 2790 in
752 2739 820 2791 libro
840 2757 854 2790 a
875 2736 905 2790 C.
926 2740 957 2791 V.
972 2738 1117 2790 llaullio
1139 2736 1208 2790 edito
1225 2736 1382 2807 (Philotogie

335 2826 368 2876 ll.
388 2845 414 2895 p.
432 2829 448 2878 9
466 2845 525 2896 sqq.
543 2825 641 2896 Stuttg.
660 2826 794 2894 1803.)’),
830 2825 884 2878 Sed
903 2824 1041 2878 audiamus
1060 2824 1282 2890 Schiitaium‚·
1296 2825 1340 2896 qui
1357 2832 1382 2874 ut

337 2922 415 2963 acute
434 2930 647 2982 nonnunquam,
666 2914 721 2964 imo
740 2932 827 2983 saepe,
847 2913 978 2978 iudicavit,
997 2914 1032 2966 ita
1052 2925 1140 2967 tamen
1159 2934 1214 2966 non
1234 2934 1297 2967 raro
1311 2931 1380 2986 prae·

337 3016 453 3067 propere
476 2998 537 3067 egit.
581 2999 707 3052 Oratorie
733 3001 830 3071 magis,
857 3001 892 3053 ita
911 3001 970 3068 ille,
995 3021 1075 3073 quam
1094 3002 1224 3054 subtiliter
1248 3000 1381 3073 disputarit

340 3084 445 3138 Cicero.
481 3086 572 3136 Primo
599 3087 707 3157 quidem
734 3089 872 3142 Paradoxo
897 3091 987 3142 omnia
1014 3088 1122 3142 honesta
1148 3090 1218 3141 bona
1245 3108 1301 3142 esse
1329 3087 1381 3142 satis

337 3173 482 3243 probaturi
501 3173 632 3244 siquidem
651 3195 693 3228 res
712 3179 799 3230 omnis
818 3178 886 3231 redit
904 3179 937 3232 ad
956 3178 1021 3232 boni
1040 3177 1234 3231 definitionem.
1271 3178 1325 3230 Sed
1343 3196 1381 3229 ro-

336 3262 513 3314 lum·bonum
533 3263 673 3316 honestum
693 3284 820 3318 essenon
840 3266 976 3335 probatur.
1030 3266 1123 3336 Neque
1146 3265 1231 3335 magis
1259 3265 1381 3337 probatur

337 3349 364 3400 iu
384 3352 513 3404 secmnlo,
532 3370 593 3402 eum
614 3371 668 3404 uon
688 3353 790 3406 beatius
808 3353 909 3422 virere,
937 3354 997 3425 qui,
1018 3373 1074 3405 urta
1092 3373 1152 3405 cum
1169 3354 1286 3418 virtute,
1315 3353 1378 3405 lrua-

337 3448 380 3489 tur
399 3438 476 3491 etiam
496 3439 635 3507 omnibus,
661 3454 707 3495 aut
732 3441 823 3495 multis
846 3454 934 3509 certe,
964 3444 1088 3496 fortunae
1114 3440 1207 3508 bonis,
1233 3461 1315 3513 quam
1343 3437 1380 3492 cui

337 3536 443 3592 praeter
461 3527 584 3581 virtutem
603 3538 690 3580 cetera
709 3528 794 3582 desint
812 3531 911 3582 omnia.
950 3531 1068 3582 denium
1086 3529 1142 3599 ipse
1161 3527 1258 3582 Cicero
1276 3526 1381 3582 suaviter

337 3611 394 3662 risit
413 3631 462 3683 pro
481 3612 608 3668 ntur-‚tu
628 3617 671 3679 tt,
691 3615 818 3667 nimirum
838 3636 955 3669 coronae
974 3617 1074 3689 aliquid
1092 3616 1210 3669 dandum
1227 3616 1380 3670 existimans:

337 3697 381 3749 sed
400 3708 489 3751 tamen
508 3699 680 3770 ambiguitate
699 3703 770 3756 vocis
787 3705 915 3775 nequalia
934 3725 983 3758 uos
1001 3705 1055 3757 ludi
1074 3705 1185 3770 latetur,
1213 3705 1283 3756 serio
1306 3703 1338 3756 de
1355 3719 1381 3754 ea

316 3774 366 3837 ¹re
385 3795 410 3838 et
430 3797 523 3840 contra
540 3784 644 3842 Stoicos
668 3789 782 3863 loquens
805 3793 838 3846 de
861 3793 942 3848 Finn.
961 3791 1006 3860 lV‚
1026 3797 1073 3846 27:
1099 3808 1264 3864 quamquam
1288 3785 1381 3862 aliquid

337 3956 545 3969 ---—....

389 4099 434 4167 -’)
451 4099 572 4155 Meretur
597 4103 676 4157 etiam
702 4106 796 4177 inspici
814 4108 1049 4161 Tiedemanni
1073 4108 1141 4162 liber
1165 4111 1210 4180 qui
1234 4111 1384 4166 inscribitur

340 4167 446 4231 System
465 4174 511 4224 der
530 4175 663 4228 stoisclten
681 4177 867 4246 Pltilosopltie:
886 4177 970 4249 (Lips.
991 4181 1069 4233 tato.
1088 4179 1132 4235 lll.
1153 4181 1222 4236 Vott.
1242 4183 1283 4251 8.)
1304 4185 1336 4236 T.
1347 4181 1385 4233 lll·

339 4233 405 4318 (ξαρ.
424 4243 449 4292 1.
468 4248 626 4312 ιιι-164,
645 4247 691 4299 ubi
710 4247 831 4299 universe
850 4248 883 4299 de
903 4247 1022 4301 doctrina
1039 4249 1193 4305 Stoicorum
1215 4253 1248 4307 de
1269 4254 1384 4306 moribus

339 4306 501 4378 disputatur:
518 4316 551 4368 de
570 4317 712 4372 l’aradoxis
729 4318 757 4370 in
776 4317 870 4390 primis
886 4318 921 4372 ib.
940 4339 968 4390 p.
986 4324 1138 4378 tot-tto.
1157 4323 1218 4380 coll.
1240 4345 1266 4396 p.
1282 4330 1343 4379 270.
