<?xml version="1.0" encoding="UTF-8"?>
<!DOCTYPE html PUBLIC "-//W3C//DTD XHTML 1.0 Transitional//EN"
    "http://www.w3.org/TR/xhtml1/DTD/xhtml1-transitional.dtd">
<html xmlns="http://www.w3.org/1999/xhtml" xml:lang="en" lang="en">
 <head>
  <title>
</title>
<meta http-equiv="Content-Type" content="text/html;charset=utf-8" />
  <meta name='ocr-system' content='tesseract 3.04.00' />
  <meta name='ocr-capabilities' content='ocr_page ocr_carea ocr_par ocr_line ocrx_word'/>
</head>
<body>
  <div class='ocr_page' id='page_1' title='image "./paradoxa00wyttgoog_0353.png"; bbox 0 0 3450 5342; ppageno 0'>
   <div class='ocr_carea' id='block_1_1' title="bbox 635 676 1338 751">
    <p class='ocr_par' dir='ltr' id='par_1_1' title="bbox 635 676 1338 751">
     <span class='ocr_line' id='line_1_1' title="bbox 635 676 1338 751; baseline 0.013 -10"><span class='ocrx_word' id='word_1_1' title='bbox 635 694 832 744; x_wconf 76' lang='lat' dir='ltr'>raunoxon</span> <span class='ocrx_word' id='word_1_2' title='bbox 849 696 892 743; x_wconf 83' lang='lat' dir='ltr'>vr.</span> <span class='ocrx_word' id='word_1_3' title='bbox 917 698 987 745; x_wconf 81' lang='lat' dir='ltr'>car.</span> <span class='ocrx_word' id='word_1_4' title='bbox 1004 698 1026 744; x_wconf 88' lang='lat' dir='ltr'>t.</span> <span class='ocrx_word' id='word_1_5' title='bbox 1264 676 1338 751; x_wconf 84' lang='lat'>275</span> 
     </span>
    </p>
   </div>
   <div class='ocr_carea' id='block_1_2' title="bbox 281 855 1401 4426">
    <p class='ocr_par' dir='ltr' id='par_1_2' title="bbox 283 855 1339 1368">
     <span class='ocr_line' id='line_1_2' title="bbox 353 855 1339 932; baseline 0.009 -26"><span class='ocrx_word' id='word_1_6' title='bbox 353 865 464 924; x_wconf 84' lang='lat' dir='ltr'>propter</span> <span class='ocrx_word' id='word_1_7' title='bbox 482 855 642 919; x_wconf 74' lang='lat' dir='ltr'>auiditatem</span> <span class='ocrx_word' id='word_1_8' title='bbox 659 856 801 923; x_wconf 74' lang='lat' dir='ltr'>puouniae]</span> <span class='ocrx_word' id='word_1_9' title='bbox 839 855 903 932; x_wconf 71' lang='lat' dir='ltr'>”Mt</span> <span class='ocrx_word' id='word_1_10' title='bbox 924 859 1033 910; x_wconf 66' lang='lat' dir='ltr'>cramus</span> <span class='ocrx_word' id='word_1_11' title='bbox 1059 856 1180 923; x_wconf 81' lang='lat' dir='ltr'>virtutes,</span> <span class='ocrx_word' id='word_1_12' title='bbox 1207 879 1272 930; x_wconf 85' lang='lat' dir='ltr'>quas</span> <span class='ocrx_word' id='word_1_13' title='bbox 1290 862 1339 915; x_wconf 87' lang='lat' dir='ltr'>ba·</span> 
     </span>
     <span class='ocr_line' id='line_1_3' title="bbox 283 942 1338 1012; baseline 0.006 -17"><span class='ocrx_word' id='word_1_14' title='bbox 283 945 340 995; x_wconf 90' lang='lat' dir='ltr'>buit</span> <span class='ocrx_word' id='word_1_15' title='bbox 366 943 509 1012; x_wconf 85' lang='lat' dir='ltr'>plurimas,</span> <span class='ocrx_word' id='word_1_16' title='bbox 540 942 619 995; x_wconf 84' lang='lat' dir='ltr'>unius</span> <span class='ocrx_word' id='word_1_17' title='bbox 642 942 767 996; x_wconf 78' lang='lat' dir='ltr'>avaritias</span> <span class='ocrx_word' id='word_1_18' title='bbox 796 944 921 996; x_wconf 87' lang='lat' dir='ltr'>sordibus</span> <span class='ocrx_word' id='word_1_19' title='bbox 953 945 1153 998; x_wconf 74' lang='lat' dir='ltr'>contaminavit.</span> <span class='ocrx_word' id='word_1_20' title='bbox 1174 974 1208 983; x_wconf 90' lang='lat'><em>-</em></span> <span class='ocrx_word' id='word_1_21' title='bbox 1254 948 1338 1009; x_wconf 85' lang='lat' dir='ltr'>Huius</span> 
     </span>
     <span class='ocr_line' id='line_1_4' title="bbox 283 1030 1339 1107; baseline 0.003 -25"><span class='ocrx_word' id='word_1_22' title='bbox 283 1031 321 1082; x_wconf 87' lang='lat' dir='ltr'>rei</span> <span class='ocrx_word' id='word_1_23' title='bbox 349 1030 523 1083; x_wconf 75' lang='lat' dir='ltr'>clarissimum</span> <span class='ocrx_word' id='word_1_24' title='bbox 549 1031 730 1084; x_wconf 86' lang='lat' dir='ltr'>testimonium</span> <span class='ocrx_word' id='word_1_25' title='bbox 756 1033 867 1103; x_wconf 82' lang='lat' dir='ltr'>praebet</span> <span class='ocrx_word' id='word_1_26' title='bbox 894 1033 1051 1104; x_wconf 77' lang='lat' dir='ltr'>magnitudo</span> <span class='ocrx_word' id='word_1_27' title='bbox 1076 1032 1242 1098; x_wconf 82' lang='lat' dir='ltr'>divitiarum,</span> <span class='ocrx_word' id='word_1_28' title='bbox 1274 1056 1339 1107; x_wconf 70' lang='lat' dir='ltr'>qua,</span> 
     </span>
     <span class='ocr_line' id='line_1_5' title="bbox 283 1118 1336 1191; baseline 0.009 -23"><span class='ocrx_word' id='word_1_29' title='bbox 283 1118 355 1169; x_wconf 82' lang='lat' dir='ltr'>brevi</span> <span class='ocrx_word' id='word_1_30' title='bbox 376 1118 522 1170; x_wconf 82' lang='lat' dir='ltr'>admodum</span> <span class='ocrx_word' id='word_1_31' title='bbox 540 1130 661 1189; x_wconf 87' lang='lat' dir='ltr'>tempore</span> <span class='ocrx_word' id='word_1_32' title='bbox 679 1119 728 1172; x_wconf 87' lang='lat' dir='ltr'>sibi</span> <span class='ocrx_word' id='word_1_33' title='bbox 746 1121 920 1191; x_wconf 82' lang='lat' dir='ltr'>compararit.</span> <span class='ocrx_word' id='word_1_34' title='bbox 963 1121 1049 1174; x_wconf 80' lang='lat' dir='ltr'>Autor</span> <span class='ocrx_word' id='word_1_35' title='bbox 1075 1133 1112 1175; x_wconf 88' lang='lat' dir='ltr'>est</span> <span class='ocrx_word' id='word_1_36' title='bbox 1130 1120 1289 1175; x_wconf 85' lang='lat' dir='ltr'>Plutarchus</span> <span class='ocrx_word' id='word_1_37' title='bbox 1308 1125 1336 1178; x_wconf 91' lang='lat' dir='ltr'>in</span> 
     </span>
     <span class='ocr_line' id='line_1_6' title="bbox 284 1206 1339 1279; baseline 0.005 -22"><span class='ocrx_word' id='word_1_38' title='bbox 284 1207 418 1278; x_wconf 85' lang='lat' dir='ltr'>principio</span> <span class='ocrx_word' id='word_1_39' title='bbox 436 1208 502 1259; x_wconf 79' lang='lat' dir='ltr'>sitae</span> <span class='ocrx_word' id='word_1_40' title='bbox 520 1206 558 1258; x_wconf 90' lang='grc' dir='ltr'>Μ.</span> <span class='ocrx_word' id='word_1_41' title='bbox 578 1206 679 1272; x_wconf 79' lang='lat' dir='ltr'>Crassi,</span> <span class='ocrx_word' id='word_1_42' title='bbox 705 1208 751 1260; x_wconf 92' lang='lat' dir='ltr'>ubi</span> <span class='ocrx_word' id='word_1_43' title='bbox 772 1209 914 1272; x_wconf 73' lang='lat' dir='ltr'>adscribit,</span> <span class='ocrx_word' id='word_1_44' title='bbox 940 1227 1021 1279; x_wconf 90' lang='lat' dir='ltr'>quam</span> <span class='ocrx_word' id='word_1_45' title='bbox 1050 1208 1147 1262; x_wconf 85' lang='lat' dir='ltr'>iniuste</span> <span class='ocrx_word' id='word_1_46' title='bbox 1167 1220 1252 1262; x_wconf 82' lang='lat' dir='ltr'>tantas</span> <span class='ocrx_word' id='word_1_47' title='bbox 1271 1210 1339 1263; x_wconf 83' lang='lat' dir='ltr'>diri-</span> 
     </span>
     <span class='ocr_line' id='line_1_7' title="bbox 283 1293 1336 1368; baseline 0.008 -24"><span class='ocrx_word' id='word_1_48' title='bbox 283 1293 571 1364; x_wconf 79' lang='lat' dir='ltr'>tiascomparaverit.“</span> <span class='ocrx_word' id='word_1_49' title='bbox 591 1294 661 1349; x_wconf 81' lang='lat' dir='ltr'>Frc.</span> <span class='ocrx_word' id='word_1_50' title='bbox 678 1296 769 1366; x_wconf 82' lang='lat' dir='ltr'>Sylv.</span> <span class='ocrx_word' id='word_1_51' title='bbox 807 1298 882 1364; x_wconf 88' lang='lat' dir='ltr'>[Vid.</span> <span class='ocrx_word' id='word_1_52' title='bbox 901 1296 976 1349; x_wconf 76' lang='lat' dir='ltr'>t’tui.</span> <span class='ocrx_word' id='word_1_53' title='bbox 995 1297 1135 1348; x_wconf 77' lang='lat' dir='ltr'>incrassa</span> <span class='ocrx_word' id='word_1_54' title='bbox 1162 1316 1184 1349; x_wconf 90' lang='lat' dir='ltr'>c.</span> <span class='ocrx_word' id='word_1_55' title='bbox 1202 1302 1228 1350; x_wconf 75' lang='grc'>1.</span> <span class='ocrx_word' id='word_1_56' title='bbox 1267 1301 1336 1368; x_wconf 72' lang='lat' dir='ltr'>Mn]</span> 
     </span>
    </p>

    <p class='ocr_par' dir='ltr' id='par_1_3' title="bbox 282 1383 1338 1889">
     <span class='ocr_line' id='line_1_8' title="bbox 356 1383 1338 1456; baseline 0.004 -23"><span class='ocrx_word' id='word_1_57' title='bbox 356 1383 461 1434; x_wconf 85' lang='lat' dir='ltr'>nulium</span> <span class='ocrx_word' id='word_1_58' title='bbox 490 1394 635 1455; x_wconf 78' lang='lat' dir='ltr'>quaestum</span> <span class='ocrx_word' id='word_1_59' title='bbox 662 1394 768 1452; x_wconf 74' lang='lat' dir='ltr'>turpent</span> <span class='ocrx_word' id='word_1_60' title='bbox 795 1386 909 1453; x_wconf 84' lang='lat' dir='ltr'>putos‚]</span> <span class='ocrx_word' id='word_1_61' title='bbox 948 1388 1056 1452; x_wconf 81' lang='lat' dir='ltr'>„Turpe</span> <span class='ocrx_word' id='word_1_62' title='bbox 1063 1422 1071 1447; x_wconf 88' lang='lat'><strong><em>,</em></strong></span> <span class='ocrx_word' id='word_1_63' title='bbox 1100 1403 1178 1438; x_wconf 88' lang='lat' dir='ltr'>unus.</span> <span class='ocrx_word' id='word_1_64' title='bbox 1223 1389 1338 1456; x_wconf 81' lang='lat' dir='ltr'>Turpam</span> 
     </span>
     <span class='ocr_line' id='line_1_9' title="bbox 284 1470 1336 1540; baseline 0.005 -21"><span class='ocrx_word' id='word_1_65' title='bbox 284 1481 426 1539; x_wconf 81' lang='lat' dir='ltr'>quaestum</span> <span class='ocrx_word' id='word_1_66' title='bbox 442 1481 540 1540; x_wconf 81' lang='lat' dir='ltr'>putas.</span> <span class='ocrx_word' id='word_1_67' title='bbox 559 1474 656 1524; x_wconf 84' lang='lat' dir='ltr'>unus.“</span> <span class='ocrx_word' id='word_1_68' title='bbox 676 1471 748 1523; x_wconf 77' lang='lat' dir='ltr'>Atd.</span> <span class='ocrx_word' id='word_1_69' title='bbox 768 1470 895 1525; x_wconf 83' lang='lat' dir='ltr'>Manat.</span> <span class='ocrx_word' id='word_1_70' title='bbox 932 1471 999 1523; x_wconf 86' lang='lat' dir='ltr'>Cod.</span> <span class='ocrx_word' id='word_1_71' title='bbox 1027 1472 1086 1523; x_wconf 84' lang='lat' dir='ltr'>Cra.</span> <span class='ocrx_word' id='word_1_72' title='bbox 1106 1474 1132 1523; x_wconf 88' lang='lat' dir='ltr'>t.</span> <span class='ocrx_word' id='word_1_73' title='bbox 1162 1481 1248 1540; x_wconf 88' lang='lat' dir='ltr'>putas</span> <span class='ocrx_word' id='word_1_74' title='bbox 1275 1482 1336 1525; x_wconf 89' lang='lat' dir='ltr'>tur-</span> 
     </span>
     <span class='ocr_line' id='line_1_10' title="bbox 282 1558 1337 1630; baseline 0.007 -23"><span class='ocrx_word' id='word_1_75' title='bbox 282 1574 359 1624; x_wconf 78' lang='lat' dir='ltr'>pem,·</span> <span class='ocrx_word' id='word_1_76' title='bbox 384 1560 489 1611; x_wconf 83' lang='lat' dir='ltr'>nullom</span> <span class='ocrx_word' id='word_1_77' title='bbox 508 1569 650 1629; x_wconf 81' lang='lat' dir='ltr'>quaestam</span> <span class='ocrx_word' id='word_1_78' title='bbox 670 1568 778 1627; x_wconf 84' lang='lat' dir='ltr'>turpe</span> <span class='ocrx_word' id='word_1_79' title='bbox 802 1559 937 1610; x_wconf 81' lang='lat' dir='ltr'>luorum</span> <span class='ocrx_word' id='word_1_80' title='bbox 954 1568 1046 1627; x_wconf 84' lang='lat' dir='ltr'>putas.</span> <span class='ocrx_word' id='word_1_81' title='bbox 1086 1558 1165 1612; x_wconf 85' lang='lat' dir='ltr'>Vides</span> <span class='ocrx_word' id='word_1_82' title='bbox 1192 1558 1216 1612; x_wconf 89' lang='lat' dir='ltr'>b.</span> <span class='ocrx_word' id='word_1_83' title='bbox 1235 1559 1252 1611; x_wconf 95' lang='grc'>1.</span> <span class='ocrx_word' id='word_1_84' title='bbox 1279 1563 1337 1630; x_wconf 90' lang='lat' dir='ltr'>pri·</span> 
     </span>
     <span class='ocr_line' id='line_1_11' title="bbox 284 1626 1335 1719; baseline 0.007 -24"><span class='ocrx_word' id='word_1_85' title='bbox 284 1662 358 1696; x_wconf 88' lang='lat' dir='ltr'>mum</span> <span class='ocrx_word' id='word_1_86' title='bbox 377 1645 490 1716; x_wconf 78' lang='lat' dir='ltr'>glossam</span> <span class='ocrx_word' id='word_1_87' title='bbox 508 1646 614 1697; x_wconf 84' lang='lat' dir='ltr'>lucrum</span> <span class='ocrx_word' id='word_1_88' title='bbox 630 1644 677 1713; x_wconf 85' lang='lat' dir='ltr'>(sd</span> <span class='ocrx_word' id='word_1_89' title='bbox 697 1650 854 1715; x_wconf 82' lang='lat' dir='ltr'>quaestum)</span> <span class='ocrx_word' id='word_1_90' title='bbox 873 1646 901 1698; x_wconf 87' lang='lat' dir='ltr'>in</span> <span class='ocrx_word' id='word_1_91' title='bbox 921 1626 1051 1698; x_wconf 73' lang='lat' dir='ltr'>iermoms</span> <span class='ocrx_word' id='word_1_92' title='bbox 1069 1646 1165 1697; x_wconf 84' lang='lat' dir='ltr'>seriem</span> <span class='ocrx_word' id='word_1_93' title='bbox 1192 1646 1335 1719; x_wconf 87' lang='lat' dir='ltr'>irrepsisse,</span> 
     </span>
     <span class='ocr_line' id='line_1_12' title="bbox 282 1731 1337 1803; baseline 0.005 -20"><span class='ocrx_word' id='word_1_94' title='bbox 282 1731 379 1785; x_wconf 85' lang='lat' dir='ltr'>deinde</span> <span class='ocrx_word' id='word_1_95' title='bbox 397 1734 556 1787; x_wconf 82' lang='lat' dir='ltr'>adiectirum</span> <span class='ocrx_word' id='word_1_96' title='bbox 575 1743 681 1800; x_wconf 79' lang='lat' dir='ltr'>turpem</span> <span class='ocrx_word' id='word_1_97' title='bbox 698 1731 732 1784; x_wconf 88' lang='lat' dir='ltr'>ad</span> <span class='ocrx_word' id='word_1_98' title='bbox 749 1750 809 1784; x_wconf 78' lang='lat' dir='ltr'>earn</span> <span class='ocrx_word' id='word_1_99' title='bbox 827 1733 1058 1786; x_wconf 77' lang='lat' dir='ltr'>accommodatam</span> <span class='ocrx_word' id='word_1_100' title='bbox 1079 1752 1142 1786; x_wconf 86' lang='lat' dir='ltr'>esse.</span> <span class='ocrx_word' id='word_1_101' title='bbox 1180 1734 1233 1787; x_wconf 89' lang='lat' dir='ltr'>Pro</span> <span class='ocrx_word' id='word_1_102' title='bbox 1252 1743 1337 1803; x_wconf 86' lang='lat' dir='ltr'>putas</span> 
     </span>
     <span class='ocr_line' id='line_1_13' title="bbox 283 1818 676 1889; baseline 0.005 -19"><span class='ocrx_word' id='word_1_103' title='bbox 283 1830 322 1871; x_wconf 87' lang='lat' dir='ltr'>est</span> <span class='ocrx_word' id='word_1_104' title='bbox 336 1829 419 1888; x_wconf 88' lang='lat' dir='ltr'>putes</span> <span class='ocrx_word' id='word_1_105' title='bbox 437 1821 465 1873; x_wconf 88' lang='lat' dir='ltr'>in</span> <span class='ocrx_word' id='word_1_106' title='bbox 482 1819 532 1872; x_wconf 77' lang='lat'>01.</span> <span class='ocrx_word' id='word_1_107' title='bbox 551 1840 577 1889; x_wconf 83' lang='grc' dir='ltr'>η.</span> <span class='ocrx_word' id='word_1_108' title='bbox 615 1818 676 1872; x_wconf 86' lang='lat' dir='ltr'>Mr.</span> 
     </span>
    </p>

    <p class='ocr_par' dir='ltr' id='par_1_4' title="bbox 281 1907 1401 3900">
     <span class='ocr_line' id='line_1_14' title="bbox 356 1907 1337 1978; baseline 0.003 -19"><span class='ocrx_word' id='word_1_109' title='bbox 356 1926 439 1978; x_wconf 86' lang='lat' dir='ltr'>quum</span> <span class='ocrx_word' id='word_1_110' title='bbox 455 1909 504 1960; x_wconf 88' lang='lat' dir='ltr'>isti</span> <span class='ocrx_word' id='word_1_111' title='bbox 522 1908 610 1960; x_wconf 83' lang='lat' dir='ltr'>ordini</span> <span class='ocrx_word' id='word_1_112' title='bbox 628 1926 659 1958; x_wconf 82' lang='lat' dir='ltr'>ne</span> <span class='ocrx_word' id='word_1_113' title='bbox 677 1907 806 1958; x_wconf 75' lang='lat' dir='ltr'>honestus</span> <span class='ocrx_word' id='word_1_114' title='bbox 828 1907 936 1978; x_wconf 80' lang='lat' dir='ltr'>quidem</span> <span class='ocrx_word' id='word_1_115' title='bbox 952 1908 1039 1977; x_wconf 78' lang='lat' dir='ltr'>possit</span> <span class='ocrx_word' id='word_1_116' title='bbox 1062 1925 1118 1958; x_wconf 82' lang='lat' dir='ltr'>esse</span> <span class='ocrx_word' id='word_1_117' title='bbox 1137 1907 1222 1974; x_wconf 79' lang='lat' dir='ltr'>ottus]</span> <span class='ocrx_word' id='word_1_118' title='bbox 1258 1909 1294 1973; x_wconf 73' lang='lat' dir='ltr'>„i</span> <span class='ocrx_word' id='word_1_119' title='bbox 1314 1929 1337 1963; x_wconf 90' lang='lat' dir='ltr'>e.</span> 
     </span>
     <span class='ocr_line' id='line_1_15' title="bbox 282 1993 1336 2068; baseline 0.003 -22"><span class='ocrx_word' id='word_1_120' title='bbox 282 1993 434 2062; x_wconf 81' lang='lat' dir='ltr'>Senatorio,</span> <span class='ocrx_word' id='word_1_121' title='bbox 453 2016 482 2049; x_wconf 82' lang='lat' dir='ltr'>ox</span> <span class='ocrx_word' id='word_1_122' title='bbox 493 2015 548 2068; x_wconf 91' lang='lat' dir='ltr'>quo</span> <span class='ocrx_word' id='word_1_123' title='bbox 557 2007 586 2049; x_wconf 88' lang='lat' dir='ltr'>tu</span> <span class='ocrx_word' id='word_1_124' title='bbox 597 2015 633 2049; x_wconf 86' lang='lat' dir='ltr'>es.</span> <span class='ocrx_word' id='word_1_125' title='bbox 670 1996 788 2047; x_wconf 77' lang='lat' dir='ltr'>Auctore</span> <span class='ocrx_word' id='word_1_126' title='bbox 809 1993 841 2047; x_wconf 87' lang='lat' dir='ltr'>T.</span> <span class='ocrx_word' id='word_1_127' title='bbox 850 1994 974 2048; x_wconf 56' lang='lat' dir='ltr'>Livio&#39;b.</span> <span class='ocrx_word' id='word_1_128' title='bbox 987 1995 1118 2061; x_wconf 79' lang='lat' dir='ltr'>xxtt,6t.</span> <span class='ocrx_word' id='word_1_129' title='bbox 1158 1997 1189 2064; x_wconf 84' lang='lat' dir='ltr'>Q.</span> <span class='ocrx_word' id='word_1_130' title='bbox 1206 1995 1336 2049; x_wconf 79' lang='lat' dir='ltr'>Claudius</span> 
     </span>
     <span class='ocr_line' id='line_1_16' title="bbox 286 2081 1337 2153; baseline 0.003 -22"><span class='ocrx_word' id='word_1_131' title='bbox 286 2081 422 2134; x_wconf 79' lang='lat' dir='ltr'>Tribunus</span> <span class='ocrx_word' id='word_1_132' title='bbox 438 2083 537 2153; x_wconf 87' lang='lat' dir='ltr'>plebis,</span> <span class='ocrx_word' id='word_1_133' title='bbox 556 2083 639 2152; x_wconf 83' lang='lat' dir='ltr'>legem</span> <span class='ocrx_word' id='word_1_134' title='bbox 659 2081 740 2144; x_wconf 88' lang='lat' dir='ltr'>tulit,</span> <span class='ocrx_word' id='word_1_135' title='bbox 759 2098 791 2131; x_wconf 87' lang='lat' dir='ltr'>ne</span> <span class='ocrx_word' id='word_1_136' title='bbox 810 2082 872 2152; x_wconf 88' lang='lat' dir='ltr'>quis</span> <span class='ocrx_word' id='word_1_137' title='bbox 891 2085 1014 2147; x_wconf 78' lang='lat' dir='ltr'>Senator,</span> <span class='ocrx_word' id='word_1_138' title='bbox 1035 2083 1114 2153; x_wconf 81' lang='lat' dir='ltr'>quive</span> <span class='ocrx_word' id='word_1_139' title='bbox 1130 2084 1269 2135; x_wconf 78' lang='lat' dir='ltr'>Senatorio</span> <span class='ocrx_word' id='word_1_140' title='bbox 1284 2103 1337 2152; x_wconf 85' lang='lat' dir='ltr'>pa-</span> 
     </span>
     <span class='ocr_line' id='line_1_17' title="bbox 284 2170 1337 2241; baseline 0.003 -22"><span class='ocrx_word' id='word_1_141' title='bbox 284 2179 326 2220; x_wconf 82' lang='lat' dir='ltr'>ter</span> <span class='ocrx_word' id='word_1_142' title='bbox 337 2171 457 2240; x_wconf 70' lang='lat' dir='ltr'>ficisset,</span> <span class='ocrx_word' id='word_1_143' title='bbox 475 2171 639 2221; x_wconf 83' lang='lat' dir='ltr'>maritimam</span> <span class='ocrx_word' id='word_1_144' title='bbox 657 2187 768 2233; x_wconf 81' lang='lat' dir='ltr'>navam,</span> <span class='ocrx_word' id='word_1_145' title='bbox 793 2186 863 2240; x_wconf 81' lang='lat' dir='ltr'>quae</span> <span class='ocrx_word' id='word_1_146' title='bbox 879 2170 944 2238; x_wconf 86' lang='lat' dir='ltr'>plus</span> <span class='ocrx_word' id='word_1_147' title='bbox 968 2189 1050 2241; x_wconf 85' lang='lat' dir='ltr'>quom</span> <span class='ocrx_word' id='word_1_148' title='bbox 1072 2181 1256 2222; x_wconf 82' lang='lat' dir='ltr'>trecentarum</span> <span class='ocrx_word' id='word_1_149' title='bbox 1280 2190 1337 2222; x_wconf 84' lang='lat' dir='ltr'>arn·</span> 
     </span>
     <span class='ocr_line' id='line_1_18' title="bbox 281 2255 1338 2328; baseline 0.003 -21"><span class='ocrx_word' id='word_1_150' title='bbox 281 2258 429 2326; x_wconf 83' lang='lat' dir='ltr'>pltoraruns</span> <span class='ocrx_word' id='word_1_151' title='bbox 445 2269 529 2324; x_wconf 80' lang='lat' dir='ltr'>esset,</span> <span class='ocrx_word' id='word_1_152' title='bbox 546 2258 667 2310; x_wconf 79' lang='lat' dir='ltr'>liaberet.</span> <span class='ocrx_word' id='word_1_153' title='bbox 709 2258 745 2308; x_wconf 86' lang='lat' dir='ltr'>Id</span> <span class='ocrx_word' id='word_1_154' title='bbox 760 2258 832 2308; x_wconf 83' lang='lat' dir='ltr'>satis</span> <span class='ocrx_word' id='word_1_155' title='bbox 857 2255 981 2309; x_wconf 74' lang='lat' dir='ltr'>habitunt</span> <span class='ocrx_word' id='word_1_156' title='bbox 1007 2258 1045 2309; x_wconf 86' lang='lat' dir='ltr'>ad</span> <span class='ocrx_word' id='word_1_157' title='bbox 1062 2258 1180 2327; x_wconf 83' lang='lat' dir='ltr'>fructus</span> <span class='ocrx_word' id='word_1_158' title='bbox 1206 2277 1239 2309; x_wconf 76' lang='lat' dir='ltr'>ex</span> <span class='ocrx_word' id='word_1_159' title='bbox 1263 2260 1338 2328; x_wconf 79' lang='lat' dir='ltr'>agris</span> 
     </span>
     <span class='ocr_line' id='line_1_19' title="bbox 283 2344 1336 2416; baseline 0.002 -21"><span class='ocrx_word' id='word_1_160' title='bbox 283 2345 436 2401; x_wconf 76' lang='lat' dir='ltr'>uastandos.</span> <span class='ocrx_word' id='word_1_161' title='bbox 484 2345 530 2399; x_wconf 81' lang='lat' dir='ltr'>His</span> <span class='ocrx_word' id='word_1_162' title='bbox 564 2346 649 2399; x_wconf 77' lang='lat' dir='ltr'>serbis</span> <span class='ocrx_word' id='word_1_163' title='bbox 679 2344 812 2416; x_wconf 75' lang='lat' dir='ltr'>significat</span> <span class='ocrx_word' id='word_1_164' title='bbox 844 2356 1023 2399; x_wconf 80' lang='lat' dir='ltr'>mercaturam</span> <span class='ocrx_word' id='word_1_165' title='bbox 1056 2364 1220 2416; x_wconf 85' lang='lat' dir='ltr'>omnemque</span> <span class='ocrx_word' id='word_1_166' title='bbox 1255 2345 1336 2398; x_wconf 85' lang='lat' dir='ltr'>alium</span> 
     </span>
     <span class='ocr_line' id='line_1_20' title="bbox 284 2433 1339 2505; baseline 0.001 -21"><span class='ocrx_word' id='word_1_167' title='bbox 284 2444 422 2505; x_wconf 86' lang='lat' dir='ltr'>quaestum</span> <span class='ocrx_word' id='word_1_168' title='bbox 441 2433 564 2486; x_wconf 82' lang='lat' dir='ltr'>Senatori</span> <span class='ocrx_word' id='word_1_169' title='bbox 583 2446 689 2505; x_wconf 84' lang='lat' dir='ltr'>turpem</span> <span class='ocrx_word' id='word_1_170' title='bbox 709 2438 793 2487; x_wconf 86' lang='lat' dir='ltr'>esse.“</span> <span class='ocrx_word' id='word_1_171' title='bbox 812 2434 886 2487; x_wconf 80' lang='lat' dir='ltr'>Fre.</span> <span class='ocrx_word' id='word_1_172' title='bbox 905 2433 997 2503; x_wconf 86' lang='lat' dir='ltr'>Sylv.</span> <span class='ocrx_word' id='word_1_173' title='bbox 1045 2433 1125 2499; x_wconf 85' lang='lat' dir='ltr'>„Nou</span> <span class='ocrx_word' id='word_1_174' title='bbox 1146 2433 1243 2486; x_wconf 82' lang='lat' dir='ltr'>licebat</span> <span class='ocrx_word' id='word_1_175' title='bbox 1260 2452 1339 2485; x_wconf 85' lang='lat' dir='ltr'>sena-</span> 
     </span>
     <span class='ocr_line' id='line_1_21' title="bbox 284 2519 1337 2592; baseline -0.002 -20"><span class='ocrx_word' id='word_1_176' title='bbox 284 2522 387 2574; x_wconf 88' lang='lat' dir='ltr'>toribus</span> <span class='ocrx_word' id='word_1_177' title='bbox 406 2540 492 2592; x_wconf 82' lang='lat' dir='ltr'>neque</span> <span class='ocrx_word' id='word_1_178' title='bbox 511 2521 650 2575; x_wconf 86' lang='lat' dir='ltr'>honesturn</span> <span class='ocrx_word' id='word_1_179' title='bbox 669 2532 742 2587; x_wconf 82' lang='lat' dir='ltr'>erat,</span> <span class='ocrx_word' id='word_1_180' title='bbox 761 2521 853 2586; x_wconf 86' lang='lat' dir='ltr'>alium,</span> <span class='ocrx_word' id='word_1_181' title='bbox 874 2527 961 2592; x_wconf 83' lang='lat' dir='ltr'>quam&#39;</span> <span class='ocrx_word' id='word_1_182' title='bbox 974 2541 1003 2573; x_wconf 81' lang='lat' dir='ltr'>es</span> <span class='ocrx_word' id='word_1_183' title='bbox 1023 2539 1052 2572; x_wconf 86' lang='lat' dir='ltr'>re</span> <span class='ocrx_word' id='word_1_184' title='bbox 1072 2519 1178 2584; x_wconf 86' lang='lat' dir='ltr'>rustica,</span> <span class='ocrx_word' id='word_1_185' title='bbox 1199 2530 1337 2589; x_wconf 85' lang='lat' dir='ltr'>quaestum</span> 
     </span>
     <span class='ocr_line' id='line_1_22' title="bbox 284 2604 1339 2680; baseline -0.002 -20"><span class='ocrx_word' id='word_1_186' title='bbox 284 2610 435 2660; x_wconf 82' lang='lat' dir='ltr'>exercere.“</span> <span class='ocrx_word' id='word_1_187' title='bbox 454 2608 532 2660; x_wconf 80' lang='lat' dir='ltr'>Ern.</span> <span class='ocrx_word' id='word_1_188' title='bbox 575 2607 693 2674; x_wconf 89' lang='lat' dir='ltr'>„Ordini</span> <span class='ocrx_word' id='word_1_189' title='bbox 713 2611 847 2661; x_wconf 86' lang='lat' dir='ltr'>senatorio</span> <span class='ocrx_word' id='word_1_190' title='bbox 869 2608 959 2661; x_wconf 88' lang='lat' dir='ltr'>nullus</span> <span class='ocrx_word' id='word_1_191' title='bbox 977 2619 1102 2680; x_wconf 76' lang='lat' dir='ltr'>quaestus</span> <span class='ocrx_word' id='word_1_192' title='bbox 1120 2617 1177 2659; x_wconf 84' lang='lat' dir='ltr'>erat</span> <span class='ocrx_word' id='word_1_193' title='bbox 1200 2604 1339 2658; x_wconf 86' lang='lat' dir='ltr'>honestus:</span> 
     </span>
     <span class='ocr_line' id='line_1_23' title="bbox 282 2693 1340 2766; baseline 0.001 -20"><span class='ocrx_word' id='word_1_194' title='bbox 282 2704 310 2746; x_wconf 85' lang='lat' dir='ltr'>at</span> <span class='ocrx_word' id='word_1_195' title='bbox 329 2693 444 2762; x_wconf 82' lang='lat' dir='ltr'>equestri</span> <span class='ocrx_word' id='word_1_196' title='bbox 464 2695 551 2746; x_wconf 86' lang='lat' dir='ltr'>ordini</span> <span class='ocrx_word' id='word_1_197' title='bbox 572 2694 627 2748; x_wconf 89' lang='lat' dir='ltr'>boc·</span> <span class='ocrx_word' id='word_1_198' title='bbox 646 2697 861 2762; x_wconf 68' lang='lat' dir='ltr'>accendebatur,</span> <span class='ocrx_word' id='word_1_199' title='bbox 891 2708 919 2749; x_wconf 92' lang='lat' dir='ltr'>ut</span> <span class='ocrx_word' id='word_1_200' title='bbox 943 2696 1120 2766; x_wconf 84' lang='lat' dir='ltr'>possessiones</span> <span class='ocrx_word' id='word_1_201' title='bbox 1146 2712 1205 2746; x_wconf 85' lang='lat' dir='ltr'>suas</span> <span class='ocrx_word' id='word_1_202' title='bbox 1230 2708 1340 2764; x_wconf 81' lang='lat' dir='ltr'>augeret</span> 
     </span>
     <span class='ocr_line' id='line_1_24' title="bbox 282 2779 1341 2853; baseline 0 -19"><span class='ocrx_word' id='word_1_203' title='bbox 282 2781 462 2852; x_wconf 83' lang='lat' dir='ltr'>agricultura,</span> <span class='ocrx_word' id='word_1_204' title='bbox 483 2782 648 2834; x_wconf 80' lang='lat' dir='ltr'>redemtione</span> <span class='ocrx_word' id='word_1_205' title='bbox 667 2782 851 2853; x_wconf 80' lang='lat' dir='ltr'>vectigalium,</span> <span class='ocrx_word' id='word_1_206' title='bbox 871 2793 1036 2846; x_wconf 81' lang='lat' dir='ltr'>mercatura,</span> <span class='ocrx_word' id='word_1_207' title='bbox 1056 2782 1126 2834; x_wconf 85' lang='lat' dir='ltr'>cet.“</span> <span class='ocrx_word' id='word_1_208' title='bbox 1145 2806 1180 2817; x_wconf 85' lang='lat'>-·</span> <span class='ocrx_word' id='word_1_209' title='bbox 1199 2779 1341 2846; x_wconf 73' lang='lat' dir='ltr'>„aviditas</span> 
     </span>
     <span class='ocr_line' id='line_1_25' title="bbox 285 2865 1341 2941; baseline -0.004 -19"><span class='ocrx_word' id='word_1_210' title='bbox 285 2881 323 2923; x_wconf 81' lang='lat' dir='ltr'>est</span> <span class='ocrx_word' id='word_1_211' title='bbox 342 2871 375 2923; x_wconf 90' lang='lat' dir='ltr'>ab</span> <span class='ocrx_word' id='word_1_212' title='bbox 394 2888 472 2932; x_wconf 78' lang='lat' dir='ltr'>aveo,</span> <span class='ocrx_word' id='word_1_213' title='bbox 494 2870 565 2941; x_wconf 85' lang='lat' dir='ltr'>quod</span> <span class='ocrx_word' id='word_1_214' title='bbox 584 2882 730 2940; x_wconf 82' lang='lat' dir='ltr'>cognatum</span> <span class='ocrx_word' id='word_1_215' title='bbox 749 2883 787 2925; x_wconf 86' lang='lat' dir='ltr'>est</span> <span class='ocrx_word' id='word_1_216' title='bbox 805 2890 868 2925; x_wconf 85' lang='lat' dir='ltr'>cum</span> <span class='ocrx_word' id='word_1_217' title='bbox 885 2866 1077 2941; x_wconf 65' lang='lat' dir='ltr'>graeculis),</span> <span class='ocrx_word' id='word_1_218' title='bbox 1103 2866 1162 2933; x_wconf 87' lang='lat' dir='ltr'>bio,</span> <span class='ocrx_word' id='word_1_219' title='bbox 1182 2865 1254 2918; x_wconf 90' lang='lat' dir='ltr'>unde</span> <span class='ocrx_word' id='word_1_220' title='bbox 1272 2865 1341 2919; x_wconf 92' lang='lat' dir='ltr'>dici-</span> 
     </span>
     <span class='ocr_line' id='line_1_26' title="bbox 284 2951 1339 3028; baseline -0.006 -18"><span class='ocrx_word' id='word_1_221' title='bbox 284 2969 329 3011; x_wconf 90' lang='lat' dir='ltr'>tur</span> <span class='ocrx_word' id='word_1_222' title='bbox 352 2958 417 3010; x_wconf 87' lang='lat' dir='ltr'>item</span> <span class='ocrx_word' id='word_1_223' title='bbox 444 2975 562 3023; x_wconf 82' lang='lat' dir='ltr'>avarus,</span> <span class='ocrx_word' id='word_1_224' title='bbox 591 2958 665 3028; x_wconf 87' lang='lat' dir='ltr'>quasi</span> <span class='ocrx_word' id='word_1_225' title='bbox 693 2958 798 3011; x_wconf 87' lang='lat' dir='ltr'>iobians</span> <span class='ocrx_word' id='word_1_226' title='bbox 825 2959 905 3011; x_wconf 84' lang='lat' dir='ltr'>alicui</span> <span class='ocrx_word' id='word_1_227' title='bbox 932 2958 984 3010; x_wconf 85' lang='lat' dir='ltr'>rei:</span> <span class='ocrx_word' id='word_1_228' title='bbox 1014 2956 1086 3009; x_wconf 88' lang='lat' dir='ltr'>unde</span> <span class='ocrx_word' id='word_1_229' title='bbox 1104 2954 1176 3025; x_wconf 84' lang='lat' dir='ltr'>apud</span> <span class='ocrx_word' id='word_1_230' title='bbox 1196 2951 1339 3022; x_wconf 80' lang='lat' dir='ltr'>Virgilium</span> 
     </span>
     <span class='ocr_line' id='line_1_27' title="bbox 287 3039 1340 3115; baseline -0.002 -19"><span class='ocrx_word' id='word_1_231' title='bbox 287 3042 400 3115; x_wconf 83' lang='lat' dir='ltr'>[Georg.</span> <span class='ocrx_word' id='word_1_232' title='bbox 419 3043 452 3110; x_wconf 88' lang='lat' dir='ltr'>lt,</span> <span class='ocrx_word' id='word_1_233' title='bbox 471 3046 547 3112; x_wconf 61' lang='lat'>492]</span> <span class='ocrx_word' id='word_1_234' title='bbox 566 3045 698 3114; x_wconf 85' lang='lat' dir='ltr'>strepitus</span> <span class='ocrx_word' id='word_1_235' title='bbox 715 3046 880 3099; x_wconf 78' lang='lat' dir='ltr'>Acherontis</span> <span class='ocrx_word' id='word_1_236' title='bbox 897 3046 1005 3100; x_wconf 79' lang='lat' dir='ltr'>orori.“</span> <span class='ocrx_word' id='word_1_237' title='bbox 1024 3044 1063 3094; x_wconf 93' lang='lat' dir='ltr'>W</span> <span class='ocrx_word' id='word_1_238' title='bbox 1070 3039 1272 3114; x_wconf 85' lang='lat' dir='ltr'>yttenboch.</span> <span class='ocrx_word' id='word_1_239' title='bbox 1309 3041 1340 3094; x_wconf 86' lang='lat' dir='ltr'>ln</span> 
     </span>
     <span class='ocr_line' id='line_1_28' title="bbox 286 3126 1342 3202; baseline -0.001 -20"><span class='ocrx_word' id='word_1_240' title='bbox 286 3131 371 3184; x_wconf 85' lang='lat' dir='ltr'>Codd.</span> <span class='ocrx_word' id='word_1_241' title='bbox 391 3143 519 3202; x_wconf 90' lang='lat' dir='ltr'>quattuor</span> <span class='ocrx_word' id='word_1_242' title='bbox 537 3131 598 3184; x_wconf 73' lang='lat' dir='ltr'>Aldi</span> <span class='ocrx_word' id='word_1_243' title='bbox 617 3132 692 3186; x_wconf 79' lang='lat' dir='ltr'>Man.</span> <span class='ocrx_word' id='word_1_244' title='bbox 718 3145 756 3188; x_wconf 85' lang='lat' dir='ltr'>est</span> <span class='ocrx_word' id='word_1_245' title='bbox 781 3135 834 3187; x_wconf 86' lang='lat' dir='ltr'>isto</span> <span class='ocrx_word' id='word_1_246' title='bbox 859 3135 959 3187; x_wconf 88' lang='lat' dir='ltr'>ordine.</span> <span class='ocrx_word' id='word_1_247' title='bbox 1003 3131 1131 3185; x_wconf 83' lang='lat' dir='ltr'>Similiter</span> <span class='ocrx_word' id='word_1_248' title='bbox 1156 3129 1206 3187; x_wconf 80' lang='lat' dir='ltr'>Ox.</span> <span class='ocrx_word' id='word_1_249' title='bbox 1226 3126 1246 3181; x_wconf 89' lang='grc'>1.</span> <span class='ocrx_word' id='word_1_250' title='bbox 1269 3129 1342 3181; x_wconf 89' lang='lat' dir='ltr'>isto</span> 
     </span>
     <span class='ocr_line' id='line_1_29' title="bbox 287 3216 1342 3281; baseline 0.001 -13"><span class='ocrx_word' id='word_1_251' title='bbox 287 3217 388 3268; x_wconf 83' lang='lat' dir='ltr'>ordino</span> <span class='ocrx_word' id='word_1_252' title='bbox 408 3236 480 3280; x_wconf 84' lang='lat' dir='ltr'>nac,</span> <span class='ocrx_word' id='word_1_253' title='bbox 506 3217 556 3270; x_wconf 83' lang='lat'>0¹.</span> <span class='ocrx_word' id='word_1_254' title='bbox 575 3218 607 3270; x_wconf 89' lang='lat' dir='ltr'>E.</span> <span class='ocrx_word' id='word_1_255' title='bbox 625 3219 655 3270; x_wconf 89' lang='lat' dir='ltr'>in</span> <span class='ocrx_word' id='word_1_256' title='bbox 671 3219 726 3272; x_wconf 88' lang='lat' dir='ltr'>isto</span> <span class='ocrx_word' id='word_1_257' title='bbox 743 3221 836 3271; x_wconf 80' lang='lat' dir='ltr'>ordina</span> <span class='ocrx_word' id='word_1_258' title='bbox 853 3238 923 3281; x_wconf 70' lang='lat' dir='ltr'>nous</span> <span class='ocrx_word' id='word_1_259' title='bbox 955 3223 1014 3273; x_wconf 82' lang='lat' dir='ltr'>Cra.</span> <span class='ocrx_word' id='word_1_260' title='bbox 1040 3223 1065 3272; x_wconf 91' lang='lat'>1.</span> <span class='ocrx_word' id='word_1_261' title='bbox 1091 3219 1140 3269; x_wconf 89' lang='lat' dir='ltr'>isti</span> <span class='ocrx_word' id='word_1_262' title='bbox 1164 3216 1253 3270; x_wconf 86' lang='lat' dir='ltr'>ordini</span> <span class='ocrx_word' id='word_1_263' title='bbox 1275 3236 1342 3269; x_wconf 85' lang='lat' dir='ltr'>non</span> 
     </span>
     <span class='ocr_line' id='line_1_30' title="bbox 286 3302 1341 3375; baseline -0.001 -18"><span class='ocrx_word' id='word_1_264' title='bbox 286 3306 431 3368; x_wconf 74' lang='lat' dir='ltr'>honestus,</span> <span class='ocrx_word' id='word_1_265' title='bbox 450 3304 547 3356; x_wconf 80' lang='lat' dir='ltr'>omisso</span> <span class='ocrx_word' id='word_1_266' title='bbox 567 3305 690 3375; x_wconf 76' lang='lat' dir='ltr'>quidm,-</span> <span class='ocrx_word' id='word_1_267' title='bbox 710 3305 789 3358; x_wconf 87' lang='lat' dir='ltr'>Drsd.</span> <span class='ocrx_word' id='word_1_268' title='bbox 809 3311 835 3360; x_wconf 82' lang='lat'>5.</span> <span class='ocrx_word' id='word_1_269' title='bbox 854 3325 914 3357; x_wconf 83' lang='lat' dir='ltr'>nse</span> <span class='ocrx_word' id='word_1_270' title='bbox 932 3308 1060 3358; x_wconf 75' lang='lat' dir='ltr'>honestus</span> <span class='ocrx_word' id='word_1_271' title='bbox 1079 3303 1202 3375; x_wconf 70' lang='lat' dir='ltr'>quidem</span> <span class='ocrx_word' id='word_1_272' title='bbox 1221 3302 1298 3355; x_wconf 84' lang='lat' dir='ltr'>Suor.</span> <span class='ocrx_word' id='word_1_273' title='bbox 1316 3315 1341 3356; x_wconf 85' lang='lat' dir='ltr'>et</span> 
     </span>
     <span class='ocr_line' id='line_1_31' title="bbox 285 3387 1342 3462; baseline -0.008 -17"><span class='ocrx_word' id='word_1_274' title='bbox 285 3391 360 3445; x_wconf 85' lang='lat' dir='ltr'>Gud.</span> <span class='ocrx_word' id='word_1_275' title='bbox 378 3392 408 3444; x_wconf 90' lang='lat' dir='ltr'>B.</span> <span class='ocrx_word' id='word_1_276' title='bbox 427 3411 491 3443; x_wconf 90' lang='lat' dir='ltr'>non</span> <span class='ocrx_word' id='word_1_277' title='bbox 509 3392 639 3444; x_wconf 74' lang='lat' dir='ltr'>honestus</span> <span class='ocrx_word' id='word_1_278' title='bbox 657 3391 763 3462; x_wconf 77' lang='lat' dir='ltr'>quidam</span> <span class='ocrx_word' id='word_1_279' title='bbox 781 3391 878 3443; x_wconf 83' lang='lat' dir='ltr'>ullus</span> <span class='ocrx_word' id='word_1_280' title='bbox 895 3391 1013 3460; x_wconf 78' lang='lat' dir='ltr'>possit</span> <span class='ocrx_word' id='word_1_281' title='bbox 1032 3407 1126 3448; x_wconf 69' lang='lat' dir='ltr'>esses</span> <span class='ocrx_word' id='word_1_282' title='bbox 1145 3387 1218 3440; x_wconf 86' lang='lat' dir='ltr'>Gud.</span> <span class='ocrx_word' id='word_1_283' title='bbox 1229 3388 1263 3440; x_wconf 85' lang='lat' dir='ltr'>A.</span> <span class='ocrx_word' id='word_1_284' title='bbox 1281 3389 1342 3459; x_wconf 82' lang='lat' dir='ltr'>qui-</span> 
     </span>
     <span class='ocr_line' id='line_1_32' title="bbox 286 3474 1341 3548; baseline -0.005 -16"><span class='ocrx_word' id='word_1_285' title='bbox 286 3484 345 3532; x_wconf 86' lang='lat' dir='ltr'>dem</span> <span class='ocrx_word' id='word_1_286' title='bbox 365 3499 397 3532; x_wconf 87' lang='lat' dir='ltr'>ne</span> <span class='ocrx_word' id='word_1_287' title='bbox 416 3482 562 3539; x_wconf 72' lang='lat' dir='ltr'>honestus,⁸</span> <span class='ocrx_word' id='word_1_288' title='bbox 583 3479 664 3531; x_wconf 82' lang='lat' dir='ltr'>Drstl.</span> <span class='ocrx_word' id='word_1_289' title='bbox 683 3483 710 3532; x_wconf 78' lang='lat' dir='ltr'>t.</span> <span class='ocrx_word' id='word_1_290' title='bbox 729 3480 803 3532; x_wconf 84' lang='lat' dir='ltr'>ullus</span> <span class='ocrx_word' id='word_1_291' title='bbox 818 3482 906 3548; x_wconf 83' lang='lat' dir='ltr'>possit</span> <span class='ocrx_word' id='word_1_292' title='bbox 923 3476 993 3541; x_wconf 49' lang='lat' dir='ltr'>esse}</span> <span class='ocrx_word' id='word_1_293' title='bbox 1016 3475 1097 3528; x_wconf 82' lang='lat' dir='ltr'>Drsd.</span> <span class='ocrx_word' id='word_1_294' title='bbox 1118 3479 1144 3526; x_wconf 76' lang='lat'>2.</span> <span class='ocrx_word' id='word_1_295' title='bbox 1162 3474 1248 3542; x_wconf 81' lang='lat' dir='ltr'>possit</span> <span class='ocrx_word' id='word_1_296' title='bbox 1266 3474 1341 3527; x_wconf 79' lang='lat' dir='ltr'>attus</span> 
     </span>
     <span class='ocr_line' id='line_1_33' title="bbox 285 3560 1342 3628; baseline -0.006 -9"><span class='ocrx_word' id='word_1_297' title='bbox 285 3585 353 3624; x_wconf 81' lang='lat' dir='ltr'>osso.</span> <span class='ocrx_word' id='word_1_298' title='bbox 400 3566 468 3619; x_wconf 85' lang='lat' dir='ltr'>lliud</span> <span class='ocrx_word' id='word_1_299' title='bbox 487 3568 541 3618; x_wconf 89' lang='lat' dir='ltr'>isto</span> <span class='ocrx_word' id='word_1_300' title='bbox 560 3566 651 3618; x_wconf 86' lang='lat' dir='ltr'>ordine</span> <span class='ocrx_word' id='word_1_301' title='bbox 675 3566 754 3620; x_wconf 85' lang='lat' dir='ltr'>babet</span> <span class='ocrx_word' id='word_1_302' title='bbox 782 3568 861 3620; x_wconf 86' lang='lat' dir='ltr'>etiam</span> <span class='ocrx_word' id='word_1_303' title='bbox 882 3565 931 3619; x_wconf 84' lang='lat' dir='ltr'>Ed.</span> <span class='ocrx_word' id='word_1_304' title='bbox 959 3563 1043 3616; x_wconf 80' lang='lat' dir='ltr'>Suttr.</span> <span class='ocrx_word' id='word_1_305' title='bbox 1062 3560 1150 3622; x_wconf 68' lang='lat' dir='ltr'>Petrit</span> <span class='ocrx_word' id='word_1_306' title='bbox 1177 3576 1232 3611; x_wconf 84' lang='lat' dir='ltr'>esse</span> <span class='ocrx_word' id='word_1_307' title='bbox 1254 3561 1342 3628; x_wconf 78' lang='lat' dir='ltr'>possit</span> 
     </span>
     <span class='ocr_line' id='line_1_34' title="bbox 287 3642 1391 3725; baseline -0.007 -17"><span class='ocrx_word' id='word_1_308' title='bbox 287 3655 388 3708; x_wconf 79' lang='lat' dir='ltr'>babent</span> <span class='ocrx_word' id='word_1_309' title='bbox 406 3654 473 3707; x_wconf 83' lang='lat' dir='ltr'>Edd.</span> <span class='ocrx_word' id='word_1_310' title='bbox 494 3656 566 3707; x_wconf 83' lang='lat' dir='ltr'>Crat.</span> <span class='ocrx_word' id='word_1_311' title='bbox 584 3652 677 3725; x_wconf 81' lang='lat' dir='ltr'>Magn.</span> <span class='ocrx_word' id='word_1_312' title='bbox 697 3654 771 3708; x_wconf 87' lang='lat' dir='ltr'>Mau.</span> <span class='ocrx_word' id='word_1_313' title='bbox 789 3653 859 3707; x_wconf 84' lang='lat' dir='ltr'>ttuh.</span> <span class='ocrx_word' id='word_1_314' title='bbox 879 3653 942 3709; x_wconf 86' lang='lat' dir='ltr'>Car.</span> <span class='ocrx_word' id='word_1_315' title='bbox 959 3649 1052 3722; x_wconf 82' lang='lat' dir='ltr'>steph.</span> <span class='ocrx_word' id='word_1_316' title='bbox 1069 3648 1170 3702; x_wconf 86' lang='lat' dir='ltr'>Sturru.</span> <span class='ocrx_word' id='word_1_317' title='bbox 1191 3646 1341 3702; x_wconf 74' lang='lat' dir='ltr'>Aldibss.</span> <span class='ocrx_word' id='word_1_318' title='bbox 1381 3642 1391 3653; x_wconf 80' lang='grc'><strong>”</strong></span> 
     </span>
     <span class='ocr_line' id='line_1_35' title="bbox 288 3733 1342 3814; baseline -0.009 -18"><span class='ocrx_word' id='word_1_319' title='bbox 288 3748 367 3798; x_wconf 73' lang='lat' dir='ltr'>tosa.</span> <span class='ocrx_word' id='word_1_320' title='bbox 386 3743 419 3796; x_wconf 87' lang='lat' dir='ltr'>H.</span> <span class='ocrx_word' id='word_1_321' title='bbox 437 3742 523 3796; x_wconf 83' lang='lat' dir='ltr'>Wolf.</span> <span class='ocrx_word' id='word_1_322' title='bbox 542 3740 617 3814; x_wconf 87' lang='lat' dir='ltr'>Sylb.</span> <span class='ocrx_word' id='word_1_323' title='bbox 637 3742 709 3796; x_wconf 81' lang='lat' dir='ltr'>And.</span> <span class='ocrx_word' id='word_1_324' title='bbox 727 3742 786 3797; x_wconf 82' lang='lat' dir='ltr'>Tol.</span> <span class='ocrx_word' id='word_1_325' title='bbox 810 3741 884 3796; x_wconf 69' lang='lat' dir='ltr'>Mat·</span> <span class='ocrx_word' id='word_1_326' title='bbox 903 3752 942 3795; x_wconf 84' lang='lat' dir='ltr'>est</span> <span class='ocrx_word' id='word_1_327' title='bbox 960 3739 1103 3793; x_wconf 80' lang='lat' dir='ltr'>sorborum</span> <span class='ocrx_word' id='word_1_328' title='bbox 1126 3735 1295 3806; x_wconf 85' lang='lat' dir='ltr'>transpositio</span> <span class='ocrx_word' id='word_1_329' title='bbox 1313 3733 1342 3787; x_wconf 90' lang='lat' dir='ltr'>ia</span> 
     </span>
     <span class='ocr_line' id='line_1_36' title="bbox 289 3823 1401 3900; baseline -0.005 -19"><span class='ocrx_word' id='word_1_330' title='bbox 289 3830 357 3884; x_wconf 85' lang='lat' dir='ltr'>Edd.</span> <span class='ocrx_word' id='word_1_331' title='bbox 368 3830 448 3883; x_wconf 87' lang='lat' dir='ltr'>Hdlb.</span> <span class='ocrx_word' id='word_1_332' title='bbox 461 3841 486 3882; x_wconf 88' lang='lat' dir='ltr'>et</span> <span class='ocrx_word' id='word_1_333' title='bbox 497 3832 658 3884; x_wconf 69' lang='lat' dir='ltr'>Venttttz</span> <span class='ocrx_word' id='word_1_334' title='bbox 676 3831 762 3899; x_wconf 83' lang='lat' dir='ltr'>possit</span> <span class='ocrx_word' id='word_1_335' title='bbox 773 3849 829 3882; x_wconf 84' lang='lat' dir='ltr'>esse</span> <span class='ocrx_word' id='word_1_336' title='bbox 839 3831 870 3882; x_wconf 87' lang='lat' dir='ltr'>si</span> <span class='ocrx_word' id='word_1_337' title='bbox 888 3850 906 3882; x_wconf 88' lang='lat' dir='ltr'>u</span> <span class='ocrx_word' id='word_1_338' title='bbox 916 3831 927 3882; x_wconf 91' lang='lat' dir='ltr'>l</span> <span class='ocrx_word' id='word_1_339' title='bbox 933 3829 988 3881; x_wconf 87' lang='lat' dir='ltr'>lus</span> <span class='ocrx_word' id='word_1_340' title='bbox 999 3826 1118 3898; x_wconf 78' lang='lat' dir='ltr'>quotidie</span> <span class='ocrx_word' id='word_1_341' title='bbox 1130 3825 1262 3896; x_wconf 83' lang='lat' dir='ltr'>fraudas.</span> <span class='ocrx_word' id='word_1_342' title='bbox 1285 3823 1311 3876; x_wconf 83' lang='lat' dir='ltr'>ld</span> <span class='ocrx_word' id='word_1_343' title='bbox 1322 3840 1343 3875; x_wconf 87' lang='lat' dir='ltr'>r.</span> <span class='ocrx_word' id='word_1_344' title='bbox 1397 3888 1401 3900; x_wconf 58' lang='lat'>‚</span> 
     </span>
    </p>

    <p class='ocr_par' dir='ltr' id='par_1_5' title="bbox 283 3910 1342 4426">
     <span class='ocr_line' id='line_1_37' title="bbox 360 3910 1342 3988; baseline -0.006 -20"><span class='ocrx_word' id='word_1_345' title='bbox 360 3918 385 3968; x_wconf 86' lang='lat' dir='ltr'>si</span> <span class='ocrx_word' id='word_1_346' title='bbox 403 3918 523 3988; x_wconf 84' lang='lat' dir='ltr'>quotidie</span> <span class='ocrx_word' id='word_1_347' title='bbox 536 3918 675 3987; x_wconf 84' lang='lat' dir='ltr'>fraudas,</span> <span class='ocrx_word' id='word_1_348' title='bbox 693 3918 808 3988; x_wconf 82' lang='lat' dir='ltr'>decipis,</span> <span class='ocrx_word' id='word_1_349' title='bbox 825 3918 940 3988; x_wconf 85' lang='lat' dir='ltr'>poscis‚]</span> <span class='ocrx_word' id='word_1_350' title='bbox 977 3914 1043 3982; x_wconf 88' lang='lat' dir='ltr'>„Sic</span> <span class='ocrx_word' id='word_1_351' title='bbox 1062 3931 1156 3965; x_wconf 84' lang='lat' dir='ltr'>ornnes</span> <span class='ocrx_word' id='word_1_352' title='bbox 1174 3913 1240 3964; x_wconf 83' lang='lat' dir='ltr'>mei:</span> <span class='ocrx_word' id='word_1_353' title='bbox 1265 3910 1342 3963; x_wconf 83' lang='lat' dir='ltr'>alias:</span> 
     </span>
     <span class='ocr_line' id='line_1_38' title="bbox 283 3999 1342 4076; baseline -0.002 -22"><span class='ocrx_word' id='word_1_354' title='bbox 283 4004 423 4073; x_wconf 88' lang='lat' dir='ltr'>fraudas,</span> <span class='ocrx_word' id='word_1_355' title='bbox 441 4006 618 4070; x_wconf 83' lang='lat' dir='ltr'>concutis,</span> <span class='ocrx_word' id='word_1_356' title='bbox 637 4007 745 4076; x_wconf 64' lang='lat' dir='ltr'>deripuit,</span> <span class='ocrx_word' id='word_1_357' title='bbox 761 4008 878 4075; x_wconf 86' lang='lat' dir='ltr'>poscis.“</span> <span class='ocrx_word' id='word_1_358' title='bbox 898 4005 973 4060; x_wconf 78' lang='lat' dir='ltr'>Atd.</span> <span class='ocrx_word' id='word_1_359' title='bbox 991 4003 1076 4056; x_wconf 87' lang='lat' dir='ltr'>Man.</span> <span class='ocrx_word' id='word_1_360' title='bbox 1113 3999 1200 4052; x_wconf 88' lang='lat' dir='ltr'>Codd.</span> <span class='ocrx_word' id='word_1_361' title='bbox 1214 4001 1342 4052; x_wconf 68' lang='lat' dir='ltr'>emta.</span> 
     </span>
     <span class='ocr_line' id='line_1_39' title="bbox 289 4082 1342 4163; baseline -0.007 -19"><span class='ocrx_word' id='word_1_362' title='bbox 289 4093 399 4163; x_wconf 86' lang='lat' dir='ltr'>antiqua</span> <span class='ocrx_word' id='word_1_363' title='bbox 418 4092 505 4146; x_wconf 77' lang='lat' dir='ltr'>forma</span> <span class='ocrx_word' id='word_1_364' title='bbox 524 4093 651 4146; x_wconf 89' lang='lat' dir='ltr'>scribitur</span> <span class='ocrx_word' id='word_1_365' title='bbox 668 4094 787 4151; x_wconf 79' lang='lat' dir='ltr'>cottidie.</span> <span class='ocrx_word' id='word_1_366' title='bbox 831 4095 911 4147; x_wconf 89' lang='lat' dir='ltr'>Prior</span> <span class='ocrx_word' id='word_1_367' title='bbox 936 4090 1035 4145; x_wconf 87' lang='lat' dir='ltr'>omittit</span> <span class='ocrx_word' id='word_1_368' title='bbox 1053 4106 1145 4141; x_wconf 83' lang='lat' dir='ltr'>vocem</span> <span class='ocrx_word' id='word_1_369' title='bbox 1162 4086 1258 4155; x_wconf 84' lang='lat' dir='ltr'>poscis.</span> <span class='ocrx_word' id='word_1_370' title='bbox 1312 4082 1342 4137; x_wconf 88' lang='lat' dir='ltr'>lu</span> 
     </span>
     <span class='ocr_line' id='line_1_40' title="bbox 288 4170 1342 4252; baseline -0.008 -22"><span class='ocrx_word' id='word_1_371' title='bbox 288 4178 356 4234; x_wconf 86' lang='lat' dir='ltr'>Edd.</span> <span class='ocrx_word' id='word_1_372' title='bbox 378 4181 444 4233; x_wconf 82' lang='lat' dir='ltr'>Vsu.</span> <span class='ocrx_word' id='word_1_373' title='bbox 465 4184 544 4235; x_wconf 79' lang='grc'>1492.</span> <span class='ocrx_word' id='word_1_374' title='bbox 563 4184 642 4234; x_wconf 77' lang='lat'><strong>1⁵14.</strong></span> <span class='ocrx_word' id='word_1_375' title='bbox 661 4192 687 4234; x_wconf 87' lang='lat' dir='ltr'>ot</span> <span class='ocrx_word' id='word_1_376' title='bbox 705 4181 783 4234; x_wconf 86' lang='lat' dir='ltr'>Hdlb.</span> <span class='ocrx_word' id='word_1_377' title='bbox 809 4192 869 4251; x_wconf 85' lang='lat' dir='ltr'>post</span> <span class='ocrx_word' id='word_1_378' title='bbox 882 4181 1007 4252; x_wconf 78' lang='lat' dir='ltr'>fraudas</span> <span class='ocrx_word' id='word_1_379' title='bbox 1026 4187 1064 4229; x_wconf 85' lang='lat' dir='ltr'>est</span> <span class='ocrx_word' id='word_1_380' title='bbox 1089 4173 1224 4227; x_wconf 88' lang='lat' dir='ltr'>distinctio</span> <span class='ocrx_word' id='word_1_381' title='bbox 1242 4170 1342 4224; x_wconf 80' lang='lat' dir='ltr'>maior:</span> 
     </span>
     <span class='ocr_line' id='line_1_41' title="bbox 288 4254 1341 4339; baseline -0.003 -19"><span class='ocrx_word' id='word_1_382' title='bbox 288 4279 345 4320; x_wconf 92' lang='lat' dir='ltr'>tum</span> <span class='ocrx_word' id='word_1_383' title='bbox 368 4279 483 4339; x_wconf 81' lang='lat' dir='ltr'>pergunt</span> <span class='ocrx_word' id='word_1_384' title='bbox 502 4269 604 4337; x_wconf 80' lang='lat' dir='ltr'>Quem</span> <span class='ocrx_word' id='word_1_385' title='bbox 621 4269 736 4338; x_wconf 80' lang='lat' dir='ltr'>decipis,</span> <span class='ocrx_word' id='word_1_386' title='bbox 761 4270 849 4338; x_wconf 81' lang='lat' dir='ltr'>poscis</span> <span class='ocrx_word' id='word_1_387' title='bbox 868 4280 918 4324; x_wconf 85' lang='lat' dir='ltr'>etc.</span> <span class='ocrx_word' id='word_1_388' title='bbox 964 4265 1047 4334; x_wconf 87' lang='lat' dir='ltr'>Quod</span> <span class='ocrx_word' id='word_1_389' title='bbox 1074 4273 1162 4315; x_wconf 83' lang='lat' dir='ltr'>aulem</span> <span class='ocrx_word' id='word_1_390' title='bbox 1188 4257 1247 4312; x_wconf 73' lang='grc' dir='ltr'>ΑΜ·</span> <span class='ocrx_word' id='word_1_391' title='bbox 1266 4254 1341 4309; x_wconf 62' lang='grc' dir='ltr'>ΜΝ·</span> 
     </span>
     <span class='ocr_line' id='line_1_42' title="bbox 289 4342 1342 4426; baseline -0.009 -22"><span class='ocrx_word' id='word_1_392' title='bbox 289 4366 348 4426; x_wconf 81' lang='lat' dir='ltr'>post</span> <span class='ocrx_word' id='word_1_393' title='bbox 366 4354 489 4425; x_wconf 78' lang='lat' dir='ltr'>fraudas</span> <span class='ocrx_word' id='word_1_394' title='bbox 508 4355 544 4409; x_wconf 89' lang='lat' dir='ltr'>ait</span> <span class='ocrx_word' id='word_1_395' title='bbox 562 4355 626 4408; x_wconf 86' lang='lat' dir='ltr'>alias</span> <span class='ocrx_word' id='word_1_396' title='bbox 644 4357 724 4409; x_wconf 82' lang='lat' dir='ltr'>inseri</span> <span class='ocrx_word' id='word_1_397' title='bbox 751 4356 887 4420; x_wconf 84' lang='lat' dir='ltr'>concutis,</span> <span class='ocrx_word' id='word_1_398' title='bbox 918 4355 946 4406; x_wconf 90' lang='lat' dir='ltr'>in</span> <span class='ocrx_word' id='word_1_399' title='bbox 972 4352 1047 4405; x_wconf 89' lang='lat' dir='ltr'>nullo</span> <span class='ocrx_word' id='word_1_400' title='bbox 1076 4351 1147 4402; x_wconf 87' lang='lat' dir='ltr'>libro</span> <span class='ocrx_word' id='word_1_401' title='bbox 1172 4344 1269 4416; x_wconf 85' lang='lat' dir='ltr'>reperi.</span> <span class='ocrx_word' id='word_1_402' title='bbox 1313 4342 1342 4396; x_wconf 85' lang='lat' dir='ltr'>si</span> 
     </span>
    </p>
   </div>
   <div class='ocr_carea' id='block_1_3' title="bbox 289 4429 1342 4515">
    <p class='ocr_par' dir='ltr' id='par_1_6' title="bbox 289 4429 1342 4515">
     <span class='ocr_line' id='line_1_43' title="bbox 289 4429 1342 4515; baseline -0.009 -21"><span class='ocrx_word' id='word_1_403' title='bbox 289 4461 403 4514; x_wconf 86' lang='lat' dir='ltr'>usquam</span> <span class='ocrx_word' id='word_1_404' title='bbox 422 4443 519 4515; x_wconf 76' lang='lat' dir='ltr'>legitur</span> <span class='ocrx_word' id='word_1_405' title='bbox 535 4444 670 4508; x_wconf 87' lang='lat' dir='ltr'>concutis,</span> <span class='ocrx_word' id='word_1_406' title='bbox 694 4443 902 4497; x_wconf 82' lang='lat' dir='ltr'>Ciceronianum</span> <span class='ocrx_word' id='word_1_407' title='bbox 922 4458 977 4494; x_wconf 89' lang='lat' dir='ltr'>non</span> <span class='ocrx_word' id='word_1_408' title='bbox 997 4449 1049 4502; x_wconf 84' lang='lat' dir='ltr'>est,</span> <span class='ocrx_word' id='word_1_409' title='bbox 1077 4437 1121 4490; x_wconf 84' lang='lat' dir='ltr'>sad</span> <span class='ocrx_word' id='word_1_410' title='bbox 1140 4434 1252 4488; x_wconf 82' lang='lat' dir='ltr'>debetur</span> <span class='ocrx_word' id='word_1_411' title='bbox 1269 4429 1342 4502; x_wconf 71' lang='lat' dir='ltr'>glos-</span> 
     </span>
    </p>
   </div>
   <div class='ocr_carea' id='block_1_4' title="bbox 1037 4523 1108 4598">
    <p class='ocr_par' dir='ltr' id='par_1_7' title="bbox 1037 4523 1108 4598">
     <span class='ocr_line' id='line_1_44' title="bbox 1037 4523 1108 4598; baseline 0.028 -2"><span class='ocrx_word' id='word_1_412' title='bbox 1037 4523 1108 4598; x_wconf 84' lang='lat'>18*</span> 
     </span>
    </p>
   </div>
   <div class='ocr_carea' id='block_1_5' title="bbox 0 0 1739 5342">
    <p class='ocr_par' dir='ltr' id='par_1_8' title="bbox 0 0 1739 5342">
     <span class='ocr_line' id='line_1_45' title="bbox 0 0 1739 5342; baseline 0 0"><span class='ocrx_word' id='word_1_413' title='bbox 0 0 1739 5342; x_wconf 95' lang='lat' dir='ltr'> </span> 
     </span>
    </p>
   </div>
  </div>
 </body>
</html>
