3450 5342
337 505 387 576 90
663 522 834 571 rarecort
863 518 1058 567 srotcoruu.

336 694 445 773 Quam
464 694 508 758 ob
534 709 604 757 rem
631 689 786 773 quicquid
810 691 859 754 est
882 686 1064 762 laudabile,
1086 684 1175 749 idem
1204 686 1239 747 et
1261 681 1387 746 beatum

338 836 371 894 et
394 831 514 894 tloreus
540 833 573 892 et
596 827 816 910 expetendum
844 825 948 889 rideri
975 824 1083 887 debet.

399 997 466 1056 Ὅτι
483 998 617 1071 αὐτάρκης
635 1032 669 1043 -
689 999 754 1067 πηός
771 999 949 1067 εὐδαιμονίαν]
974 999 1056 1054 Abest
1083 999 1224 1072 inscriptio
1252 998 1383 1052 Graecas

336 1089 423 1144 Codd.
442 1088 508 1142 On.
528 1088 560 1143 E.
578 1088 599 1142 1.
617 1088 653 1143 U.
671 1109 697 1158 η.
714 1106 751 1153 ας
769 1088 864 1141 Latius
883 1087 962 1141 etiam
980 1088 1014 1141 ab
1034 1084 1085 1141 Or.
1103 1104 1132 1149 α.
1174 1086 1273 1158 Neque
1298 1085 1384 1138 habent

336 1175 468 1230 Graecam
488 1175 574 1229 Codd.
593 1176 676 1230 nostri
695 1174 789 1229 Crat.
805 1181 831 1232 t.
843 1179 870 1231 3.
888 1175 1001 1230 Dresdd.
1020 1174 1148 1247 quinque,
1167 1172 1280 1228 Suerin.
1300 1173 1383 1227 Duisb.

337 1264 448 1321 Veteres
464 1262 532 1315 Edd.
542 1262 644 1333 aliquot
661 1263 742 1333 longe
761 1262 893 1316 recedunt
904 1282 919 1316 a
930 1262 1050 1316 veritate:
1068 1260 1286 1315 deventura:
1306 1280 1383 1312 οτιου·

338 1352 789 1420 καρκηοηευδαιμονιαινιροοαρειην.
831 1349 879 1405 Sic
903 1350 983 1403 etiam
1007 1349 1057 1402 Ed.
1077 1348 1223 1414 Dareum,
1248 1347 1301 1401 nisi
1320 1347 1381 1417 quod

338 1437 417 1491 habet
435 1434 594 1499 εὐδαιμονία.
631 1437 698 1490 Εδδ.
717 1437 799 1491 Paris.
825 1457 846 1490 s.
864 1455 887 1490 a.
915 1448 941 1491 et
958 1437 1038 1490 Hdtb.
1055 1457 1075 1489 s.
1096 1436 1114 1490 l.
1134 1446 1160 1490 et
1178 1455 1202 1488 a.
1223 1434 1328 1488 nuiiam
1346 1431 1383 1484 ha-

338 1525 403 1579 bent
427 1523 629 1597 inscriptionem
647 1524 788 1579 Graecam.
831 1523 930 1578 Latinis
954 1523 1047 1578 litteris
1063 1523 1114 1577 Ed.
1129 1523 1213 1577 Paris.
1236 1526 1322 1578 15⁰7:
1347 1520 1383 1572 Oti

338 1613 467 1665 nutarkes
486 1613 520 1664 lte
538 1624 612 1666 arete
627 1615 664 1684 pi
671 1633 707 1667 os
723 1614 883 1669 οαδοιαοιιίιῖ
887 1651 896 1681 ,
923 1624 949 1669 et
971 1613 1058 1686 Lugd.
1076 1615 1164 1666 1515:
1190 1613 1240 1663 Oti
1266 1609 1384 1662 artarier

339 1700 371 1751 Ιιε
389 1711 463 1752 arete
476 1701 554 1771 pios
572 1701 735 1753 eudernunia.
772 1702 804 1755 ln
823 1700 890 1753 eod.
910 1698 967 1752 Cra.
980 1704 1006 1754 1.
1024 1698 1090 1754 haec
1108 1709 1146 1752 est
1159 1697 1300 1768 inscriptio
1318 1695 1385 1767 piane

339 1785 494 1857 singularis:
518 1788 631 1840 Dolores
654 1808 707 1840 non
730 1806 788 1840 essa
807 1787 999 1858 formidandos
1027 1789 1237 1839 demonstratur.
1284 1781 1344 1836 Cra.
1364 1786 1384 1834 t.

339 1871 419 1927 habet
436 1874 530 1925 αι’ίιίί
553 1875 585 1925 ei
614 1875 701 1927 deesse
724 1875 762 1926 nd
792 1873 874 1927 bene
899 1876 1050 1932 vivendum.
1073 1873 1124 1929 0¹.
1143 1873 1177 1926 N.
1202 1870 1285 1925 habet
1314 1869 1385 1922 bene

341 1957 498 2030 beateque,
516 1960 596 2014 Drsd.
616 1965 642 2019 5.
662 1962 751 2014 virtus
770 1972 823 2014 est
851 1963 877 2014 ei
900 1963 971 2016 nihil
988 1963 1073 2027 deest,
1102 1960 1184 2014 Drsd.
1201 1962 1229 2012 1.
1259 1959 1297 2010 αδ
1314 1957 1385 2009 dene

340 2046 482 2100 vivendum
496 2058 623 2117 potest.
641 2048 723 2102 Drsd.
739 2051 765 2103 3.
784 2050 822 2100 ud
839 2049 915 2102 beate
932 2050 1075 2103 vivendum
1094 2057 1227 2119 potest.
1273 2044 1385 2114 „Graeca

340 2134 478 2205 inscriptio
498 2144 536 2188 est
554 2135 705 2203 Ciceronis,
733 2155 788 2189 non
807 2135 872 2191 item
896 2137 1004 2205 Latina,
1029 2155 1098 2209 quae
1122 2133 1281 2208 posterioris
1306 2130 1386 2186 aetatis

341 2219 478 2274 hominem
497 2221 627 2277 redolet.“
642 2224 815 2296 Wyttenb.

404 2302 470 2362 Ὅτι
494 2306 627 2381 αὐταρκης
646 2313 692 2379 -]
719 2312 917 2380 „Sufficientem
935 2312 1014 2384 vulgo
1033 2314 1262 2384 interpretantur:
1288 2313 1331 2361 καί
1347 2302 1387 2374 τήν

342 2394 497 2468 αὐτάρκειαν
514 2400 720 2468 sufficientiam:
738 2418 819 2471 qnam
839 2410 928 2453 tamen
948 2420 1040 2455 vocem
1059 2400 1140 2454 latina
1161 2398 1265 2471 puritas
1289 2392 1386 2467 respuit.

342 2485 459 2539 Haecin
478 2485 622 2541 Platonicis
641 2486 839 2540 definitionibus
867 2486 904 2541 sic
923 2486 1030 2540 finitur:
1060 2482 1219 2556 αὐτάρκεια,
1245 2486 1310 2549 ἕξις,
1334 2474 1388 2534 καθ’

343 2570 414 2640 ἢνοί
437 2574 536 2641 ἔχοντες
560 2571 638 2626 αὐτοί
661 2571 748 2627 αὐτοῖν
774 2571 949 2645 ἄρχουσιν.
992 2575 1039 2630 Est
1059 2574 1165 2648 quidem
1185 2573 1253 2627 haec
1272 2568 1386 2631 Zenonis

342 2660 484 2734 Chrysippi
504 2673 529 2715 et
547 2663 691 2717 Hecatonis
708 2664 848 2717 sententia.
886 2663 1020 2717 Ladrtius:
1044 2659 1121 2725 μόνον
1138 2656 1170 2713 τί
1197 2656 1278 2713 uatis
1301 2655 1386 2711 είδύτεί

342 2747 459 2816 dyadis,
476 2745 595 2818 αὐτάρκη
614 2770 643 2802 τε
661 2744 725 2801 εἶναι
742 2747 826 2820 αὐτήν
844 2749 910 2820 apic
927 2748 1107 2815 εὐδαιμονίαν,
1125 2744 1200 2801 καθά
1216 2767 1281 2817 φησι
1297 2742 1386 2814 Ζηνᾶν,

343 2841 387 2887 καί
406 2831 560 2905 Χρύοινιιιος
587 2839 613 2886 ir
637 2839 676 2904 τῷ
695 2836 789 2904 ιιράιηι
815 2841 875 2906 περί
891 2833 1004 2906 άριτῶν,
1031 2842 1076 2890 καί
1092 2833 1211 2888 Ἑκάταν
1234 2838 1262 2887 ἓν
1278 2835 1319 2901 ‘aqi
1335 2832 1385 2883 dev-

344 2926 409 2990 τίρρ
429 2925 486 2990 ιιερί
505 2918 623 2986 ἀγαθῶν.
661 2923 690 2974 id
711 2922 827 2994 probare
846 2937 979 2979 conantur
997 2922 1162 2997 argumentis
1180 2941 1210 2975 ea
1228 2921 1348 2992 partibus
1359 2914 1385 2969 ad

344 3016 430 3059 totum
448 3005 548 3060 ductis:
565 3010 588 3059 εί
604 3003 672 3078 γάρ,
691 3028 781 3079 φησιν,
799 3007 933 3083 αὐτάρκης
952 3017 1021 3066 ἐστίν
1040 3008 1057 3082 η’
1073 3011 1257 3077 μεγαλοψυχία
1276 3004 1339 3078 ποδί
1360 3000 1387 3054 τί

345 3093 448 3144 πάντων
465 3089 582 3165 ὑπεράνω
601 3109 698 3161 ποιεῖν,
717 3098 773 3150 dors
798 3101 827 3151 di
844 3105 922 3171 μέρος
941 3099 1049 3173 ripariis,
1076 3096 1209 3170 αὐτάρκης
1234 3102 1291 3151 ἐστί
1312 3099 1353 3148 καί
1373 3084 1387 3160 η’

345 3176 427 3248 dewi
444 3176 510 3251 npdt·
535 3178 715 3247 εὐδαιμονίαν,
743 3191 943 3257 καταφρονοῦσα
962 3194 1006 3241 καί
1031 3191 1083 3239 τῶν
1101 3181 1248 3239 δοκούντων
1275 3183 1387 3254 3112]th-

344 3268 486 3322 Panaetius
504 3270 576 3323 enim
593 3282 620 3325 et
637 3273 796 3327 Posidonius
814 3275 980 3330 dissentiunt.
1026 3275 1071 3329 stc
1094 3274 1165 3345 apud
1191 3272 1328 3326 Laitrtium
1353 3288 1387 3322 se·

346 3357 450 3428 quitur:
474 3351 504 3410 ‘O
520 3362 609 3421 μέντοι
632 3363 778 3422 Παναίτιος
802 3368 846 3416 καί
877 3364 1048 3421 Ποσειδώνιος
1077 3359 1122 3414 οὐκ
1149 3357 1271 3432 αὐτάρκη
1299 3362 1388 3425 λίγοοοι

344 3439 393 3515 τήν
413 3442 517 3515 ripariis,
535 3439 603 3500 οἷίίά
619 3456 710 3519 χρείαν
727 3445 792 3503 ιῖναι
810 3440 876 3512 φασί
893 3455 937 3503 καί
948 3447 1034 3517 ciratus·
1052 3454 1096 3501 καί
1114 3448 1211 3514 ἰσχύος.
1248 3438 1388 3501 Neestoiei

345 3542 449 3588 tantum
467 3533 503 3586 tta
520 3535 652 3588 sentiuntz
680 3555 742 3589 nam
761 3536 929 3593 Academicis
947 3557 1056 3610 quoque
1081 3537 1133 3590 hoo
1151 3535 1261 3607 placuit.
1303 3530 1389 3586 cieen

346 3619 476 3691 siquidem
494 3621 550 3690 ipse
568 3623 597 3675 in
615 3622 649 3674 V.
668 3622 882 3677 Tusculanarum
907 3623 960 3680 hoc
977 3623 1077 3688 ἀξίωμα
1101 3634 1195 3678 contra
1214 3622 1333 3676 Atticum
1349 3615 1389 3668 ἆθ-

347 3705 445 3760 tendit:
464 3717 490 3760 et
508 3707 602 3774 Bruto,
620 3708 663 3761 cui
675 3706 771 3763 Cicero
794 3711 861 3766 haec
882 3711 985 3779 dicavit,
1006 3711 1105 3784 placuit
1122 3710 1149 3763 in
1170 3728 1203 3763 eo
1218 3709 1299 3774 libro,
1318 3720 1390 3778 quem

348 3794 381 3847 de
400 3794 539 3849 virtutibus
556 3795 589 3848 ad
608 3793 768 3851 Ciceronem
786 3800 898 3869 scripsit.
934 3801 1030 3855 Cicero
1048 3799 1094 3852 lib.
1115 3797 1159 3850 Vi.
1177 3791 1391 3869 Epistularum&

349 3887 420 3933 Bene
437 3882 548 3947 sentire,
575 3882 680 3954 inquit,
703 3895 730 3936 et
748 3897 819 3938 reete
837 3888 933 3959 facere
957 3889 1028 3940 sotis
1054 3896 1095 3938 est
1120 3884 1159 3936 nd
1184 3882 1247 3935 bene
1274 3882 1393 3951 beateque

349 3971 499 4023 vivendum.
539 3969 616 4025 Plato
644 3991 727 4042 porro
746 3974 842 4029 multas
869 3975 896 4029 in
916 3974 989 4029 hunc
1013 3992 1118 4027 sensum
1143 3971 1223 4024 habet
1250 3966 1393 4029 sententiat.

348 4057 393 4110 sed
412 4057 625 4112 Christianorum
644 4058 765 4113 doctrina
784 4063 897 4116 omniuo
916 4063 1050 4133 dissentit,
1074 4061 1212 4114 hominem
1230 4058 1286 4112 suis
1304 4052 1397 4131 praesi-

350 4143 400 4196 diis
417 4165 527 4212 emens,
552 4145 600 4216 τήν
618 4168 646 4199 τε
664 4144 821 4218 αὐτάρκειαν
848 4149 982 4203 inscium
1001 4161 1105 4221 patrem
1129 4148 1271 4203 caelestem
1292 4161 1396 4220 ponens·

351 4226 398 4282 sic
416 4231 514 4286 Paulus
531 4232 676 4290 Corinthiis
699 4237 792 4291 scribit
816 4256 874 4308 cap.
893 4240 919 4304 9,
939 4241 962 4292 8.
983 4235 1135 4308 posterioris
1153 4234 1296 4308 epistolaez
1324 4236 1398 4286 διαο·
