3450 5342
335 654 385 729 38
683 670 856 721 peninon
885 668 1078 716 srorconnn.

336 836 517 910 superioribus
533 832 644 904 intelligi
662 832 775 902 potest.“
794 828 873 881 Ern.
909 826 978 879 Nihil
998 837 1069 881 certe
1086 825 1186 891 verine,
1205 842 1288 895 qnam
1307 843 1386 880 ancn-

336 927 445 981 satirum
463 941 506 974 eos
524 920 563 974 vel
582 920 643 972 illos
661 919 765 973 additos
784 928 840 970 ess'e
858 916 892 968 ab
910 915 957 980 iis,
988 915 1035 986 qui
1061 914 1153 984 peiore
1170 913 1320 983 scriptione
1337 913 1386 963 cir-

337 1007 540 1082 cumfluentibus
565 1017 671 1078 recepte
697 1024 754 1058 non
778 1012 904 1075 poterant
925 1019 981 1053 non
1006 1001 1156 1054 desiderare
1174 1000 1306 1053 eiusmodi
1327 1018 1388 1070 pro·

336 1117 444 1162 nornen,
463 1094 513 1162 rel,
533 1094 605 1166 quod
625 1106 664 1148 est
682 1095 710 1146 in
729 1091 827 1156 rnnltis,
846 1103 968 1159 utsupra
983 1089 1104 1156 vidimus,
1124 1089 1249 1140 bornines.
1286 1086 1318 1141 ln
1332 1084 1386 1139 Cri.

336 1190 361 1239 1.
379 1190 406 1238 1.
425 1182 506 1237 Drsd.
525 1185 551 1234 1.
570 1192 599 1234 ut
617 1182 643 1233 in
660 1199 742 1252 snpra
762 1178 889 1244 laudetis,
907 1176 1037 1248 scriptum
1056 1187 1095 1229 est
1111 1175 1312 1229 habundarent.
1349 1173 1386 1226 Ad

336 1290 393 1324 rem
412 1270 448 1323 cf.
467 1268 563 1322 Senec.
581 1266 689 1321 Consol.
710 1266 743 1319 nd
761 1266 856 1338 Polyb.
876 1268 966 1331 28,.s.
990 1275 1016 1317 et
1034 1264 1068 1319 de
1085 1263 1179 1315 Benei.
1198 1262 1231 1329 ll,
1249 1265 1295 1316 21.
1331 1261 1385 1314 lde.

408 1359 501 1427 Neque
519 1355 588 1406 enim
604 1354 872 1424 expletur—sitis]
900 1352 1003 1405 lnudet
1020 1351 1054 1404 ad
1073 1349 1100 1404 b.
1117 1349 1135 1403 l.
1159 1349 1262 1404 Geruli.
1281 1349 1385 1403 Aristot.

337 1443 416 1497 Polit.
433 1441 466 1495 ll.
484 1446 515 1495 b:
539 1439 643 1513 ἄπειρος
658 1439 713 1510 γὰρ
732 1438 748 1510 ἡ
767 1445 910 1503 ἐπιθυμίας
928 1436 1013 1501 φύσις.
1056 1437 1146 1506 Quem
1164 1438 1217 1491 iani
1237 1439 1271 1490 nb
1290 1437 1385 1490 Ursino

338 1541 365 1584 et
381 1528 451 1582 Aldo
469 1529 591 1582 Manutio
609 1527 757 1582 adhibitum
776 1528 861 1580 video.
898 1525 982 1594 Quod
1007 1546 1070 1579 vero
1093 1525 1227 1579 Gruterus
1249 1526 1286 1579 eit
1311 1525 1385 1577 rerba

339 1616 435 1688 quibus
453 1615 632 1680 abundarent,
648 1616 669 1668 si
690 1617 820 1682 obessent,
839 1615 978 1667 neminem
996 1613 1222 1667 desideraturum:
1240 1613 1269 1665 in
1288 1633 1322 1666 eo
1340 1611 1385 1664 ssl-

339 1703 417 1758 litur:
435 1703 623 1770 desiderarent,
643 1705 690 1776 qni
708 1703 828 1756 numeris
845 1702 1031 1758 Ciceronianis
1047 1721 1126 1755 aures
1144 1701 1298 1755 adsuefecit.
1332 1700 1385 1754 Mr.

344 1820 346 1825 ·
409 1791 543 1860 Expletur
561 1793 691 1863 unquam]
712 1792 815 1845 Vocem
834 1789 1071 1862 unquam-omittit
1088 1788 1155 1843 cod.
1171 1788 1232 1842 Cre.
1245 1793 1271 1862 1.
1291 1800 1318 1842 et
1333 1789 1386 1841 lien

339 1897 401 1932 cum
416 1876 489 1931 Gud.
504 1877 551 1942 C.;
570 1899 689 1950 unquam
706 1880 832 1948 expletur
849 1888 889 1930 est
904 1878 933 1929 in
944 1875 1011 1929 ›C'rn
1025 1880 1050 1932 8·
1069 1877 1149 1931 Drsd.
1163 1881 1187 1930 ².
1205 1881 1231 1931 4.
1250 1881 1277 1930 b.
1296 1877 1385 1930 Duisb.

339 1964 410 2019 Gud.
429 1965 461 2018 B.
489 1965 557 2018 Edd.
576 1967 705 2019 Devenit.
724 1968 804 2019 1515.
822 1963 934 2033 Argen.
955 1967 1040 2018 1515..
1051 1964 1130 2018 fldtb.
1146 1984 1166 2017 s.
1184 1964 1201 2016 l.
1219 1975 1246 2018 et
1263 1984 1287 2017 a.
1307 1964 1385 2016 Poris.

339 2053 418 2106 1511.
435 2053 504 2105 Ven.
523 2055 602 2118 14⁹2.
621 2054 701 2106 1514.
719 2051 810 2105 Parisi·
819 2055 899 2106 15111.
917 2052 1006 2123 Lugd.
1021 2055 1101 2107 1515.
1124 2053 1186 2105 Par.
1202 2055 1284 2106 1545.
1311 2052 1385 2105 Aldd.

340 2149 408 2204 tres,
438 2138 515 2193 Crat.
529 2138 619 2193 llerw.
636 2137 742 2194 Camer.
760 2141 831 2194 Vict.
847 2140 942 2194 bernb.
961 2139 1046 2193 Snffr.
1063 2140 1151 2205 Petri,
1181 2139 1286 2193 Manut.
1312 2143 1386 2194 1555.

340 2224 403 2279 Cer.
421 2237 447 2280 et
460 2227 533 2280 lton.
549 2225 642 2299 steph.
679 2228 729 2281 Ed.
748 2229 809 2282 Par.
827 2250 846 2283 s.
860 2248 885 2282 o.
902 2239 963 2301 post
979 2228 1042 2280 ntis
1060 2227 1182 2280 additum
1199 2224 1281 2279 babet
1296 2224 1387 2278 ovari-

340 2313 409 2365 tine.¹
441 2314 496 2369 Pro
514 2334 563 2367 nec
581 2327 620 2369 est
637 2335 721 2390 neque
740 2316 769 2370 in
787 2315 873 2371 Codd.
892 2315 952 2370 Crn'.
972 2318 999 2368 1.·
1015 2314 1096 2368 Dred.
1114 2319 1157 2380 4.,
1180 2314 1210 2366 in
1229 2312 1289 2367 Cre.
1309 2317 1335 2366 2.
1354 2320 1386 2365 est

341 2420 425 2473 neque
446 2403 515 2453 enim
539 2404 663 2472 expletur
687 2406 891 2474 cupiditas,
918 2405 980 2457 sitis
1004 2421 1051 2454 nee
1076 2404 1212 2467 satiatur,
1236 2402 1265 2453 in
1284 2399 1386 2453 Suerin.

341 2488 494 2558 cupiditas
517 2491 619 2544 entis.
654 2491 757 2546 Laudat
781 2493 815 2547 ad
840 2495 920 2546 rerba
944 2503 972 2546 et
994 2491 1029 2544 nd
1053 2489 1213 2543 sententiam
1231 2489 1315 2560 Borg.
1332 2485 1386 2541 Cic.

341 2578 374 2631 de
391 2577 472 2631 Finn.
489 2577 510 2646 l,
529 2582 578 2634 18:
608 2581 779 2650 Cupiditates
799 2582 870 2634 enim
887 2591 952 2634 sunt
970 2579 1148 2632 insatiabiles.
1183 2575 1248 2629 salt.
1268 2575 1326 2630 Cat.
1345 2578 1386 2629 11:

340 2667 472 2718 Avaritia
492 2696 526 2706 —
545 2667 725 2735 insatiabilis,
750 2687 834 2740 neque
852 2669 930 2738 eopia
947 2684 1031 2740 neque
1049 2667 1141 2734 inopia
1159 2663 1300 2717 minuitur.
1337 2660 1386 2715 Ubi

341 2750 390 2806 vid.
409 2752 536 2826 interprr.
554 2754 583 2807 in
601 2754 651 2808 Ed.
670 2755 854 2827 Harercnmpi.
892 2755 962 2808 Add.
981 2753 1040 2809 Cic.
1056 2753 1090 2806 de
1107 2753 1173 2824 Rep.
1191 2751 1237 2818 Vl,
1258 2756 1275 2805 1
1295 2771 1322 2822 p.
1330 2753 1386 2805 158.

340 2840 382 2894 ed.
399 2853 484 2900 nostr.
529 2847 685 2895 Graves-
705 2844 825 2895 dominae
846 2870 881 2882 -
906 2841 1043 2907 libidines,
1069 2859 1138 2913 quae
1157 2869 1192 2879 -
1210 2858 1260 2891 neo
1284 2838 1387 2908 expleri,

340 2947 387 2982 nec
404 2932 505 2983 satiari
522 2931 579 2982 ullo
596 2930 671 2981 niodo
686 2939 812 2999 possunt.
847 2928 907 2982 ΜΓ.
1018 2973 1020 2977 ,

374 3050 376 3054 -
410 3037 497 3090 neque·
511 3018 597 3069 solnm
615 3018 677 3084 etc]
705 3016 749 3069 ΑΙ.
768 3034 852 3088 neque
870 3033 903 3067 en
922 3017 1022 3080 solnm,
1049 3034 1118 3087 quoe
1136 3013 1244 3066 liabent.
1289 3011 1386 3065 Excru-

340 3105 412 3158 cient
429 3103 540 3167 libidine
558 3102 675 3174 augendi
698 3114 725 3158 et
748 3105 900 3159 exanimant
916 3117 990 3159 metu
1008 3102 1160 3158 amittendi:
1186 3120 1242 3155 non
1261 3111 1323 3154 sunt
1339 3098 1386 3170 igi·

341 3203 385 3246 tur
402 3191 482 3244 bona.
517 3191 613 3245 Face.

413 3279 505 3350 Neque
522 3296 556 3329 en
573 3279 659 3331 solum
678 3299 747 3351 quoe
764 3280 863 3334 liabent
883 3284 929 3349 -]
955 3283 1064 3351 „Neque
1082 3280 1168 3332 solnm
1185 3298 1233 3343 ea,
1252 3297 1322 3351 quoe
1339 3278 1386 3328 lia-

271 3401 274 3411 ·
341 3365 415 3429 bent,
438 3385 489 3419 sex.
527 3369 736 3420 Necensoluen
754 3387 823 3440 quoe
841 3369 955 3432 babent,
980 3371 1051 3422 sex.“
1078 3367 1151 3420 Ald.
1174 3366 1304 3420 Manut.
1340 3363 1385 3432 „ln

341 3451 486 3508 Codicibus
497 3454 555 3508 eliis
565 3456 694 3529 scriptum
709 3468 747 3510 est
760 3477 843 3530 neque
856 3477 889 3509 ea
900 3458 985 3510 solunt
1000 3458 1056 3527 qni
1071 3456 1194 3509 liabentst‘
1212 3455 1234 3508 F
1242 3475 1256 3506 r
1265 3473 1290 3508 c.
1302 3452 1385 3523 sylv.

411 3546 504 3616 Neque
528 3545 614 3598 solnm
638 3565 671 3596 eo
695 3549 753 3618 qui
779 3546 899 3613 bobent‚]
927 3545 1044 3598 Probnm
1068 3543 1210 3597 lectionem
1230 3543 1277 3613 qui
1295 3540 1388 3595 habent

340 3629 425 3683 Codd.
441 3631 506 3684 On.
517 3651 624 3699 omnes,
643 3646 752 3705 excepto
765 3634 806 3696 E..
825 3634 894 3688 Edd.
912 3634 981 3686 Vict.
1000 3633 1070 3687 Rob.
1087 3630 1179 3702 steph.
1199 3628 1278 3683 Grut.
1296 3628 1387 3681 Greet.

339 3716 456 3771 Fncciol.
472 3717 543 3770 Olir.
562 3718 670 3773 Schrev.
688 3721 753 3773 Ern.
771 3740 845 3793 seqq.
872 3733 898 3775 et
921 3742 951 3774 ex
978 3720 1064 3777 Codd.
1090 3718 1189 3773 nostris
1211 3715 1284 3770 Gud.
1304 3717 1337 3770 A.
1359 3714 1387 3769 C.

339 3801 434 3855 Duisb.
471 3803 501 3856 ln
521 3802 593 3857 Gud.
612 3806 645 3857 A.
671 3819 709 3861 est
733 3809 821 3860 solnm
844 3809 1005 3863 lubidine
1027 3829 1061 3861 ea
1079 3810 1126 3881 qui
1143 3835 1193 3873 -‚
1221 3807 1249 3859 in
1269 3805 1341 3859 Gud.
1358 3803 1387 3855 B.

339 3909 407 3961 qno
426 3891 533 3956 babent,
547 3894 578 3946 in
596 3893 677 3948 Drsd.
693 3899 720 3949 1.
738 3915 771 3948 en
789 3918 859 3969 qnae
878 3910 990 3952 tamen
1008 3897 1117 3960 hebent,
1135 3895 1217 3949 Drsd.
1229 3897 1255 3949 3.
1273 3907 1388 3964 eaquae

338 3979 405 4028 lam
422 3977 522 4030 11ᾶῦθηῖ
529 4018 537 4042 2
565 3980 646 4036 Drsd.
664 3987 690 4037 5.
711 4003 744 4035 en
763 4004 864 4056 quum
882 3990 982 4040 babent
1003 3986 1194 4039 libidinem.
1233 3983 1264 4036 ln
1284 3993 1387 4037 antece-
1410 4028 1413 4034 .

339 4066 462 4120 dentibus
479 4066 559 4120 Drsd.
576 4073 602 4123 4.
623 4090 672 4143 pro
691 4073 752 4125 sitis
770 4073 849 4130 habet
867 4077 953 4140 sinuo,
971 4074 1021 4128 Ox.
1033 4073 1064 4126 E.
1081 4091 1174 4136 entius,
1193 4070 1245 4124 Οι.
1259 4088 1291 4132 ψ.
1308 4069 1387 4124 sinist

339 4153 416 4207 Drsd.
434 4159 461 4208 2.
486 4154 585 4208 liabent
607 4161 638 4211 si
661 4160 770 4214 libidine
777 4184 788 4224 ,·
818 4163 869 4217 Ed.
886 4164 947 4217 Per.
964 4184 983 4216 n
1003 4183 1025 4214 a.
1045 4161 1164 4232 angendi
1181 4157 1302 4212 libidine.
1337 4156 1387 4208 Pro

337 4241 445 4294 libidine
469 4255 525 4297 erat
548 4265 564 4298 a
586 4267 627 4318 pr.
646 4268 682 4302 rn.
708 4250 736 4303 in
761 4249 820 4304 Cre.
837 4254 864 4304 1.
888 4251 1035 4313 libidinem,
1063 4248 1137 4320 qnod
1162 4245 1278 4301 correxit
1301 4242 1386 4297 altere.

338 4325 463 4382 Ceterum
481 4330 562 4384 iidem
580 4332 651 4401 libri,
671 4337 717 4408 qui
738 4337 861 4390 exhibent
885 4338 932 4409 qui
952 4355 1002 4408 pro
1021 4355 1097 4407 quoe,
1117 4335 1216 4390 hebent
1236 4334 1318 4386 etiem
1336 4331 1388 4383 lere

338 4417 422 4469 solum
439 4435 486 4485 ea,
504 4437 558 4474 nec
575 4440 638 4475 curn
656 4422 723 4477 Edd.
744 4424 877 4496 plerisque
895 4435 955 4481 vett.
973 4444 1005 4477 ea
1023 4423 1117 4481 solunt.
1162 4423 1217 4479 Pro
1235 4423 1390 4476 crucientur
