3450 5342
367 655 442 728 310
689 675 861 725 rinnon
890 673 1084 723 sroroorru.

439 837 545 906 infinite
564 836 769 906 concupiscenti]
786 835 853 889 cod.
873 833 923 888 Ox.
940 833 971 886 N.
990 832 1132 903 infinitae
1171 833 1424 900 concupiscentiae,

371 925 436 980 On.
454 925 484 978 Ε.
502 921 522 976 l.
539 942 568 986 ψ.
596 922 655 977 Crr.
673 928 699 976 2.
726 922 804 975 Drsd.
823 926 849 975 1.
873 922 981 990 infinite
1006 921 1245 991 concupiscentie.
1278 951 1314 965 ·-
1359 918 1423 986 „Pri

371 1034 422 1069 sec.
434 1012 513 1067 habet
524 1022 552 1064 et
562 1021 661 1064 vestem
679 1022 860 1076 vestrate,
881 1020 927 1063 aut
946 1019 1019 1062 corte
1037 1019 1200 1061 rostrate
1220 1027 1346 1078 concup..
1363 1025 1421 1078 qnae

372 1103 435 1174 quid
452 1101 501 1156 sibi
519 1099 580 1153 velit
598 1098 676 1153 lectio
695 1099 884 1153 examinabunt
904 1096 1090 1150 curiosiores.“
1110 1095 1257 1150 Gruter.
1302 1095 1422 1163 „infinite

371 1191 388 1243 i.
406 1209 429 1244 e.
444 1190 471 1242 in
490 1187 639 1242 infinitum:
658 1206 711 1258 qua
730 1205 794 1241 voce
812 1187 875 1241 alibi
895 1203 1006 1257 quoque
1023 1203 1085 1237 usus
1105 1184 1204 1237 Cicero
1225 1182 1284 1249 est,
1308 1194 1338 1235 ut
1362 1182 1421 1235 libro

374 1277 474 1330 Acadd.
493 1280 519 1330 1.
538 1277 574 1344 [c.
593 1277 631 1343 1.]
676 1278 752 1345 Quae
774 1304 808 1315 —
827 1285 999 1338 moveantur,
1030 1273 1119 1325 onrrria
1136 1270 1299 1323 intervallis
1328 1273 1421 1333 moveri,

373 1381 443 1435 quae
470 1362 616 1416 intervalia
639 1361 723 1414 etiam
749 1362 903 1431 infinite
932 1359 1017 1413 dividi
1044 1359 1170 1430 porcinis
1204 1371 1232 1412 et
1254 1357 1371 1413 Oratore
1392 1358 1418 1410 ad

372 1449 488 1503 Brutum
514 1449 569 1515 [68,
595 1450 686 1516 ²28.]:
713 1468 745 1501 ne
768 1449 921 1521 infinite
947 1448 1077 1519 feratur,
1105 1457 1137 1498 ut
1157 1449 1284 1516 flumen,
1317 1448 1418 1500 oratic.“

373 1534 445 1590 Fre.
464 1534 484 1588 S
491 1535 554 1606 yiv.

444 1624 634 1692 adsumptum
651 1624 697 1675 ille
720 1635 761 1677 est
773 1625 903 1696 fructus]
922 1621 960 1677 Its
980 1622 1084 1677 Gernh.
1104 1641 1169 1677 cum
1189 1621 1263 1676 aliis:
1293 1623 1338 1676 sed
1357 1632 1415 1674 tanta

374 1721 413 1765 est
431 1712 459 1763 in
478 1710 552 1765 libris
570 1723 595 1766 et
612 1712 717 1783 scriptis
732 1722 759 1765 et
777 1713 854 1766 editis
871 1713 996 1778 varietas,
1022 1712 1140 1781 itemque
1170 1712 1200 1763 in
1220 1711 1366 1764 sententiae
1382 1729 1415 1761 er-

374 1797 532 1870 plicntione,
551 1811 581 1852 ut
600 1799 684 1853 visum
703 1800 750 1866 sit,
780 1820 850 1872 quae
868 1799 922 1854 huc
941 1800 1058 1864 iaciunt,
1086 1798 1115 1850 in
1144 1785 1304 1850 Excursurn
1323 1798 1414 1850 reiicere

374 1885 430 1940 ΧΠ.
449 1907 565 1960 eumque
583 1886 717 1941 ultimum.
753 1887 822 1940 Nam
841 1906 910 1958 quae
936 1897 1015 1939 exstat
1032 1885 1153 1939 lectionis
1178 1895 1204 1939 et
1231 1883 1414 1956 interpretatio-

375 1974 416 2026 nis
434 1973 512 2028 huius
529 1974 581 2029 loci
600 1975 743 2041 diversitas,
761 1995 792 2028 ee
810 1975 839 2028 in
858 1974 931 2028 nulls
948 1974 1085 2041 omniurn,
1105 1991 1176 2044 quae
1195 1971 1288 2026 adhuc
1305 1972 1413 2033 exierunt,

375 2059 491 2115 editione
509 2063 623 2134 exposita
643 2075 689 2116 est.
725 2062 783 2118 Mr.
978 2055 990 2137 J

446 2153 490 2201 Ex
514 2170 569 2202 meo
593 2152 670 2202 tenui
696 2151 849 2222 vectigali,]
886 2151 993 2217 „Etiam
1029 2150 1128 2222 privata
1157 2148 1309 2218 vectigalia
1339 2147 1411 2200 sunt⁸‘

376 2235 446 2288 Fre.
465 2235 554 2308 Sylv.
599 2236 645 2291 Sic
664 2237 720 2291 Cic.
746 2236 905 2304 deOtt.11‚
926 2244 976 2293 25:
1009 2237 1162 2310 Vectigalia
1187 2236 1296 2289 urbana
1323 2234 1413 2288 rusticis

377 2335 585 2394 anteponantur.
633 2327 722 2379 Verba
741 2330 785 2378 Ex
805 2345 861 2380 nreo
880 2357 914 2365 -
933 2326 1100 2398 sumptibus,
1128 2324 1290 2379 exciderunt
1312 2323 1338 2376 in
1360 2321 1411 2375 cod.

377 2409 449 2465 Gud.
467 2411 499 2467 A.
536 2411 578 2465 Ad
599 2415 693 2467 vertas
717 2415 847 2467 detractis
871 2415 1024 2485 sumptibus
1041 2414 1215 2483 cupiditatis,
1247 2412 1322 2466 Fre.
1339 2410 1411 2482 syn.

379 2499 457 2554 haec:
476 2499 582 2566 „nullos
600 2501 672 2554 enim
685 2513 807 2574 sumptus
824 2502 904 2568 facio,
924 2503 958 2556 ad
977 2522 1045 2573 quos
1065 2501 1118 2554 uile
1136 2501 1261 2573 impellat
1275 2500 1412 2574 cupiditas.“

377 2587 496 2659 Wytt.:
524 2587 558 2653 „i.
574 2608 597 2642 e.
616 2600 755 2660 sumptus,
773 2591 819 2660 qui
838 2589 906 2643 fiunt
926 2610 975 2661 per
993 2590 1164 2662 cupiditatem
1185 2590 1335 2656 eiusmodi,
1360 2605 1412 2660 quae

379 2686 418 2729 est
434 2677 567 2751 appetitus
582 2676 693 2732 alicuius
711 2677 749 2729 rei
768 2677 867 2732 rationi
884 2697 940 2730 non
960 2679 1182 2732 consentaneus.“
1201 2707 1238 2718 -
1284 2682 1412 2745 „Sumptus

379 2766 538 2834 cupiditatis
556 2766 682 2820 dicuntur
699 2786 750 2837 pro
768 2766 834 2819 Rab.
852 2768 924 2820 Post.
943 2769 990 2822 tt:
1016 2767 1121 2837 Turpes
1138 2766 1280 2837 impensae
1301 2764 1413 2836 cupidin-

379 2864 443 2906 tum.
486 2854 615 2908 Similiter
645 2854 708 2908 dixit
731 2853 812 2907 nunt.
834 2855 904 2926 Lup.
936 2874 962 2925 p.
981 2858 1057 2910 tatu
1088 2864 1229 2924 sumptum
1255 2852 1412 2906 nrnbitionis.u

379 2943 479 3013 Borg.
505 2973 536 2983 -
593 2944 648 2996 Pro
679 2943 809 2995 detractis
842 2943 893 2997 Ox.
918 2965 942 3012 η.
969 2943 1128 3008 extractis,
1161 2942 1213 2998 Ox.
1242 2938 1410 2995 detractatis·

379 3030 442 3084 Mox
462 3029 548 3085 Codd.
567 3029 645 3083 Suer.
664 3027 744 3083 Drsd.
763 3033 788 3083 4.
808 3041 833 3084 et
852 3030 924 3085 Gud.
942 3031 973 3085 B.
992 3031 1185 3084 redundavit.
1206 3058 1242 3068 -
1290 3029 1369 3083 Aldus
1384 3025 1413 3077 di·

380 3118 416 3170 cit
433 3137 494 3170 suos
512 3137 605 3170 omnes
623 3116 744 3171 exhibere
771 3122 815 3170 Ex
839 3139 895 3171 meo
919 3122 1009 3185 tenui,
1036 3118 1099 3171 alius
1123 3128 1214 3185 autern
1245 3138 1302 3172 esse
1321 3136 1353 3169 es
1374 3131 1413 3165 net

380 3217 498 3257 autem
517 3206 605 3258 tenui:
626 3207 698 3277 quod
718 3208 789 3262 unde
807 3207 961 3273 curtaverit,
982 3206 1084 3262 nescio:
1103 3225 1133 3260 er
1152 3201 1414 3261 nostrisiibrisnuiiu

379 3294 466 3348 hebet.
503 3293 563 3349 Mr.

455 3387 522 3436 Uter
538 3385 625 3456 igitur
643 3396 685 3438 est
702 3387 866 3454 divitior]
909 3384 951 3438 De
977 3385 1027 3439 hac
1045 3385 1132 3437 forma
1158 3403 1222 3437 curn
1243 3383 1335 3457 paullo
1352 3400 1414 3451 supe·

380 3473 435 3526 rius
453 3473 485 3525 ad
511 3493 532 3525 r.
556 3473 733 3526 divitissimus
758 3473 958 3540 monuerimus,
984 3472 1050 3527 nihil
1078 3490 1146 3543 opus
1172 3484 1212 3525 est
1237 3472 1336 3526 addere
1360 3465 1415 3521 atiud

381 3562 460 3633 quid,
480 3581 561 3632 quarn
580 3561 632 3633 legi
652 3562 761 3614 divitior
779 3563 807 3616 in
823 3562 889 3619 On.
906 3563 936 3616 E.
955 3560 975 3615 i.
995 3562 1027 3616 N.
1046 3560 1081 3614 U.
1116 3559 1213 3614 Duisb.
1234 3571 1263 3614 et
1279 3559 1346 3612 Edd.
1364 3572 1415 3627 quas

380 3669 460 3720 supra
486 3669 512 3720 p.
532 3653 593 3703 306.
618 3648 790 3704 laudavimus.
839 3651 886 3705 Est
913 3661 1003 3704 antem
1028 3649 1131 3703 inverso
1160 3648 1259 3702 ordine
1284 3648 1362 3701 ditior
1385 3649 1416 3692 est

381 3737 409 3788 in
429 3735 514 3788 codd.
531 3734 610 3788 Drsd.
629 3738 655 3789 1.
673 3739 698 3791 3.
717 3736 775 3793 Cra.
796 3745 820 3792 2.
869 3738 898 3792 In
927 3739 1000 3792 Gud.
1020 3738 1052 3791 Α.
1076 3737 1175 3807 iegitur
1202 3748 1247 3789 ert
1271 3738 1355 3808 igitur
1378 3747 1416 3802 pro

380 3821 535 3892 igiturest.
571 3822 631 3876 Mc.

451 3913 496 3962 cui
514 3911 601 3977 deest,
620 3928 657 3963 an
675 3912 720 3962 cui
738 3912 882 3982 superati]
911 3915 1083 3985 „Utrumque
1104 3913 1215 3965 verbum
1236 3912 1320 3966 iunxit
1336 3906 1417 3960 Cicero

381 3998 403 4050 F
405 4017 489 4070 ragm.
509 4019 558 4071 pro
576 3998 680 4053 Scauro
700 4021 726 4071 p.
745 4003 826 4055 tots.
845 4001 908 4056 Ern.
929 4005 978 4070 [est
995 4004 1023 4055 in
1043 4000 1093 4053 Ed.
1110 4019 1136 4054 a.
1156 4003 1238 4054 titt.
1255 4021 1282 4072 p.
1301 3993 1416 4060 1133;ἰυ

381 4086 429 4142 Ed.
449 4087 584 4157 Fragmm.
601 4089 688 4142 Oratt.
713 4089 817 4156 Beieri,
845 4113 872 4163 p.
891 4094 971 4159 213:]
1000 4095 1102 4144 Domus
1128 4088 1180 4140 tibi
1206 4085 1355 4140 deerat?
1386 4083 1417 4135 At

381 4175 505 4228 habebas.
541 4178 661 4228 Pecunia
679 4178 900 4248 superabat?
936 4181 978 4234 At
996 4177 1117 4251 egebas.“
1142 4175 1242 4248 Borg.
1288 4175 1357 4229 Add.
1374 4170 1417 4223 flo-

382 4276 430 4318 rat.
451 4265 508 4317 Art.
527 4265 602 4318 Post.
622 4268 674 4318 321
693 4285 748 4337 sq.:
779 4267 809 4318 Si
828 4267 859 4318 de
879 4268 1025 4339 quincunce
1043 4274 1147 4317 remota
1171 4275 1225 4328 est,
1237 4265 1340 4328 Uncia,
1366 4253 1418 4332 qnid

381 4352 548 4418 superat?
565 4383 602 4398 -·-
645 4353 701 4408 Cic.
725 4355 758 4408 de
787 4355 866 4409 Finn.
886 4358 919 4422 V,
938 4360 981 4420 15,
1000 4357 1049 4408 42:
1083 4353 1169 4423 deque
1194 4369 1240 4420 eo,
1269 4352 1341 4425 quod
1365 4345 1417 4417 ipsis

381 4450 541 4506 superat,
560 4440 622 4492 aliis
639 4444 795 4511 gratificari
815 4447 917 4500 volunt.
960 4442 991 4497 ln
1019 4441 1103 4494 Codd.
1131 4440 1213 4497 Drsd.
1233 4445 1259 4495 1.
1285 4445 1310 4497 3.
1338 4434 1416 4507 tegitur
