3450 5342
610 681 807 730 esnsnoxon
836 683 880 729 ιν.
907 682 976 729 cue.
1003 682 1038 728 n.
1283 662 1355 737 199
1448 728 1450 732 .

301 841 403 913 Lang.
441 846 576 909 „Deorum
596 854 667 897 recte
688 844 762 896 abest
784 843 817 895 ub
837 852 915 908 octo,
941 843 1106 913 inquorum
1135 846 1354 902 unosdditum.“

302 928 377 982 ΑΜ.
395 931 480 984 Man.
526 933 582 983 Vox
608 933 731 996 deorum,
764 930 860 983 merito
886 930 1028 1000 reprobatu
1058 949 1072 982 a
1101 932 1131 982 C.
1159 930 1261 1003 hangio
1279 946 1306 989 et
1322 933 1353 989 Α.

301 1017 439 1083 Manutio,
458 1020 540 1073 eiecto
560 1030 598 1072 est
615 1038 630 1072 a
652 1017 786 1085 Gentem,
805 1036 896 1089 neque
915 1017 1072 1089 quisquam,
1097 1028 1204 1089 praeter
1218 1018 1353 1083 Olivetum

302 1117 327 1159 et
347 1106 542 1172 Faccioiatum‚
573 1118 632 1178 post
659 1125 721 1158 eum
741 1105 853 1160 redusit.
903 1104 936 1158 Et
965 1106 1038 1159 abest
1062 1125 1077 1159 a
1101 1104 1187 1159 codd.
1214 1104 1354 1179 plerisque.

300 1192 368 1245 Nem
387 1193 565 1256 Oxonienses,
584 1195 629 1265 qui
649 1195 682 1247 nd
698 1195 746 1248 Ed.
766 1194 863 1248 Oliveti
882 1193 970 1248 collati
991 1203 1067 1260 sunt,
1091 1212 1185 1246 omnes
1202 1192 1302 1247 babere
1322 1195 1355 1248 it-

301 1281 347 1334 tud
366 1283 473 1334 deorum
491 1283 528 1334 rix
548 1284 715 1336 crediderim.
752 1283 926 1355 Quamquam
946 1281 1029 1336 estin
1049 1278 1135 1334 codd.
1153 1280 1261 1335 Suerin.
1281 1280 1354 1337 Gud.

300 1369 332 1423 B.
352 1371 428 1424 Drsd.
446 1375 471 1428 1.
491 1375 515 1426 3.
533 1375 559 1424 4.
577 1382 602 1424 et
621 1373 649 1424 in
668 1371 737 1425 Edd.
764 1382 824 1425 vett.
843 1371 983 1437 omnibus,
1010 1380 1116 1440 excepta
1147 1372 1353 1440 prc.1⁴ibb.et‚

298 1457 321 1510 si
339 1458 403 1513 tides
419 1459 570 1525 collationi,
590 1459 639 1511 Ed.
658 1478 701 1531 ap.
720 1458 806 1512 Meus.
853 1459 885 1510 ln
904 1477 989 1528 marg.
1007 1456 1076 1512 Edu.
1102 1457 1211 1509 Lambb.
1229 1469 1254 1510 et
1272 1456 1353 1513 Gortc

299 1546 406 1599 deorum
432 1548 522 1600 abesse
546 1547 676 1599 dicituro
697 1545 783 1601 codd.
804 1557 861 1599 vett
886 1545 1027 1599 omnibus:
1054 1545 1127 1616 quad
1153 1564 1352 1617 quamverum

297 1631 345 1695 sit,
363 1633 483 1686 vidimus.
521 1634 603 1686 Plane
623 1634 660 1686 sic
678 1652 720 1685 res
737 1652 765 1686 se
783 1632 862 1687 babet
877 1632 906 1686 in
918 1652 1003 1704 seqq„
1023 1632 1069 1685 ubi
1089 1644 1149 1704 past
1160 1634 1228 1704 foro
1245 1634 1350 1689 qudd.

297 1731 359 1773 unte
377 1719 457 1774 Grut.
476 1721 531 1772 iere
551 1722 677 1772 omnibus
695 1721 823 1791 (exceptis
841 1720 903 1775 Asc.
922 1724 1003 1775 1511.
1022 1720 1093 1774 Vict.
1111 1720 1180 1775 Rob.
1200 1720 1292 1791 steph.
1302 1721 1352 1776 Ed.

298 1827 356 1876 prc.
376 1806 460 1859 suttr.
477 1807 561 1875 Pete.)
579 1792 686 1860 additur
703 1809 799 1875 etiam,
828 1809 902 1881 quod
920 1811 983 1862 item
1001 1809 1091 1861 abesse
1110 1808 1208 1861 dicitur
1232 1826 1246 1861 a
1266 1807 1351 1863 codd.

297 1894 425 1948 omnibus
443 1895 470 1946 in
491 1914 574 1965 marg.
595 1895 663 1948 Edd.
684 1895 796 1949 Lambb.
814 1908 841 1950 et
859 1895 957 1962 Gustu,
983 1896 1028 1949 sed
1047 1907 1192 1950 esttamen
1216 1898 1245 1950 in
1264 1896 1350 1952 Codd.

297 1982 364 2036 Osx.
383 1982 402 2035 l.
423 1983 456 2034 U.
477 1983 555 2036 Drsd.
574 1987 599 2037 1.
619 1988 644 2038 3.
664 1984 742 2037 Basit.
778 1983 808 2037 ln
828 1984 907 2037 Drsd.
925 1989 952 2041 4.
970 1984 1081 2056 legitur:
1110 1986 1216 2056 quiin
1236 1985 1299 2054 foro
1315 1998 1350 2039 et

298 2081 390 2121 austra
409 2072 533 2139 posuisti.
572 2071 631 2123 Atd.
643 2071 728 2137 Man,
747 2072 792 2143 qui
812 2071 925 2126 habebat
942 2072 1021 2126 codd.
1034 2072 1223 2144 duodeviginti,
1239 2094 1254 2126 a
1271 2085 1365 2146 quat-'

297 2157 445 2210 tuor-decim
457 2158 547 2210 abesse
560 2158 664 2212 dicebat
677 2158 744 2211 iliud
756 2161 847 2225 etiam,
866 2160 895 2213 in
906 2178 962 2213 uno
973 2170 1062 2213 temen
1073 2159 1192 2214 additum
1204 2180 1268 2214 esse.
1286 2160 1316 2213 Μ
1326 2181 1347 2215 r.

370 2249 404 2296 tn
416 2245 483 2316 soro
501 2257 594 2297 castro
611 2246 748 2315 posuisti]
794 2248 831 2313 „i.
850 2266 873 2300 e.
893 2247 953 2301 Non
977 2246 1064 2301 solum
1084 2247 1201 2301 Castoris
1217 2247 1346 2320 templum

297 2333 405 2385 armatis
422 2331 575 2385 hominibus
593 2334 744 2404 occupasti,
762 2334 807 2387 sed
826 2335 905 2388 etiam
924 2336 952 2387 iu
971 2354 1003 2388 eo
1021 2346 1106 2390 castra
1121 2336 1259 2407 posuisti.“
1275 2337 1297 2389 F
1305 2356 1346 2391 rc.

297 2419 385 2491 Sylv.
430 2420 501 2474 Dixit
527 2421 583 2474 Cic.
604 2422 632 2473 in
650 2423 741 2476 Pison.
760 2427 786 2490 5,
806 2427 855 2477 tt:
885 2425 974 2477 Arma
991 2424 1020 2475 in
1044 2423 1141 2493 templo
1166 2425 1301 2490 Castoris,
1318 2427 1348 2487 (o

292 2509 418 2577 proditor
442 2509 599 2578 templorum
624 2512 771 2575 amnium!)
799 2513 906 2564 vidente
930 2521 971 2567 te,
1003 2509 1237 2562 constituebantur
1261 2509 1296 2561 ab
1317 2529 1346 2563 ea

294 2597 417 2651 latrone,
445 2598 489 2647 cui
508 2596 635 2664 tempium
652 2598 724 2649 ittuet
737 2600 815 2669 suit,
847 2600 1015 2664 termule,
1038 2616 1090 2649 arx
1114 2597 1211 2650 ciuium
1226 2597 1358 2666 perdita--

294 2703 374 2747 rum,
393 2684 591 2752 receptaculum
610 2695 729 2736 veterum
748 2686 882 2737 Catilinas
907 2686 1037 2742 miiitum,
1066 2684 1208 2737 castellum
1227 2684 1348 2755 sorensis

294 2772 447 2838 latrocinii,
476 2770 585 2823 bustum
610 2772 698 2842 Iugum
719 2773 834 2824 omnium
857 2782 886 2824 et
904 2773 1071 2844 religionum.
1090 2773 1146 2824 ΜΓ.
1163 2800 1198 2811 -
1234 2774 1268 2821 In
1281 2771 1348 2841 foro

294 2869 389 2911 castra
404 2859 528 2927 posuisti.
564 2858 637 2929 Ergo
656 2859 785 2931 templum
806 2861 981 2931 occupavisti:
1008 2880 1069 2914 nam
1090 2861 1180 2913 forum
1198 2870 1254 2913 erat
1273 2858 1347 2913 iocus

295 2956 428 3017 augurato
453 2947 577 3000 definitus
609 2959 634 3001 et
662 2949 777 3020 publicis
808 2950 900 3003 usibus
925 2950 1078 3002 destinatus.
1134 2948 1195 3002 vid.
1221 2947 1292 3001 Clas.
1317 2948 1346 3000 in

293 3037 450 3105 templum.“
470 3036 547 3090 Ern.
568 3065 599 3076 -
638 3035 719 3091 Addit
745 3037 840 3109 Borgn
874 3036 983 3107 Templa
1007 3035 1125 3107 intellige
1150 3034 1210 3091 loce
1230 3034 1345 3107 publicu.

293 3122 340 3177 sic
359 3124 392 3177 de
410 3125 536 3178 tribunali
556 3124 602 3178 ubi
622 3125 754 3178 habentur
772 3125 930 3180 conciones:
951 3124 984 3177 de
1002 3123 1052 3178 Or.
1062 3122 1095 3191 ll,
1114 3128 1162 3179 tt:
1185 3124 1221 3177 Vi
1234 3122 1345 3193 pulsum

293 3229 327 3263 ex
346 3212 443 3281 templo
462 3217 493 3264 L.
512 3217 619 3264 Cottam
636 3223 664 3264 et
685 3217 716 3264 tt
734 3214 855 3268 Didium.
892 3213 934 3266 De
951 3214 1053 3267 Rostris
1073 3214 1150 3269 Verr.
1162 3211 1209 3278 lli,
1229 3216 1277 3267 96:
1297 3214 1344 3283 qui

294 3300 414 3371 quotidie
432 3301 559 3368 ternplum
577 3309 659 3353 tenet.
695 3299 737 3353 Ad
750 3321 772 3352 v.
783 3302 902 3370 posuisti
919 3301 1055 3355 annotarit
1066 3301 1168 3370 wyn.=
1187 3318 1268 3365 „cum
1287 3320 1344 3353 ser·

293 3388 330 3440 eis
349 3388 459 3441 armatis
477 3386 679 3457 latronibusque
698 3387 775 3440 tuis.“
813 3387 854 3439 nd
874 3408 896 3439 v.
916 3387 1044 3456 tempium
1063 3385 1113 3438 rid.
1129 3385 1209 3438 etiam
1228 3383 1342 3439 Schiituii

291 3477 353 3529 Les.
373 3474 430 3527 cie.
448 3473 473 3527 h.
492 3493 513 3525 v.
549 3473 607 3525 ΜΓ.

365 3561 419 3612 Sed
437 3560 505 3631 quid
520 3579 569 3631 ego
591 3578 741 3612 comumnes
766 3561 837 3632 leges
860 3560 998 3630 prasera‚]
1048 3559 1150 3612 Vocem
1174 3576 1223 3629 ego
1247 3557 1343 3611 omittit

291 3649 361 3704 cod.
379 3646 452 3701 Gud.
472 3646 520 3713 A.;
547 3668 596 3719 pra
615 3666 762 3700 communes
781 3659 819 3702 est
837 3667 925 3701 amnes
942 3649 970 3699 in
989 3646 1055 3701 Oxx.
1073 3665 1099 3714 η.
1117 3663 1141 3699 a.
1158 3662 1187 3708 ψ.
1205 3644 1285 3699 Drsd.
1304 3648 1343 3708 3.;

291 3756 338 3791 ecs
357 3738 428 3809 leges
447 3736 519 3790 deest
536 3738 563 3788 in
584 3735 649 3789 cod.
668 3734 739 3788 Gud.
759 3736 806 3801 A.;
825 3734 905 3788 Drsd.
924 3738 948 3788 1.
968 3734 1046 3788 habet
1064 3751 1212 3786 communes
1230 3733 1341 3785 locos:

291 3825 365 3897 quad
384 3825 496 3878 debetur
521 3824 683 3889 correctori,
702 3823 782 3878 dacto
807 3824 914 3878 scilicet.
960 3823 1031 3876 Turn
1059 3822 1185 3877 scribitur
1205 3822 1343 3892 proferam

291 3917 320 3967 iu
340 3914 407 3967 cod.
429 3912 499 3967 Gud.
518 3914 551 3965 A.
589 3913 635 3966 Est
652 3925 741 3967 sutem
760 3913 870 3983 profero
888 3913 907 3966 i.
925 3933 951 3984 q.
971 3930 1168 3966 commemoro:
1195 3910 1243 3963 rid.
1263 3911 1341 3964 Verr.

292 4004 338 4069 iV,
356 4006 402 4057 52:
422 4001 625 4055 commemorabo
643 4013 670 4052 et
688 4003 717 4053 iu
734 4001 847 4053 medium
861 4001 1017 4072 proseram5
1037 4001 1073 4053 ib.
1089 4001 1122 4065 V,
1140 4002 1173 4052 4:
1191 4014 1341 4049 commemo-

290 4091 357 4144 rabo
381 4102 408 4142 et
431 4092 584 4161 proferam:
615 4109 684 4161 quos
709 4089 783 4144 locas
810 4089 926 4142 laudavit
952 4089 1032 4160 Borg.
1064 4088 1165 4149 Vocem
1192 4106 1219 4138 es
1245 4084 1342 4137 omittit

289 4178 359 4233 Cot.
381 4178 440 4231 Cre.
460 4183 485 4233 1.
504 4197 566 4232 cum
587 4178 665 4232 Drsd.
685 4184 711 4235 2.
749 4180 780 4232 ln
799 4177 880 4233 Drsd.
898 4182 924 4233 b.
942 4177 1068 4232 scribitur
1084 4174 1192 4228 exul’es.

363 4267 603 4319 Fertiliarissimus
623 4268 701 4333 tuus]
738 4265 800 4329 „Sic
817 4265 948 4320 sexdecim
967 4267 1026 4316 mei.
1064 4261 1154 4313 Unus:
1176 4259 1341 4330 sarreilioris-

287 4356 373 4407 simus
391 4355 478 4407 ciuis
497 4354 529 4405 de
547 4364 584 4407 te.
625 4352 737 4407 Addunt
760 4352 804 4406 atii
831 4352 1001 4420 Cornificius,
1029 4349 1135 4401 historin
1160 4366 1255 4418 parum
1280 4347 1341 4400 diii-

286 4452 384 4513 genter
402 4441 529 4513 inspecta.
577 4440 644 4495 Nam
669 4442 702 4495 de
722 4439 809 4494 Clodii
827 4441 930 4495 incestu
961 4436 1123 4491 mentionem
1152 4436 1259 4507 quidem
1278 4436 1342 4493 fucit
