3450 5342
643 684 838 736 esmuoxos
863 687 907 734 n.
934 685 1004 733 mo.
1021 686 1092 733 mu
1308 665 1382 740 311

332 871 375 902 un
393 851 437 902 cui
456 850 550 902 deest?
569 861 625 902 tum
645 849 672 901 iu
692 850 743 902 Ox.
763 849 783 902 l.
804 858 867 898 out
885 848 929 898 eui
947 845 1079 915 superat?
1100 846 1186 899 Verba
1206 849 1254 918 qui
1271 863 1331 922 eget
1350 884 1383 892 -
1425 873 1438 888 ·

333 938 455 990 abundat
475 939 569 990 omisso
588 947 649 989 suut
670 937 697 988 in
718 937 784 988 cod.
804 933 876 987 Gud.
897 933 928 986 Α.
979 935 1034 986 Pro
1053 933 1178 986 abundat
1205 946 1243 988 est
1261 937 1384 992 habun-

334 1025 405 1090 dut‚·
418 1035 448 1077 ut
465 1043 579 1094 semper.
616 1024 670 1075 Pro
690 1024 746 1074 eui
753 1043 792 1075 us
808 1023 941 1092 possessio
960 1032 997 1074 est
1016 1023 1074 1072 oui
1090 1040 1162 1090 poss.
1181 1021 1209 1073 in
1229 1023 1314 1077 codd.
1327 1025 1385 1080 Bos.

334 1111 405 1164 Gud.
424 1110 483 1165 Cre.
501 1116 527 1164 2.
543 1116 568 1166 3.
590 1111 641 1164 Ox·
660 1130 683 1164 o.
701 1110 781 1162 Drsd.
802 1112 826 1161 1.
845 1113 871 1162 4.
889 1113 914 1162 5.
940 1108 1001 1162 Eue.
1022 1108 1090 1179 Eyb.
1111 1120 1136 1161 et
1154 1109 1202 1162 Ed.
1220 1130 1264 1181 up.
1286 1112 1386 1175 Meus.;

334 1201 362 1252 in
382 1218 437 1252 uno
457 1198 535 1252 Aldi:
554 1200 613 1249 oui
631 1218 692 1270 quo
709 1218 779 1267 poss.
798 1208 838 1250 est
859 1198 952 1263 maior,
970 1197 998 1248 in
1020 1216 1074 1249 uuo
1094 1197 1226 1251 eiusdem:
1245 1198 1306 1268 qui
1324 1219 1387 1269 quo

331 1305 404 1355 poss.
422 1296 464 1338 est
482 1287 583 1347 muium
605 1286 633 1339 in
652 1286 733 1340 Drsd.
752 1289 778 1339 4.
797 1305 849 1357 quo
868 1286 952 1336 maior
968 1295 1023 1348 est,
1042 1283 1122 1338 Drsd.
1142 1288 1165 1338 1.
1187 1290 1212 1341 3.
1231 1288 1316 1339 molor
1335 1307 1388 1358 quo

334 1384 384 1426 est.
421 1374 492 1426 Tum
511 1373 605 1427 Duisb.
625 1393 655 1427 eo
673 1375 784 1445 magis
802 1373 925 1444 requirit,
946 1372 990 1424 sed
1009 1372 1149 1443 supralin.
1166 1374 1238 1443 plus.
1274 1373 1345 1428 Gud.
1355 1375 1386 1428 Β.

335 1461 466 1531 requirat.
501 1461 532 1513 M
539 1482 561 1514 r.

407 1551 444 1598 ad
467 1569 495 1602 se
524 1551 680 1616 tuendum]
710 1549 759 1601 Ed.
783 1547 868 1600 suffr.
897 1548 969 1600 Pete.
995 1550 1131 1602 tuendum.
1151 1580 1185 1589 —
1221 1551 1266 1605 sie
1292 1573 1386 1624 supra:

335 1647 445 1689 tantum
460 1666 494 1677 —
509 1648 541 1689 ut
559 1657 589 1689 eo
607 1637 704 1688 tueri
722 1655 768 1688 sex
786 1635 903 1706 legiones
915 1665 948 1675 -
958 1637 1045 1704 possis
1053 1657 1062 1698 ,-
1081 1656 1131 1708 pro
1144 1637 1233 1691 Deiot.
1244 1643 1272 1691 8:
1295 1643 1387 1692 Antea

337 1725 451 1776 maiores
468 1725 560 1792 copias
579 1725 677 1776 olere
693 1733 817 1792 poterut,
833 1741 905 1774 mene
923 1723 1038 1795 exiguos
1057 1725 1104 1776 vix
1123 1726 1219 1776 tueri
1236 1737 1332 1793 potest.
1352 1757 1386 1767 -—

337 1810 428 1881 Pergit
446 1812 504 1863 Cre.
513 1815 538 1863 2.
557 1829 594 1862 un
613 1812 674 1882 qui
691 1812 749 1862 suis
767 1810 870 1862 uiribus
889 1831 924 1863 se
942 1811 1119 1864 sustinet?
1149 1811 1262 1868 Drsd.5.
1279 1813 1386 1869 Gud.B.

336 1917 374 1949 on
393 1899 441 1970 qui
465 1918 492 1952 se
510 1899 567 1951 suis
596 1897 699 1950 uiribus
727 1896 905 1949 sustinet?
956 1897 1035 1950 Drsd.
1054 1901 1079 1951 1.
1099 1902 1124 1953 3.
1149 1918 1186 1951 un
1212 1901 1259 1970 qui
1285 1901 1387 1954 viribus

336 1987 394 2037 suis
411 2004 440 2038 se
457 1997 528 2041 sust.
565 1986 644 2039 Drsd.
659 1992 683 2039 2.
702 2005 739 2038 un
758 2004 873 2057 quaese
894 1987 950 2037 suis
970 1985 1071 2037 viribus
1089 1986 1228 2036 sustinet?
1247 1986 1326 2040 Drsd.
1345 1992 1385 2041 4.:

338 2092 375 2124 un
394 2091 463 2144 quae
481 2093 509 2125 se
527 2074 586 2126 suis
605 2072 707 2126 viribus
726 2071 932 2125 sustinent?
962 2072 1012 2124 Ox.
1032 2090 1061 2134 ψ.
1081 2071 1189 2123 utribus
1207 2091 1256 2144 pro
1275 2073 1386 2128 viribus.

337 2162 443 2213 Habent
461 2162 540 2214 etiam
562 2160 661 2213 viribus
681 2180 708 2212 se
727 2160 810 2214 codd.
832 2161 910 2213 Beru.
930 2159 1034 2216 Boset
1054 2158 1197 2229 ExcAEyh.
1234 2159 1305 2212 Tum
1320 2159 1387 2212 Cod.

337 2248 409 2304 Gud.
432 2251 463 2301 Α.
483 2248 580 2302 omittit
597 2249 665 2320 quid
683 2259 740 2318 post
759 2248 813 2301 sed.
853 2246 913 2301 Me.

411 2337 459 2406 qui
474 2355 575 2388 morum
593 2346 619 2387 et
639 2347 784 2404 temporum
804 2335 870 2387 vitio
889 2334 1073 2405 aliquantum]
1123 2335 1185 2398 „Est
1204 2337 1230 2386 ἓν
1248 2334 1294 2388 (luel
1312 2338 1386 2388 δυοῖν

339 2442 389 2494 pro
409 2423 471 2476 vitio
490 2441 596 2475 morum
615 2421 692 2475 huius
712 2425 849 2493 temporis,
864 2424 880 2475 i.
900 2445 923 2476 e.
944 2422 1005 2492 quia
1019 2441 1107 2474 mores
1124 2421 1202 2475 huius
1218 2425 1309 2477 aetatis
1325 2437 1387 2477 sunt

340 2510 615 2581 corrupti.“Wytt.
650 2511 704 2562 Pro
723 2529 756 2560 ac
775 2523 813 2563 est
831 2521 914 2583 atque
935 2512 962 2562 in
974 2509 1053 2564 Drsd.
1065 2515 1090 2562 2.
1125 2509 1156 2560 ln
1175 2508 1261 2564 codd.
1274 2509 1345 2564 Gud.
1357 2515 1388 2566 Α.

339 2597 390 2650 Ox.
410 2597 442 2649 N.
462 2595 522 2650 Crz.
541 2602 566 2650 2.
587 2596 668 2649 Drsd.
689 2599 714 2650 3.
732 2602 757 2650 5.
786 2610 823 2650 est
843 2597 1088 2670 aliquantulum,
1116 2598 1234 2668 itemque
1261 2599 1288 2650 in
1308 2599 1388 2653 Bern.

339 2683 399 2736 Bas.
419 2682 491 2735 Gud.
529 2685 586 2736 Mo.

407 2769 531 2840 fortusse
548 2771 577 2822 in
594 2771 677 2823 liuius
704 2772 807 2822 soeculi
824 2789 913 2823 errore
932 2773 1031 2838 verser]
1078 2771 1223 2838 „Seculum
1243 2793 1334 2846 saepe,
1362 2785 1390 2828 ut

339 2857 366 2910 h.
385 2855 417 2922 1.,
444 2869 518 2912 notat
536 2858 596 2911 illos
613 2857 750 2925 homines,
777 2861 823 2931 qui
844 2870 934 2912 nostro
954 2870 1075 2930 tempore
1095 2860 1196 2914 vivunt:
1226 2880 1288 2913 num
1314 2880 1390 2914 secus

340 2958 366 2999 et
384 2964 487 3011 secum,
510 2947 564 2998 seci
582 2946 680 3000 dicitur
703 2949 774 3018 opud
801 2961 893 3020 poetas
912 2967 961 3018 pro
980 2965 1076 3012 sexus,
1102 2960 1128 3001 et
1145 2949 1263 2999 seculum
1291 2968 1340 3018 per
1363 2969 1389 3001 se

339 3055 536 3106 nonnunquam
557 3035 654 3088 dicitur
672 3054 730 3086 mos
749 3046 774 3087 et
793 3034 959 3088 consuetudo
984 3033 1123 3087 hominum
1149 3035 1292 3105 praesentis
1318 3047 1390 3088 aeta-

338 3123 398 3175 tis.“
416 3123 521 3192 Wyn.
559 3123 587 3175 ln
608 3121 676 3176 Cod.
695 3121 807 3175 Goon.
827 3121 937 3193 legitur:
956 3122 984 3172 in
1003 3123 1052 3172 ltus
1071 3123 1134 3173 oili
1152 3143 1253 3189 errore,
1274 3123 1301 3175 in
1317 3121 1388 3175 Gud.

339 3208 369 3262 B.
388 3210 417 3261 in
435 3210 518 3261 huius
536 3210 604 3261 soli
616 3211 785 3279 fortusse
810 3228 907 3261 errore.
956 3209 1036 3261 Drsd.
1056 3213 1080 3262 5.
1106 3221 1255 3273 versetur,
1286 3209 1337 3265 Ox.
1357 3210 1388 3262 Ε.

341 3314 457 3356 uersor.
486 3295 545 3347 Me.

412 3383 441 3431 in
460 3382 543 3434 leuius
571 3384 673 3435 soeculi
698 3387 796 3452 errore]
834 3383 948 3437 Confert
975 3382 1007 3435 ud
1035 3383 1199 3437 locutionem
1227 3386 1306 3457 Borg.
1332 3385 1389 3444 Cic.

340 3490 391 3540 pro
410 3470 494 3523 Balbo
513 3475 554 3525 6.;
574 3474 626 3522 Est
645 3473 714 3523 enim
733 3474 799 3524 liaeo
816 3472 920 3524 soeculi
938 3470 1029 3530 labes5
1056 3491 1106 3541 pro
1125 3470 1217 3524 Caelio
1236 3477 1283 3525 20:
1309 3474 1390 3526 huius

339 3558 444 3609 soeculi
462 3558 589 3619 licentio,·
608 3557 676 3611 Phil.
695 3559 741 3627 lV,
760 3565 791 3615 6:
809 3561 892 3612 tutus
907 3558 1010 3612 saeculi
1027 3559 1179 3614 insolentia.
1216 3558 1276 3613 Me.

412 3641 453 3695 M·
474 3645 619 3713 Manilius]
663 3644 767 3718 „Saepe
793 3648 917 3700 Ciceroni
948 3657 1128 3712 memoratur,
1154 3657 1183 3699 ut
1209 3646 1338 3720 eloquens
1365 3660 1390 3702 et

339 3733 472 3804 prudeus:
496 3732 529 3784 de
555 3732 632 3785 Orat.
650 3733 669 3798 1,
688 3739 732 3787 49.
751 3733 796 3799 Ill,
817 3738 859 3788 23.
886 3734 970 3787 Bruto
996 3754 1019 3788 c.
1037 3739 1079 3787 ut.
1113 3745 1139 3788 et
1166 3734 1258 3792 alibi.“
1284 3738 1390 3809 Wytt.

340 3822 382 3887 „is
397 3832 448 3887 est,
469 3823 514 3893 qui
534 3841 596 3874 cum
614 3822 745 3876 Africano
766 3822 885 3889 minore,
904 3821 1010 3887 Laelio,
1030 3821 1116 3888 Philo,
1136 3821 1262 3877 Scaevola
1280 3824 1391 3895 aliisque

339 3909 455 3980 disputat
473 3909 506 3962 de
525 3930 553 3963 re
573 3910 679 3981 publica
700 3911 727 3964 in
747 3911 834 3977 libris,
865 3931 933 3982 quos
952 3911 984 3963 de
1002 3911 1070 3982 Rep.
1090 3909 1186 3963 Cicero
1206 3913 1390 3982 conscripsit.“

337 3999 360 4050 F
370 4017 411 4050 rc.
430 3997 520 4068 Sylv.
569 3998 612 4051 De
639 4019 672 4051 eo
691 4000 748 4052 vide
768 4000 879 4054 collecta
896 4001 986 4053 omnia
1006 3999 1076 4070 apud
1096 3996 1229 4049 Orellium
1249 3997 1389 4049 Onomast.

338 4085 399 4138 Cic.
417 4085 448 4137 lt.
469 4105 494 4155 ρ.
514 4090 575 4140 315.
593 4087 618 4138 b.
636 4085 703 4138 cod.
722 4085 793 4139 Gud.
812 4086 843 4138 B.
871 4087 971 4139 mulius
990 4105 1039 4156 pro
1058 4085 1098 4136 M’
1117 4085 1266 4149 Manilius,
1289 4083 1347 4137 Ceu.
1365 4091 1390 4137 2.

339 4178 380 4225 Mt
392 4174 526 4227 Manlius·
552 4174 658 4228 Habent
676 4176 756 4228 etiam
774 4178 815 4230 M.
834 4186 860 4229 et
879 4169 1177 4227 MurcusCodd.Drsd.
1190 4177 1214 4223 2.
1232 4176 1257 4225 4.
1276 4175 1317 4235 5.;
1337 4172 1390 4225 duo

338 4261 501 4333 posteriores
526 4265 651 4314 memorio
672 4274 747 4332 potr.
773 4273 856 4315 nostr.
901 4261 981 4316 Drsd.
999 4265 1025 4314 2.
1053 4271 1136 4313 nostr.
1160 4271 1233 4328 potr.
1259 4262 1390 4314 memoria.

338 4347 413 4401 Gud.
431 4348 462 4401 B.
481 4350 611 4403 menorius
628 4349 706 4419 (sic),
727 4349 823 4403 omisso
843 4361 1002 4402 nostrorum.
1040 4347 1098 4399 Mr.

412 4439 451 4487 Μ’
469 4438 614 4504 Manilius]
652 4437 812 4504 „Hominem
841 4449 971 4493 memorat
989 4455 1036 4490 suu
1055 4445 1208 4506 tempestate
1227 4445 1337 4501 uotum,
1363 4446 1388 4488 et
