3450 5342
586 654 588 657 ⁵
660 664 856 735 rsutnoxon
885 688 929 734 tv.
956 687 1025 734 cnr.
1051 689 1071 734 t.
1317 667 1389 740 167

341 847 499 902 11151552.
523 866 585 900 cum
603 848 701 901 carolo
719 847 810 918 Stepb.
839 847 904 900 item
923 846 994 901 hanc
1012 847 1160 913 Graecam,
1187 848 1232 899 sed
1251 850 1389 911 Latinam:

340 927 418 1005 qnod
430 955 518 988 omnes
534 937 616 988 stulti
633 936 791 994 insaniant‚·
811 936 880 988 Vict.
899 934 1031 1007 denique,
1051 934 1135 988 Gron.
1156 932 1252 989 Gener.
1272 947 1297 990 et
1315 957 1388 1010 seqq.

340 1025 460 1094 (excepta
478 1023 571 1091 Face.)
589 1035 706 1076 nostram
724 1021 825 1074 babent
843 1020 985 1075 Graecam.
1021 1022 1081 1076 Mr.

414 1115 520 1162 Omnem
537 1110 655 1162 stultam
672 1109 802 1176 insanire]
848 1109 886 1162 lta
906 1109 974 1162 Edd.
992 1129 1100 1176 omnes,
1129 1109 1156 1161 in
1177 1107 1276 1182 quibus
1299 1120 1337 1162 est
1361 1129 1390 1164 ea

340 1199 479 1270 inscriptio
507 1197 624 1264 Graeca,
654 1216 735 1268 qnam
763 1216 813 1250 nos
837 1197 1005 1252 exhibemusi
1030 1198 1149 1270 reliquae
1177 1196 1305 1267 (exceptis
1331 1194 1392 1251 Car.

340 1285 431 1356 Steph.
451 1297 476 1339 et
495 1285 554 1339 Atd.
575 1284 668 1353 1552.)
687 1304 775 1338 omnes
793 1286 896 1338 stultos
913 1287 1045 1351 insanire,
1074 1297 1100 1339 et
1119 1286 1156 1339 sic
1175 1285 1261 1338 eodd.
1285 1284 1391 1338 Suerin.

340 1373 391 1426 Ox.
410 1373 443 1426 U.
463 1377 520 1428 cn.
539 1380 563 1427 2.
582 1377 608 1427 3.
627 1373 707 1426 Drsd.
726 1377 751 1425 1.
771 1379 796 1426 2.
813 1378 839 1427 4.
858 1379 884 1428 5.
903 1375 931 1427 in
951 1374 1021 1427 Gud.
1040 1373 1070 1426 B.
1089 1385 1141 1440 est,
1168 1384 1197 1426 nt
1216 1392 1266 1425 nos
1286 1372 1392 1428 exbibe-

340 1480 407 1527 mus,
426 1462 544 1534 itemque
561 1462 591 1515 in
609 1459 706 1516 Oxul.
724 1461 758 1516 N,
777 1481 802 1530 η.
818 1480 842 1516 n.
860 1479 902 1527 ψ.;
922 1462 991 1517 cod.
1007 1462 1087 1515 Drsd.
1097 1466 1123 1516 3.
1143 1461 1223 1514 habet
1239 1462 1391 1527 homines

338 1550 439 1602 stultos
456 1551 588 1614 insanire,
607 1551 665 1601 Cra.
685 1551 710 1604 1.
736 1567 824 1599 omnes
843 1550 945 1602 stultos
963 1551 1082 1602 insaneri
1106 1550 1372 1600 demonstratur
1378 1569 1389 1610 ,·

338 1634 434 1688 Duisb.
462 1655 550 1687 omnes
569 1637 670 1687 stultos
697 1636 841 1686 insanos
866 1654 959 1697 esse,·
990 1635 1062 1689 Gud.
1081 1635 1114 1688 A.
1147 1637 1249 1688 omnis
1267 1637 1390 1688 stultus

337 1725 476 1784 insanire,·
496 1722 546 1775 Ox.
565 1723 595 1774 E.
618 1723 720 1773 adest
740 1739 828 1772 ornnes
845 1725 955 1776 stultos.
1002 1723 1102 1777 Ortum
1129 1734 1167 1776 est
1186 1723 1237 1776 boc
1263 1724 1342 1774 adest
1361 1741 1390 1774 ex

337 1811 368 1860 id
385 1819 440 1872 est,
473 1808 545 1880 quod
569 1809 738 1880 explicationi
764 1807 860 1861 latinae
893 1811 1066 1881 praemissum
1086 1822 1142 1864 erat
1166 1811 1195 1862 in
1213 1810 1299 1877 libro,
1317 1810 1389 1862 unde

337 1896 486 1964 descriptus
505 1908 543 1950 est
561 1895 606 1948 bic
625 1895 724 1961 Codex,
744 1915 909 1968 quamquam
926 1899 955 1950 in
974 1918 1018 1965 eo,
1038 1899 1113 1951 utin
1133 1897 1275 1969 plerisque,
1294 1898 1388 1952 omissa

337 1992 400 2034 sunt
419 1981 531 2037 Graeca.
569 1982 628 2054 Ego
647 1998 708 2038 cum
729 1983 848 2049 Orellio,
879 1997 908 2039 ut
926 1987 1077 2057 superiores
1094 1984 1164 2039 banc
1191 2004 1299 2058 quoque
1316 1986 1389 2039 Lati·

337 2089 415 2135 nam,
436 2070 540 2123 tincinis
558 2071 662 2124 inclusi.
697 2070 739 2124 Ad
758 2072 916 2125 sententiam
937 2074 971 2127 cf.
990 2073 1082 2127 Horat.
1101 2072 1156 2127 Sat.
1174 2071 1206 2139 ll,
1226 2077 1252 2140 3,
1271 2076 1319 2127 32:
1344 2073 1389 2124 in-

338 2160 413 2210 sanis
431 2170 459 2210 et
477 2169 508 2211 tn
527 2160 661 2231 stultique
677 2178 759 2229 prope
778 2179 884 2222 omnes,·
913 2161 959 2214 ubi
978 2160 1028 2214 rid.
1047 2161 1213 2232 interpretes,
1233 2160 1317 2213 nostri
1335 2159 1389 2212 Pa-

338 2247 429 2300 radoxi
448 2266 502 2299 non
522 2248 626 2301 oblitos.
662 2248 721 2302 Mr.

409 2337 505 2387 Omnes
520 2336 621 2388 stultos
644 2337 773 2405 insanire]
821 2337 974 2404 „Stultitine
1000 2358 1100 2392 nomen
1120 2336 1192 2410 apud
1212 2333 1317 2390 Stoicos
1335 2333 1387 2386 late

337 2422 501 2475 tundebatur
519 2423 552 2475 ad
571 2443 665 2477 omnes
683 2425 766 2477 animi
787 2426 1017 2495 perturbationes,
1047 2418 1147 2498 quique
1169 2426 1200 2478 iis
1225 2424 1387 2483 laborarent,

336 2509 364 2562 in
384 2511 480 2563 morbo
500 2529 554 2563 esse
572 2511 694 2577 aiebant,
724 2514 892 2585 proindeque
922 2533 977 2566 non
996 2533 1083 2567 sanos.
1128 2515 1230 2564 Nomen
1253 2511 1320 2562 enim
1345 2509 1388 2560 in·

335 2600 431 2685 saniqe
451 2598 553 2670 (inquit
571 2597 667 2652 Cicero
687 2599 715 2651 in
733 2601 843 2662 Tuscul.
863 2605 887 2654 3.
912 2620 971 2672 cap.
989 2601 1030 2669 4.)
1056 2600 1196 2678 signifieat
1221 2598 1316 2648 mentis
1341 2612 1388 2646 aa·

334 2685 516 2755 gratationem
533 2695 560 2735 et
579 2686 711 2750 morbum,
735 2688 838 2752 idest,
868 2688 1044 2740 insanitatem
1062 2697 1090 2737 et
1106 2697 1246 2757 aegrotum
1264 2684 1389 2744 animum,

336 2790 421 2841 quarn
438 2771 613 2840 appellarunt
637 2773 780 2826 insaniam.
828 2778 923 2826 Omnes
950 2786 1041 2826 antem
1063 2773 1280 2845 perturbationes
1305 2771 1389 2822 animi

335 2858 439 2910 morbos
465 2859 618 2928 philosophi
646 2861 804 2930 appellant,·
834 2873 988 2934 negantque
1013 2864 1131 2916 stultum
1160 2878 1317 2932 quanquam
1345 2858 1388 2910 tis

335 2946 432 3000 risoriis
450 2951 575 3000 vacare.“
610 2947 633 2999 F
639 2967 707 3002 acc.
806 3004 809 3013 ,

405 3037 465 3104 Ego
483 3054 544 3087 vero
562 3037 600 3102 te]
636 3035 687 3101 „ln
707 3035 831 3090 Clodium
851 3037 992 3093 invehitur.
1035 3038 1223 3110 Propositione
1250 3055 1343 3108 aspera
1363 3046 1388 3088 et

335 3121 481 3176 vehementi
508 3123 636 3194 irrumpit
659 3126 687 3177 in
717 3125 787 3179 banc
813 3147 920 3180 causam
949 3128 1006 3181 sine
1032 3127 1167 3180 exordio.“
1199 3124 1274 3178 Ald.
1299 3124 1385 3176 Man.

335 3209 442 3278 „ctodii
460 3211 580 3280 exemplo
600 3224 714 3266 conatur
726 3216 866 3269 ostendere
884 3216 1005 3269 homines
1034 3215 1173 3287 improbos
1202 3225 1227 3267 et
1246 3212 1386 3266 sceleratos

333 3298 459 3350 insanire.
495 3298 613 3353 Multum
631 3313 720 3354 autem
738 3304 835 3369 relert,
856 3305 974 3358 insaniae
992 3323 1092 3357 nomen
1113 3302 1251 3374 quomodo
1270 3300 1387 3371 accipia-

334 3396 386 3439 tur.
423 3384 540 3438 Stultitia
560 3398 631 3440 ccrte
650 3389 733 3440 animi
751 3392 862 3443 morbus
880 3403 931 3456 est,
959 3404 989 3444 ut
1006 3391 1123 3454 insania,
1153 3388 1197 3441 sed
1222 3386 1313 3456 paullo
1342 3405 1386 3439 re-

333 3472 447 3525 missior.
513 3473 659 3544 Eleganter
692 3475 828 3529 stultitiam
860 3479 932 3549 apud
964 3476 1128 3548 Sophoclem
1163 3474 1289 3527 describit
1323 3475 1386 3526 Aias

333 3564 399 3628 [5511
418 3579 458 3631 sq.
475 3560 523 3612 Ed.
537 3561 655 3630 llerm.]:
948 3566 951 3572 ’

447 3652 473 3700 ir
492 3651 529 3718 τῷ
547 3663 648 3720 φρονεῖν
665 3648 716 3722 peip
735 3655 826 3720 undis,
849 3646 957 3722 ἥδιστος
976 3656 1049 3718 βίος·

448 3734 479 3788 rd
497 3735 534 3806 μή
553 3737 721 3810 φρονεῐνγᾶρ
744 3736 818 3809 nripr’
835 3736 967 3792 ἀνώδυνον
985 3739 1071 3795 κακόν.

333 3827 470 3880 Platonica
489 3826 598 3898 quidem
617 3827 747 3881 definitio:
767 3832 859 3880 Μανία
877 3829 927 3886 iiic
943 3819 1079 3896 φθαρτικῆ
1098 3823 1215 3894 «lindesie
1234 3819 1385 3893 ὑπολήψεως

333 3913 391 3982 [Est
408 3914 437 3966 in
455 3913 546 3967 libello
565 3915 660 3969 incerti
679 3918 796 3970 auctoris
814 3918 848 3971 ad
869 3918 969 3972 calcem
988 3916 1062 3987 Opp.
1081 3913 1149 3966 Plat.
1170 3935 1195 3985 p.
1208 3916 1271 3966 tto.
1290 3910 1381 3984 steph.

332 4019 358 4071 p.
377 4005 439 4054 574.
459 4000 539 4057 Bett.
558 4003 630 4056 Part
648 4004 694 4060 tlt.
711 4006 771 4058 Vol.
787 4006 842 4074 lll.]
870 4009 903 4060 ab
922 4010 977 4060 hoc
994 4003 1132 4058 Paradoso
1161 4021 1216 4054 non
1243 3999 1384 4053 abhorret:

332 4089 379 4140 etsi
397 4107 447 4158 pro
467 4096 546 4151 naria
566 4091 676 4145 sortasse
694 4092 838 4164 legendnm
857 4097 972 4165 μωρία.“
992 4093 1025 4145 ll.
1044 4089 1149 4142 Wolf.
1186 4087 1320 4156 „Elegans
1339 4105 1384 4136 ex·

333 4175 438 4227 ordinm
456 4195 470 4228 e
487 4178 575 4230 subito
594 4193 739 4251 sumptum.
784 4186 843 4254 Ego
866 4202 925 4234 vero
943 4202 988 4233 -ε
1019 4180 1109 4252 prouti
1129 4176 1258 4249 quasdam
1277 4172 1385 4243 Episto-

333 4263 371 4317 las
397 4284 473 4318 orsus
503 4268 569 4318 est.“
600 4268 783 4339 Wyttenb.
826 4270 873 4324 Sic
904 4271 987 4341 Epist.
1018 4269 1050 4320 ad
1076 4267 1178 4318 Famm.
1197 4264 1244 4327 lV,
1265 4265 1293 4314 ti:
1325 4263 1383 4329 Ego

333 4370 394 4404 vero
411 4383 447 4392 -
464 4355 558 4406 vellem
576 4385 611 4393 —
629 4357 775 4423 offnisses,·
795 4358 851 4424 Vll,
871 4361 918 4412 30:
942 4361 1001 4427 Ego
1020 4374 1080 4408 vero
1098 4354 1151 4402 ium
1171 4362 1197 4402 te
1216 4352 1381 4419 nestorion,

333 4457 381 4489 nec
399 4459 471 4512 rogo.
494 4439 567 4494 Mr.
