3450 5342
661 686 857 736 rtuooxou
876 687 924 734 ur.
954 688 1024 734 cur.
1040 688 1060 733 t.
1227 652 1232 658 ⁶
1315 670 1384 746 131
1430 649 1434 653 ’

333 848 395 902 coll.
415 848 477 902 Esc.
495 845 543 900 lll:
568 846 705 918 Sapientia
731 857 756 899 et
781 844 922 915 prudentia
951 846 1077 917 princeps
1103 848 1224 900 omniurn
1251 853 1386 923 virtutum,

333 958 362 1013 p.
381 939 552 1000 trs—stu
585 935 617 988 R.
646 933 808 987 Kiibners
839 934 978 988 Ciceronis
1010 933 1037 986 in
1072 933 1273 1006 Philosophiam
1296 943 1387 997 merite

333 1025 461 1096 (flambg.
479 1027 558 1080 1825.
577 1022 617 1091 8.)
635 1042 661 1094 p.
681 1025 847 1077 229-231.
891 1021 994 1075 Laudat
1019 1022 1052 1075 ad
1079 1023 1157 1076 verba
1180 1023 1311 1077 nerbono
1331 1029 1388 1081 viro

334 1113 465 1165 meliorem
488 1110 618 1164 Graevius
636 1109 755 1165 laecum
775 1108 968 1163 casaubonum
988 1110 1021 1162 ad
1041 1110 1124 1164 Persii
1144 1110 1198 1163 Sat.
1219 1111 1260 1177 V;
1285 1113 1331 1184 qui
1348 1113 1388 1168 lc-

334 1220 382 1255 cus
400 1210 438 1255 cst
455 1199 484 1252 in
502 1197 552 1253 Ed.
571 1197 657 1252 Paris.
677 1200 756 1254 1605.
774 1218 802 1270 p.
821 1201 874 1253 43²
895 1217 935 1269 sq.
972 1197 1031 1250 llllr.

405 1288 531 1358 Sapiente
547 1287 747 1358 sapientiorem]
784 1285 867 1340 Recte
886 1296 978 1339 monet
997 1284 1116 1352 Gurub,
1146 1306 1202 1339 non
1222 1288 1307 1341 virum
1326 1306 1389 1360 per·

334 1377 434 1429 lectum
452 1375 479 1430 b.
494 1374 512 1429 Ι.
528 1374 641 1447 intelligi
660 1393 794 1447 eumque,
812 1374 858 1446 qui
877 1373 975 1427 Parad·
995 1374 1041 1439 Vl,
1058 1373 1185 1446 lingitur,
1203 1375 1249 1428 sed
1268 1377 1389 1448 prudeu-

334 1475 403 1518 tem:
429 1463 575 1536 laudatque
593 1464 652 1519 cic.
677 1463 711 1516 dc
735 1461 795 1516 Oli.
814 1462 874 1527 tt,
893 1464 937 1516 16.
962 1462 1009 1514 ubi
1034 1472 1084 1515 est:
1117 1464 1155 1514 Ut
1181 1463 1249 1515 enim
1275 1466 1388 1538 quisque

333 1552 447 1628 proxime
460 1551 605 1621 perspicit,
624 1551 691 1623 quid
707 1551 737 1601 in
754 1567 783 1600 re
802 1566 912 1621 quaque
930 1549 1098 1602 verissimum
1114 1548 1168 1614 sit,
1196 1552 1293 1624 quique
1319 1572 1386 1607 acu·

332 1638 435 1691 tissime
451 1647 480 1690 et
497 1638 631 1692 celerrime
642 1646 733 1706 potest
751 1645 779 1687 et
798 1636 887 1688 videre
905 1645 933 1686 et
950 1636 1087 1706 explicare
1104 1637 1248 1704 rationem,
1266 1641 1290 1693 is
1307 1661 1387 1712 pru-

332 1725 573 1779 dentissimus
590 1733 619 1775 et
639 1721 940 1791 sapientissimus
958 1723 1011 1774 rite
1029 1723 1124 1776 leoberi
1140 1725 1219 1777 solet.
1252 1725 1310 1779 Me.

407 1813 454 1863 An
474 1811 561 1864 virum
579 1809 675 1862 bouum
693 1809 779 1871 dices,
798 1809 845 1879 qui
864 1808 1013 1878 depositum
1030 1812 1105 1863 nullo
1123 1822 1192 1864 teste
1211 1815 1258 1881 ἡ]
1281 1813 1386 1878 „Semel

332 1901 406 1951 enirn
427 1899 474 1970 qui
493 1907 602 1970 peccet,
626 1897 666 1950 vir
690 1897 779 1951 bonus
805 1915 862 1949 uon
886 1907 940 1960 est,
970 1916 1133 1971 quacunque
1161 1901 1189 1952 in
1217 1919 1247 1953 re
1266 1907 1387 1972 peccet.“

333 1985 408 2038 Atd.
424 1984 511 2038 Man.
554 1983 623 2039 cod.
648 1983 721 2038 Gud.
741 1983 775 2036 Α.
799 1981 897 2036 bonurn
923 1985 1021 2039 uirum.
1068 1987 1204 2041 scribitur
1224 1991 1312 2058 possit
1336 2009 1387 2061 pro

330 2084 420 2144 posset
445 2075 473 2127 in
493 2072 580 2128 codd.
599 2071 680 2138 Oen,
708 2080 819 2142 excepto
837 2069 890 2138 U.,
917 2073 1056 2139 omnibus,
1089 2073 1161 2128 Gud.
1178 2074 1211 2128 Α.
1241 2074 1344 2129 Crul.
1363 2083 1387 2130 1.

333 2161 375 2230 (iu
394 2161 446 2216 boc
462 2163 570 2231 impune
589 2159 772 2233 postponitur)
790 2157 871 2212 Drsd.
889 2162 914 2212 1.
934 2164 959 2214 1.
978 2164 1004 2216 3.
1022 2166 1048 2215 1.
1067 2166 1099 2227 5;
1118 2163 1199 2218 Drsd.
1216 2166 1241 2218 1.
1264 2183 1324 2217 curn
1342 2166 1388 2217 lu-

334 2250 407 2301 crari
424 2249 454 2300 iu
471 2250 559 2300 decem
577 2247 685 2300 utilibus
703 2247 768 2300 auri
781 2247 872 2317 pondo
887 2248 983 2318 possit.
1019 2249 1099 2303 Drsd.
1118 2253 1144 2305 3.
1162 2261 1223 2321 post
1240 2253 1387 2305 reddiderit

334 2336 435 2408 pergit:
452 2354 513 2387 curn
530 2336 670 2388 lucrari
685 2337 716 2388 is
734 2335 760 2388 X
774 2334 883 2386 milibus
895 2335 961 2387 ouri
971 2337 1058 2404 possit
1067 2337 1156 2406 pondo
1170 2338 1300 2391 nunidem
1307 2339 1387 2410 fece—

333 2423 371 2474 rit
377 2442 389 2484 ,·
408 2425 466 2475 Cn.
477 2428 502 2476 2.
513 2423 539 2475 si
548 2423 618 2474 idern
627 2422 732 2474 lucrari
740 2422 770 2474 in
782 2421 877 2486 demur,
892 2421 974 2475 Drsd.
983 2426 1009 2476 1.
1016 2423 1041 2474 si
1050 2423 1118 2475 idem
1130 2425 1141 2475 i
1147 2426 1192 2476 ud
1197 2444 1211 2476 e
1228 2444 1300 2478 esse
1316 2426 1388 2493 mili-

333 2509 384 2561 bus
392 2510 482 2578 pondo
491 2510 555 2561 auri
568 2510 701 2562 nunidem
710 2509 820 2580 fecerit.
839 2507 952 2563 DredA.
964 2511 1046 2562 ouri
1056 2512 1146 2580 pondo
1158 2532 1210 2565 nou
1222 2514 1290 2566 idem
1298 2515 1370 2586 fecit
1376 2533 1386 2574 ,·

333 2597 414 2651 Drsd.
432 2601 459 2652 5.
477 2598 564 2649 decem
582 2596 700 2650 suillibus
716 2595 934 2666 ponderibus
952 2599 1042 2662 ouri,
1062 2600 1155 2652 Crub.
1171 2601 1286 2670 pondo
1307 2602 1388 2651 ouri

332 2685 475 2750 nunidem,
496 2703 557 2738 cum
568 2683 681 2738 (tutu.
711 2682 1143 2738 ln'Gud.A.estmilliburauri
1157 2689 1252 2756 pondo.
1278 2687 1390 2742 Addunt

332 2771 401 2827 illud
413 2772 477 2824 ouri
487 2782 547 2843 post
555 2770 762 2825 millibueetiern
773 2770 839 2824 On.
847 2770 879 2824 E.
887 2771 920 2824 N.
926 2771 961 2825 U.
968 2789 999 2834 ψ.
1007 2770 1093 2826 codd.
1101 2773 1181 2826 Rern.
1191 2786 1218 2828 et
1226 2773 1330 2839 Gueli3
1343 2775 1388 2827 sed

334 2870 395 2931 post
409 2861 499 2929 pondo
512 2860 572 2928 (sut
589 2859 655 2929 που)
673 2858 781 2913 additur
799 2859 827 2912 in
846 2857 916 2914 cod.
934 2859 995 2914 Bas.
1012 2860 1088 2915 Edd.·
1100 2880 1157 2933 prc.
1176 2860 1226 2914 Ed.
1242 2881 1286 2933 ap.
1305 2862 1389 2916 Meus.

334 2950 407 3000 Crat.
424 2947 496 3001 vicu
523 2949 615 3018 Magn.
640 2946 734 3000 bamb.
761 2946 847 3000 Suffr.
874 2948 947 3002 Pctr.
964 2959 991 3003 et
1013 2948 1111 3002 nostris
1134 2960 1193 3002 vett.
1220 2960 1281 3003 ante
1299 2949 1387 3015 Grut,

334 3034 449 3106 exceptis
467 3037 528 3089 Cur.
547 3035 639 3108 Stepb.
660 3035 723 3090 Atd.
740 3039 821 3090 1511.
837 3035 869 3090 Η.
887 3035 976 3090 Wott.
994 3035 1071 3108 Sylb.
1089 3037 1202 3091 Lambb.
1221 3035 1284 3091 Sola
1302 3037 1387 3108 bugd.

333 3123 432 3177 omittit
448 3123 494 3183 in,
511 3134 538 3178 et
557 3123 606 3178 Ed.
625 3123 701 3179 Men.
719 3125 792 3197 opud
810 3123 860 3179 Or.
880 3124 979 3179 omittit
994 3125 1082 3194 pondo
1099 3135 1162 3179 ante
1179 3144 1242 3179 non.
1287 3128 1387 3180 Vocem

333 3213 402 3264 idem
419 3223 481 3266 unte
494 3212 609 3283 fecerit,
629 3230 794 3285 quamquam
806 3212 905 3266 babent
923 3210 1001 3266 multi
1017 3211 1088 3277 libri,
1105 3222 1195 3267 tamen
1209 3231 1271 3267 cunt
1285 3211 1387 3266 Gernb.

333 3310 361 3353 et
379 3297 429 3353 Or.
449 3299 554 3353 uncinis
570 3298 744 3367 inclusimus,
763 3301 882 3371 primurn
902 3301 964 3371 quie
982 3300 1057 3354 abest
1075 3319 1090 3352 a
1107 3299 1201 3353 decem
1216 3298 1301 3351 codd.
1317 3298 1388 3365 Aldi,

333 3387 433 3441 deinde
459 3387 522 3458 quia
550 3386 641 3440 nescio
668 3387 807 3456 quomodo
832 3386 904 3456 apud
930 3385 1091 3438 Ciceronem
1116 3384 1238 3454 displicet
1263 3384 1332 3434 idem
1359 3385 1388 3436 in

333 3475 430 3529 eadem
451 3483 584 3526 structura
602 3472 643 3524 bis
654 3473 789 3542 positum,
808 3483 838 3525 ut
856 3472 947 3542 priore
965 3471 1027 3524 loco
1040 3471 1073 3522 sit
1084 3469 1269 3523 Nominativus
1283 3488 1390 3523 muscu-

333 3563 400 3628 lini,
428 3559 513 3613 altero
532 3558 597 3613 Acc.
616 3558 710 3614 Neutr.
729 3558 811 3613 Recte
829 3559 909 3612 etium
935 3567 1028 3610 monet
1047 3553 1163 3619 Gerub.,
1192 3572 1322 3607 noneste
1341 3574 1389 3608 ne·

334 3649 479 3706 cessarium
499 3646 714 3712 Nominativum,
730 3657 757 3699 et
772 3646 842 3699 idern
861 3656 922 3717 post
939 3645 965 3698 si
982 3640 1151 3698 commodius
1169 3639 1263 3694 referri
1282 3639 1315 3693 sd
1329 3641 1390 3693 red-

334 3739 414 3792 dendi
431 3737 557 3802 verbum,
584 3746 614 3788 ut
637 3735 669 3788 sit
689 3735 870 3788 Accusativus.
919 3731 1022 3786 Reiecit
1048 3731 1192 3803 repetitum
1217 3727 1288 3780 idern
1310 3727 1389 3782 etiam

334 3827 384 3881 Tb.
412 3823 556 3880 Bentleius.
601 3822 654 3878 Ox.
671 3822 703 3877 Ε.
732 3841 783 3894 pro
809 3841 842 3875 eo
871 3820 952 3874 babet
976 3821 1052 3890 ipse‚·
1077 3815 1233 3889 displicebat
1262 3815 1389 3868 nimirum

337 3913 483 3968 correctori
502 3911 644 3983 repetitum
662 3912 745 3975 idem,
765 3921 794 3965 ut
813 3910 901 3964 nobis.
937 3908 996 3962 Mr.

406 4003 454 4054 An
472 4002 560 4053 virum
586 3998 681 4051 bouum
706 3999 823 4066 dices—1
868 3996 1014 4069 „Exempla
1040 3994 1107 4048 baec
1131 3993 1254 4047 videntur
1277 3989 1390 4044 dcviii·

335 4106 426 4154 yroru,
447 4107 498 4142 nec
516 4097 659 4159 propterea
676 4086 798 4159 nequalia
812 4106 868 4140 esse
880 4097 998 4159 peccate,
1017 4084 1038 4137 si
1058 4082 1117 4156 quis
1135 4082 1164 4135 in
1182 4081 1234 4135 alis
1253 4098 1282 4132 rc
1299 4078 1389 4132 officio

337 4177 480 4247 iungetur,
499 4176 527 4228 in
546 4174 597 4229 ulia
616 4176 650 4228 ab
669 4194 702 4228 co
721 4175 839 4229 decedat.
881 4175 997 4240 Peccat,
1025 4172 1071 4245 qui
1090 4172 1148 4224 auri
1177 4166 1268 4240 pondo
1287 4165 1389 4232 decern,

338 4275 429 4333 peccet
450 4275 477 4317 et
503 4263 543 4328 is,
571 4264 618 4334 qui
642 4263 734 4318 decern
759 4263 842 4317 millia
866 4263 1027 4318 intervertit:
1051 4259 1080 4311 in
1106 4273 1193 4326 eoque
1217 4271 1294 4324 pares
1315 4264 1388 4307 suut:

340 4361 450 4422 uterque
469 4351 542 4404 enirn
559 4370 575 4405 s
594 4351 691 4404 iustitia
709 4351 819 4405 recedit.
856 4351 927 4419 Sed,
955 4361 986 4404 ut
1002 4347 1080 4400 initio
1099 4342 1271 4406 dictumest,
1294 4342 1389 4396 sinon

339 4448 441 4492 tanturn
460 4438 566 4493 enimus
585 4438 773 4510 delinquentis,
792 4440 836 4493 sed
854 4440 936 4494 etiem
954 4436 1003 4504 rei,
1021 4434 1050 4488 in
1070 4449 1123 4504 qua
1142 4428 1321 4501 delinquitur,
1341 4448 1391 4484 un·

1057 4518 1106 4595 9.
