3450 5342
352 683 390 727 11.
512 679 749 727 PROLEGOHENA
777 678 818 723 ΑΙ)
847 678 1014 724 ctcuuoa'ts
1042 677 1228 724 rtuauottt.

350 839 537 911 ponendorum
566 837 821 909 probandorumque
847 836 922 906 quasi
948 836 1100 907 specimiui:
1132 837 1177 889 sed
1205 841 1329 908 proxime
1353 848 1416 908 eas,⁴

351 912 489 983 plerasque
509 922 580 964 certe
598 911 629 962 ad
651 927 753 973 reram,
779 926 859 976 quam
886 906 982 961 Cicero
1008 907 1151 978 delegerit,
1178 908 1297 964 sormam
1328 933 1397 968 acce·

349 985 412 1035 dere
431 982 556 1035 existimo.
593 980 670 1048 Quae
689 998 751 1030 sero
770 989 808 1030 est
826 979 948 1045 varietas,
977 998 1006 1030 ea
1028 979 1091 1029 mihi
1116 978 1179 1030 inde
1204 993 1262 1035 orta
1293 984 1396 1049 ridetur,

349 1054 421 1126 quod
449 1065 534 1105 essent
558 1053 605 1104 riri
629 1050 716 1114 docti,
742 1048 787 1119 qui
813 1050 927 1113 scirent,
958 1050 1166 1120 uniuscuiusque
1191 1051 1247 1104 lere
1273 1054 1396 1109 Paradori

348 1127 504 1178 sententiam
526 1120 576 1174 alii
605 1123 638 1173 ab
665 1120 722 1173 aliis
741 1116 826 1171 l'ormai
848 1120 971 1172 exhiberi.
1014 1120 1059 1173 Sic
1078 1140 1157 1191 supra
1178 1121 1204 1173 in
1227 1130 1396 1181 annotatione

348 1196 476 1250 l'aradori
488 1194 556 1247 tertii
574 1193 730 1245 sententiam
746 1191 823 1261 plane
832 1191 891 1243 aliis
902 1192 971 1243 rides
981 1209 1036 1244 esse
1052 1196 1195 1262 expositam
1205 1196 1302 1263 verbis,
1342 1219 1394 1252 uam

348 1269 446 1339 quibus
465 1277 502 1318 est
521 1264 624 1334 prodita
643 1264 670 1316 iu
692 1262 781 1314 libello
801 1274 901 1314 nostro.
938 1262 1082 1328 Similiter,
1106 1265 1178 1333 quod
1201 1277 1239 1318 est
1263 1220 1338 1336 apud
1356 1271 1394 1321 Ci-

348 1356 474 1392 ceronem
499 1337 625 1400 tertium,
652 1335 785 1405 reperitur
809 1333 912 1385 Graece
937 1334 1038 1385 dictum
1065 1334 1136 1403 apud
1164 1334 1342 1392 Plutarchum
1368 1342 1395 1391 de

347 1409 502 1462 Stoicorum
523 1405 646 1477 llepugn.
664 1403 729 1475 μήτε
748 1401 843 1474 α’ρετὴν
862 1401 955 1469 druria
975 1400 1146 1474 ὑπνρέχουσαν
1165 1400 1238 1471 εἶναι,
1256 1407 1324 1475 arira
1338 1432 1393 1462 ναν.

348 1479 464 1547 ὄρθωσιν
493 1477 697 1546 κατορθώσεως,
723 1475 785 1527 alibi
810 1478 893 1543 μηδὲν
921 1473 1025 1540 α’γαθδν
1048 1474 1157 1545 μηδονδς
1181 1474 1290 1539 dynam
1317 1482 1394 1558 μνῑζορ

348 1546 536 1618 dilueres).
577 1549 693 1599 Secundi
719 1548 804 1598 forma
836 1545 886 1598 alia
913 1557 964 1598 est:
997 1543 1044 1597 cir
1068 1543 1145 1607 οοφόν
1176 1544 1297 1619 αὐτάρκη
1323 1547 1392 1603 εἶναι

347 1622 434 1673 sesti:
461 1615 570 1680 ὅσοφδς
590 1616 620 1669 orl
637 1614 757 1674 πλούσιος
777 1612 844 1666 «illd
862 1613 1045 1681 αάμπλοστος,
1076 1630 1102 1671 et
1126 1623 1178 1668 τῶν
1201 1627 1288 1679 οοαων
1314 1623 1391 1674 πάντα

347 1687 423 1744 airus:
443 1692 547 1763 quinti:
566 1687 642 1752 μα’-νον
654 1686 731 1750 capris
740 1688 883 1756 ἐλεύθερον,
902 1686 964 1745 roric
981 1684 1267 1763 d‘laar'vloucdodlonc:
1287 1695 1389 1763 quarti:

347 1765 447 1820 πάντας
466 1758 529 1819 'roric
547 1758 660 1831 ὅφρονας
677 1765 833 1823 μαίνεσθαι,
859 1755 892 1809 oti
907 1758 957 1827 γαρ
980 1766 1118 1826 φρονίμους
1137 1765 1215 1824 εἶναι,
1241 1757 1311 1813 ἄλλα
1330 1758 1391 1814 ααται

346 1832 395 1905 την
414 1838 471 1902 ἴσην
489 1836 525 1902 τῇ
543 1829 675 1898 αἠροσιῖνη
694 1838 788 1892 μανίαν
807 1826 894 1880 πάντα
913 1826 1050 1898 πράττων,
1077 1841 1106 1884 ut
1134 1841 1171 1882 est
1197 1833 1270 1901 apud
1295 1834 1392 1905 Dioge·

347 1926 408 1959 rtem
428 1906 560 1956 Ladrtium
583 1904 640 1968 Vll,
659 1907 720 1955 124.
740 1922 766 1972 p.
784 1905 845 1953 444.
864 1900 992 1952 llleibom.
1016 1902 1112 1970 primi:
1141 1895 1218 1951 ναλόν
1244 1900 1276 1953 ri
1303 1909 1391 1957 viduor

346 1973 463 2040 α’γαθόν,
493 1974 556 2025 ibid.
573 1973 663 2042 Segm.
682 1976 742 2023 tur.
771 1991 796 2041 p.
815 1975 877 2024 426.
922 1969 1022 2038 Quales
1045 1972 1065 2024 si
1093 1970 1159 2024 aliae
1187 1974 1268 2025 etiarn
1298 1975 1391 2029 multae

347 2056 423 2097 erant
440 2045 584 2106 varietates,
605 2043 659 2094 noli
679 2043 785 2104 mirari,
805 2042 825 2092 si
845 2061 859 2091 a
881 2041 940 2093 viris
959 2042 1062 2095 Graece
1081 2041 1165 2095 doctis
1183 2043 1216 2094 ad
1237 2048 1390 2116 marginem,

347 2115 421 2186 quasi
440 2113 586 2182 explicandi
613 2132 705 2176 causa,
731 2112 848 2163 adiectae
875 2123 937 2164 sunt
964 2113 1164 2165 Paradororum
1195 2115 1300 2168 formae
1325 2120 1390 2188 apud

345 2188 411 2239 alios
422 2185 523 2248 obriae,
541 2185 662 2255 adeoque
681 2201 876 2253 nonnunquam
896 2184 1008 2236 interae
1028 2196 1191 2254 permutatae
1204 2196 1230 2238 et
1242 2190 1389 2257 permixtae.

416 2255 469 2306 Sed
487 2255 538 2306 iam
558 2254 639 2306 sruem
660 2254 829 2324 imponamus
847 2253 910 2306 huic
931 2256 1085 2324 prooemio,
1105 2274 1138 2307 ne
1157 2256 1254 2308 atrium
1275 2269 1301 2312 et
1319 2262 1390 2313 resti·

346 2327 438 2378 bulum
458 2326 553 2378 domus
571 2327 656 2378 maius
672 2327 750 2378 etiam
770 2344 850 2395 quarn
871 2325 966 2377 domus
984 2327 1038 2397 ipsa
1058 2346 1112 2378 esse
1130 2327 1309 2396 rideatur**).

418 2500 442 2564 ‘)
460 2498 535 2562 Sive,
564 2509 593 2550 ut
622 2507 660 2550 cst
684 2497 755 2569 apud
783 2497 862 2568 Diog.
888 2498 974 2550 La'ert.
995 2498 1052 2551 Vll.
1081 2497 1171 2568 Segm.
1198 2502 1261 2552 tot.
1289 2519 1315 2569 p.
1331 2505 1388 2554 427.

345 2569 426 2622 hleib.
446 2567 531 2622 πάντα
550 2565 584 2620 τοὶ
601 2565 693 2634 α’γαθᾶ
712 2572 755 2621 ἶσα
780 2561 858 2629 εἶναι,
890 2574 933 2619 καὶ
959 2572 1008 2620 πᾶν
1032 2566 1135 2634 dyadis
1161 2565 1200 2620 ἐπ’
1223 2567 1304 2639 ἄκρον
1328 2566 1388 2622 εἶναι

344 2639 461 2709 αἷριτδν,
480 2646 524 2691 καὶ
541 2637 606 2708 μήτε
626 2640 710 2692 ν’ἱνεσνν
727 2636 793 2710 μήτε
811 2644 929 2692 ἐπίτασιν
948 2643 1080 2706 δέχεσθαι.
1117 2639 1150 2692 Et
1169 2640 1204 2692 ib.
1223 2639 1315 2712 Segm.
1325 2646 1388 2696 12⁰:

344 2709 444 2781 cipionis
462 2710 552 2771 αὐτοῖς
570 2716 614 2763 ἴσα
633 2707 755 2781 ἡγεῖσθαι
780 2709 815 2762 ια’
835 2707 1028 2780 α’μαρτήματα,
1054 2711 1127 2761 καθά
1153 2730 1216 2781 φησι
1237 2710 1388 2781 Χρύσιππος

343 2789 369 2834 ἓν
386 2789 425 2853 τῷ
443 2785 557 2854 τετάρτω
576 2790 628 2834 τῶν
646 2781 745 2851 ἠθικῶν
765 2780 934 2851 ζητημάτων,
961 2787 1005 2833 καὶ
1023 2784 1167 2850 Πιρσαῖος,
1193 2787 1237 2832 καὶ
1255 2783 1352 2852 Ζήνων.
1370 2788 1389 2835 ri

342 2852 393 2923 γαρ
412 2853 511 2925 α’ληθὲς
529 2855 647 2922 α’ληθοῦς
671 2857 770 2915 μᾶλλον
788 2851 833 2904 οὐκ
852 2855 934 2916 ἔστιν,
963 2850 1023 2904 addi
1042 2855 1138 2916 ψεῦδος
1154 2853 1290 2916 ψεύδους.
1309 2852 1387 2913 oileus

343 2922 403 2976 odat
422 2923 511 2992 dndrq
530 2922 647 2991 α’ῑιάτης,
667 2922 726 2974 oddl
746 2921 888 2993 ἁμάρτημα
907 2920 1104 2994 ἁμαρτήματος.

402 2997 444 3060 ⁸¹⁸)
462 2994 595 3048 Absolutis
614 2995 665 3046 iam
684 2995 724 3046 his
742 2994 957 3065 Prolegomeuis,
976 3014 1059 3066 quunr
1078 2994 1176 3047 iamin
1196 3014 1229 3048 eo
1248 3013 1341 3065 essem,
1361 3007 1387 3050 ut

342 3084 372 3117 ea
394 3063 503 3117 librario
520 3065 667 3129 traderem,
688 3065 798 3134 contigit
818 3065 880 3117 mihi
898 3065 986 3134 legere
1006 3065 1025 3118 l.
1044 3066 1074 3118 F.
1093 3064 1323 3134 Schroederi,
1344 3068 1387 3139 qui

342 3135 498 3206 nuperrime
515 3134 676 3188 Germanice
696 3136 825 3189 convertit
843 3135 962 3188 libellum
982 3148 1102 3189 nostrum
1121 3137 1185 3207 (rid.
1204 3139 1307 3209 Appar.
1325 3136 1387 3192 cria

342 3206 429 3275 estc),
449 3208 633 3277 prooemium,
661 3227 690 3258 ex
709 3227 763 3277 quo
783 3206 848 3261 lraec
869 3207 1122 3279 pauculaexcerpsi.
1167 3206 1198 3260 ln
1222 3209 1387 3281 plerisquea

340 3288 430 3331 nostra
448 3279 577 3330 sententia
598 3297 652 3329 nou
672 3277 811 3348 discrepat.
856 3278 1009 3344 Paradora,
1035 3299 1067 3331 eo
1093 3298 1186 3344 sensu,
1219 3291 1249 3334 ut
1273 3299 1289 3333 a
1314 3301 1388 3337 com·

341 3349 415 3401 muni
433 3350 561 3403 sententia
582 3350 660 3421 plane
679 3349 854 3416 abhorreant,
874 3351 983 3421 proprio
1001 3350 1053 3402 dici
1075 3370 1130 3402 non
1156 3369 1233 3420 posse
1258 3350 1326 3405 haec
1343 3350 1387 3405 Ci-

341 3421 494 3487 ceroniana,
514 3422 562 3480 ait,
579 3421 692 3492 exceptis
710 3433 805 3492 quarto
824 3431 850 3474 et
868 3422 971 3493 quinto.
1012 3421 1089 3488 [Mihi
1108 3422 1216 3492 quidem
1236 3422 1317 3476 etiam
1335 3433 1387 3476 ter·

341 3492 407 3545 tium
435 3492 564 3546 eiusmodi
601 3494 721 3561 ridetur]
781 3493 823 3545 De
854 3504 939 3546 aetate
968 3491 1126 3545 Gernhardo
1161 3493 1267 3563 potius,
1308 3514 1387 3569 quarn

340 3563 472 3631 Schiitaio,
491 3566 610 3618 assentit:
629 3575 702 3618 certo
720 3563 828 3636 quidem
848 3564 1023 3616 demonstrari
1034 3583 1134 3615 annum
1154 3584 1209 3616 non
1228 3582 1315 3644 posse,
1334 3585 1388 3639 quo

340 3634 392 3687 sint
410 3637 509 3706 scripta
529 3636 679 3698 Paradoxa3
700 3635 811 3686 maxime
830 3654 885 3687 esse
905 3636 956 3685 reri
975 3635 1074 3694 simile,
1093 3654 1123 3687 ea
1142 3635 1201 3705 (sed
1220 3636 1315 3704 simul)
1334 3657 1388 3691 esse

339 3705 435 3773 scripta
455 3725 478 3757 a.
497 3705 532 3756 U.
552 3725 574 3757 c.
592 3710 660 3771 101,
689 3703 827 3756 Ciceronis
853 3705 1013 3774 sexagesimo
1033 3706 1135 3777 primo:
1167 3706 1278 3759 minime
1298 3720 1387 3761 autern

339 3773 363 3824 ei
383 3773 469 3843 placet
486 3775 600 3827 scherzii
619 3773 732 3845 suspicio
750 3775 782 3827 de
803 3775 895 3827 decem
914 3794 1047 3828 annorum
1066 3778 1136 3830 inter
1153 3776 1329 3831 scribendum
1345 3778 1388 3833 irr-

340 3844 456 3897 terrallo.
493 3845 650 3897 Ratiouibus
669 3847 701 3897 ab
721 3845 777 3898 aliis
796 3846 880 3899 allatis
898 3844 967 3899 hanc
986 3847 1073 3901 addit:
1091 3846 1140 3915 „Si
1156 3847 1263 3901 dirersis
1281 3856 1389 3921 ternpo-

338 3914 427 3980 ribus,
463 3935 512 3968 nec
540 3936 600 3969 reru
630 3936 684 3969 uno
708 3917 856 3989 eodemque
881 3937 968 3984 anno,
995 3937 1046 3971 nec
1072 3920 1164 3989 paucis
1192 3918 1261 3972 adeo
1285 3920 1391 3987 diebus,

336 3986 481 4056 scripsisset
498 3987 569 4040 hunc
586 3988 705 4041 libellum
725 3987 835 4054 Cicero,
860 3989 918 4042 sine
936 3988 1018 4043 dubio
1036 3988 1123 4059 ipsum
1142 3990 1169 4042 id
1193 3990 1221 4043 in
1240 3990 1390 4047 Prooemio

337 4057 471 4111 dicturum
491 4059 584 4111 luisse:
603 4060 678 4113 cuius
698 4080 771 4114 nuuc
788 4061 943 4115 diversitatis
958 4059 997 4112 rel
1015 4060 1144 4113 intervalli
1156 4063 1286 4131 temporis
1303 4065 1391 4137 signi·

337 4128 456 4183 licarerit
474 4130 572 4183 ibidem
592 4132 756 4184 contrarium
776 4132 874 4185 verbis:
903 4133 964 4198 „Iris
977 4132 1032 4180 ιάννν
1051 4132 1274 4184 contractioribus
1299 4140 1390 4189 nocti.

337 4198 386 4251 bus
403 4202 600 4255 lucubraturn.“
643 4203 762 4257 Discedit
787 4205 864 4256 etiarn
889 4199 1071 4254 Schroederus
1098 4203 1131 4255 ab
1158 4223 1252 4256 eorum
1277 4204 1392 4273 iudicio,

337 4270 383 4338 qui
402 4275 530 4326 traciarum
551 4275 705 4345 vigiliarum
732 4295 798 4344 υραο
825 4292 882 4326 non
906 4273 1037 4334 Brutum,
1067 4274 1111 4324 sed
1139 4273 1308 4330 Tusculanas
1333 4298 1392 4334 esse

338 4339 492 4413 votuerunt,
511 4346 620 4413 iisdem,
640 4347 736 4418 quibus
756 4364 817 4409 nos,
840 4342 989 4395 rationibus
1010 4351 1105 4396 motus.

698 4470 1023 4495 -·—---—-—---
