3450 5342
639 686 837 732 mnsuoxuu
862 687 907 733 vr.
939 685 1008 733 cir.
1032 686 1067 731 n.
1310 661 1385 735 299

331 863 445 916 qnorum
463 862 576 896 vocem
593 844 717 916 requir05
736 845 809 898 addit
829 846 857 897 in
876 845 967 899 Pison.
988 846 1037 898 13:
1068 846 1187 913 Quorum
1206 859 1280 896 mens
1294 846 1385 914 suerit

332 950 459 1001 oppressa
475 932 608 1000 praemio,
627 932 752 1004 lingua
771 933 907 985 adstricta
926 930 1063 984 mercede?
1099 930 1159 982 Mr.

404 1040 463 1110 quis
482 1040 553 1091 hune
571 1058 623 1091 non
638 1047 719 1107 putet
738 1038 862 1106 confiteri
872 1039 932 1106 ete]
954 1037 995 1090 Ad
1014 1037 1087 1090 hunc
1105 1036 1195 1089 locum
1217 1034 1283 1100 vide,
1303 1053 1382 1104 quem

332 1125 423 1194 paullo
443 1127 564 1198 superius
582 1146 631 1179 nos
654 1126 801 1196 scripturos
820 1145 874 1178 esse
902 1127 1014 1179 diximus
1032 1127 1179 1179 Excursum
1198 1134 1320 1177 nostrum
1341 1122 1385 1173 ΧΙ.

332 1212 409 1276 „Sibi
427 1214 550 1285 quaesito
569 1234 636 1283 opus
654 1233 725 1271 esse,
747 1225 776 1268 ut
797 1215 873 1268 initio
893 1213 972 1267 huius
992 1214 1097 1285 capitis,
1123 1212 1196 1265 idem
1214 1210 1294 1276 valet,
1316 1210 1387 1282 quod

333 1319 402 1370 opus
421 1321 488 1368 esse,
515 1313 544 1356 ut
564 1301 663 1374 aliquid
688 1303 824 1374 acquirat,
851 1323 878 1356 se
898 1302 1019 1355 nondum
1038 1300 1136 1355 babere
1154 1300 1230 1368 satis,
1257 1319 1312 1353 non
1332 1319 1385 1352 esse

333 1386 469 1441 divitemt‘
504 1392 609 1463 Wytu

405 1497 448 1546 cni
465 1507 556 1548 autern
590 1498 712 1568 quaesito
734 1518 800 1567 opus
819 1498 868 1565 sit]
915 1495 1006 1549 Edidit
1030 1494 1079 1548 Or.
1104 1516 1132 1550 ex
1160 1496 1209 1550 Ed.
1229 1516 1285 1568 ap..
1302 1497 1384 1548 Meus.

333 1579 400 1634 Edd.
418 1602 475 1653 pre.
497 1583 564 1638 Vict.
582 1583 676 1639 Lamb.
700 1583 786 1640 Suffr.
811 1585 885 1638 Petr.
910 1584 955 1636 cui
984 1585 1150 1655 quaesito
1180 1573 1306 1635 autern*
1322 1603 1388 1652 opus

333 1669 379 1720 sit.
417 1668 470 1721 Sed
490 1688 654 1741 quamquam
674 1672 697 1745 ‘i
716 1673 862 1725 assentiunt
881 1692 909 1724 ex
929 1671 1025 1725 nostris
1045 1670 1112 1724 Edd.
1130 1669 1210 1723 Hdlb.
1228 1671 1290 1724 Par.
1308 1675 1388 1724 1501.
1413 1725 1414 1728 ,

334 1760 414 1809 1512.
433 1756 518 1827 Lugd.
539 1757 603 1830 Arg.
620 1759 681 1812 Asc.
700 1763 778 1813 1511.
793 1760 882 1814 Herw.
900 1757 975 1812 Cam.
994 1759 1062 1812 Rob.
1080 1758 1172 1831 steph.
1187 1756 1294 1825 Colon,
1312 1758 1386 1812 nolui

334 1855 424 1897 tamen
443 1843 522 1896 istum
541 1846 664 1899 ordinem
684 1846 820 1901 insuavem
849 1848 984 1920 recipere,
1016 1859 1109 1901 contre
1130 1867 1210 1919 quem
1237 1858 1285 1900 stat
1305 1846 1388 1900 codi-

334 1951 398 1986 cum
416 1943 520 1985 tantum
539 1953 595 1986 non
615 1936 735 1988 omnium
755 1937 913 2004 auctoritas,
933 1937 1152 2010 reliquarumque
1171 1934 1318 1988 editionum
1332 1935 1387 1987 iere

335 2019 466 2073 omnium.
503 2019 550 2075 Est
569 2022 684 2076 enimin
704 2024 760 2078 solo
779 2024 873 2078 Duisb.
892 2024 937 2076 cui
955 2025 1078 2097 quaesito
1097 2035 1177 2076 ante
1198 2025 1266 2094 (non
1284 2029 1388 2088 autem)

335 2125 402 2175 opus
420 2109 471 2172 sit,
491 2118 517 2161 et
534 2108 561 2161 in
580 2110 642 2163 sotis
660 2111 728 2165 Edd.
748 2115 837 2167 Venn.
858 2117 937 2168 1492.
958 2124 983 2167 et
1001 2115 1080 2167 1514.
1106 2113 1150 2164 cui
1175 2113 1297 2183 quaesitu
1322 2133 1389 2182 opus·

336 2195 499 2272 sit,0misso
518 2208 617 2252 autem.
655 2198 713 2251 Mr.

408 2323 468 2393 quis
486 2341 605 2393 unquam
623 2324 694 2374 hune
712 2341 771 2375 vere
791 2322 890 2375 dixerit
910 2321 1050 2390 diuitemi]
1089 2323 1145 2375 Vox
1171 2340 1290 2394 unquam
1320 2320 1391 2373 deest

337 2410 364 2461 in
384 2410 469 2462 Codd.
494 2409 570 2463 Suer.
595 2420 621 2463 et
643 2412 701 2462 Cri.
721 2413 747 2464 3.
796 2408 826 2463 1n
852 2413 910 2464 Cri.
930 2415 954 2462 2.
980 2420 1037 2463 erat
1066 2411 1126 2481 quis
1153 2409 1243 2483 hunc
1268 2428 1387 2480 unquam

337 2499 422 2562 hunc,
440 2497 485 2548 sed
505 2496 579 2567 prius
597 2498 668 2549 dunc
687 2517 790 2551 erasum
813 2510 865 2563 est;
891 2499 921 2550 in
941 2497 1000 2551 Cre.
1021 2502 1046 2551 1.
1064 2507 1103 2550 est
1127 2497 1186 2568 quis
1205 2495 1294 2547 dunc
1312 2515 1388 2566 unq.

337 2603 397 2635 vere
417 2584 509 2634 dixit
528 2585 582 2636 ctiv.
619 2584 664 2638 Est
681 2587 760 2639 etiam
780 2587 849 2637 dixit
875 2587 903 2638 in
923 2585 990 2638 cod.
1006 2584 1086 2639 Drsd.
1107 2588 1148 2649 1.;
1173 2584 1201 2636 in
1218 2582 1311 2636 Duisb.
1330 2603 1389 2635 vere

338 2671 448 2723 ‹iivitem
466 2671 565 2724 dixerit
571 2692 581 2733 ,·
599 2673 628 2725 in
642 2672 767 2728 Drsd.5.:
787 2676 848 2746 quis
866 2676 938 2727 hune
957 2693 1016 2727 vere
1028 2674 1142 2749 'divitem
1161 2672 1272 2737 dicet,
1292 2672 1388 2724 omisso

337 2760 401 2812 item
427 2778 563 2830 unquam
595 2760 711 2832 denique
736 2763 763 2815 in
794 2762 853 2816 Bas.
880 2765 939 2835 quis
968 2783 1031 2834 unq.
1059 2761 1131 2812 hune
1158 2759 1257 2810 dixerit
1282 2759 1390 2809 divitem

339 2846 422 2900 vere?
457 2847 517 2900 Mr.

410 2953 518 3003 Etenim
537 2953 695 3005 divitiarum
710 2954 827 3023 fruetus
845 2955 874 3005 in
893 2957 969 3023 copia
989 2956 1064 3022 est:]
1077 2953 1140 3017 „sic
1158 2953 1212 3005 duo
1231 2951 1312 3005 MSS.
1333 2970 1389 3003 me·
1464 2992 1467 2997 .

338 3038 432 3104 liores,
450 3038 613 3092 Pithoeanus
631 3051 657 3094 et
675 3039 750 3093 eiius.
796 3041 866 3093 Edd.
885 3045 938 3094 Est
956 3046 1025 3093 enim
1050 3042 1208 3092 divitiarum
1227 3040 1344 3111 fructus
1364 3042 1392 3090 in

338 3127 443 3195 eopio.“
460 3125 581 3180 Graev.
618 3128 664 3183 Sic
684 3129 762 3182 etiam
783 3129 865 3183 edidit
883 3130 985 3184 Gernh.
1004 3140 1029 3184 et
1050 3139 1109 3200 post
1128 3148 1189 3182 eum
1206 3126 1256 3180 Or.
1293 3127 1327 3180 Et
1346 3125 1389 3180 hic

338 3213 447 3284 quidem
475 3234 504 3267 ex
523 3213 608 3268 Codd.
633 3215 714 3270 Bern.
739 3217 798 3271 Bas.
824 3217 914 3272 Guelf.
940 3219 1005 3272 Exn.
1033 3217 1101 3288 Eyb.
1128 3215 1178 3270 Ed.
1198 3233 1254 3286 pre.
1280 3213 1328 3266 Ed.
1348 3235 1391 3287 ap.

337 3301 422 3354 Meus.
442 3302 510 3355 Vict.
530 3303 593 3370 (nisi
614 3305 687 3374 quod
706 3305 732 3358 hi
751 3306 805 3359 duo
825 3307 924 3360 habent
936 3318 978 3358 est
993 3307 1110 3376 fructus
1128 3304 1156 3357 in
1169 3301 1259 3371 copia)
1277 3301 1390 3367 Greev.;

337 3409 387 3442 nos
406 3408 435 3441 ex
454 3388 533 3441 Drsd.
546 3393 571 3455 1,
581 3392 606 3443 3.
618 3395 644 3447 4.
663 3392 733 3461 (hiet
750 3403 792 3444 eat
808 3395 852 3465 fr.
870 3396 899 3447 in
918 3393 988 3463 cop.)
1006 3398 1033 3447 5.
1051 3391 1162 3445 Gud.B.
1181 3391 1223 3457 (ut
1241 3390 1321 3444 Drsd.
1333 3391 1390 3458 4.);

337 3480 397 3531 ca.
419 3479 444 3527 1.
463 3473 543 3529 babet
561 3479 668 3529 Etenim
688 3478 742 3534 div.
756 3480 801 3551 fr.
821 3491 872 3533 est
891 3482 925 3533 in
944 3482 1061 3550 copia,
1080 3498 1142 3532 cum
1160 3476 1219 3530 Crz.
1239 3484 1264 3534 3.
1281 3477 1389 3531 Suerin.

335 3566 444 3619 Habent
460 3565 539 3619 etiam
557 3566 654 3616 etenim
672 3567 725 3620 div.
743 3579 793 3623 etc.
811 3571 855 3640 (ut
876 3568 937 3636 nos)
956 3568 1023 3622 On.
1041 3567 1074 3621 N.
1093 3583 1138 3630 uni
1157 3564 1201 3618 sed
1224 3565 1274 3619 Ox.
1295 3565 1315 3619 1.
1334 3575 1391 3616 ete-

336 3654 391 3707 nim
411 3661 461 3704 etc.
481 3661 511 3704 ut
528 3652 614 3717 Vict.;
631 3651 698 3707 cod.
716 3654 812 3709 Duisb.
859 3657 967 3710 Etenim
986 3665 1038 3708 eet
1058 3655 1112 3705 div.
1125 3654 1170 3724 fr.
1188 3656 1217 3706 in
1245 3673 1319 3723 c01›.,·
1346 3672 1392 3706 vo-

337 3760 397 3796 cem
415 3740 444 3791 in
462 3739 559 3793 omittit
577 3739 650 3796 Gud.
668 3742 702 3794 Α.
720 3761 782 3796 cum
803 3743 853 3798 Ox.
873 3743 919 3811 E„
945 3744 990 3815 qui
1009 3743 1037 3797 in
1057 3740 1165 3813 reliquis
1190 3742 1331 3796 nobiscum
1349 3741 1390 3794 sa·

337 3829 382 3882 cit.
419 3827 499 3881 Solus
515 3827 574 3880 Cra.
594 3834 619 3881 2.
646 3829 725 3884 habet
742 3833 849 3883 Etenim
876 3832 928 3884 div.
948 3832 991 3902 fr.
1016 3832 1045 3884 in
1064 3813 1212 3883 mnieima
1241 3831 1316 3900 copia
1342 3842 1392 3882 est.

337 3919 407 3969 Cum
427 3916 476 3969 Ed.
496 3918 565 3971 Vict.
592 3917 693 3972 tactum
718 3919 797 3972 Hdib.
823 3921 981 3974 Par-1512.
1000 3924 1079 3974 1501.
1105 3920 1172 3972 Rob.
1199 3918 1291 3989 steph.
1322 3919 1389 3968 Ven.

336 4006 680 4076 1492.1514.Arg.sota
700 4007 761 4062 Asc.
781 4012 861 4062 1511.
887 4029 915 4061 ει
935 4009 1031 4062 nostris
1049 4011 1120 4061 Vett.
1149 4008 1228 4078 piane
1247 4005 1388 4057 nobiscum

336 4090 417 4157 facit3
435 4092 490 4144 sola
508 4093 571 4145 item
591 4094 676 4165 Lugd.
693 4095 774 4149 habet
793 4096 900 4148 Etenim
920 4096 973 4149 div.
991 4106 1032 4147 est
1043 4096 1160 4166 fruetus
1178 4093 1276 4161 inopi
1282 4111 1306 4144 a.
1346 4090 1386 4143 Ad

336 4199 395 4234 rem
415 4180 518 4249 Wyu.:
537 4184 608 4247 „Est
625 4202 660 4237 sc.
679 4184 795 4255 positus,
815 4195 918 4239 constat
940 4184 968 4236 in
988 4180 1080 4252 copia,
1100 4181 1117 4234 i.
1137 4200 1161 4235 e.
1181 4191 1208 4233 ut
1228 4179 1291 4231 nihii
1311 4177 1387 4243 desit,

335 4278 367 4321 ut
384 4267 496 4334 habeas,
516 4270 588 4340 quod
608 4271 677 4324 velis.
715 4275 834 4324 Fructus
852 4283 941 4326 autem
955 4269 1080 4341 exquisite
1094 4267 1193 4320 dicitur
1205 4285 1254 4337 pro
1266 4266 1389 4334 effectus,

336 4376 391 4428 quo
410 4358 554 4412 fruimur.“
590 4361 647 4413 Mr.

409 4464 516 4532 Conium
535 4442 626 4518 entem
646 4466 767 4519 declarat
785 4467 902 4518 satietas
921 4495 953 4506 -
974 4459 1175 4525 abundantia5]
1223 4458 1264 4511 Ad
1284 4466 1393 4510 senten-
