3450 5342
336 674 411 748 316
662 688 837 738 esmooxs
870 683 1065 732 eroseorus.

336 853 553 928 „Elegantissime
575 849 653 903 simut
672 861 698 903 et
715 848 866 903 acutissima
886 844 1031 899 metentis:
1052 843 1187 914 pscuma,
1215 840 1233 892 i.
1253 859 1275 892 e.
1295 859 1390 910 posses-

335 945 374 997 sio
393 941 522 1014 quaedam
542 951 580 992 est
597 955 690 992 cerere
707 935 866 1007 cupiditate:
896 931 1007 1003 rectigsl
1036 942 1125 985 autem
1145 940 1183 984 est
1211 949 1233 984 s.
1252 929 1351 982 reditus
1369 939 1390 980 et

336 1033 437 1085 fructus
455 1040 492 1082 est
512 1047 566 1080 noa
585 1045 640 1079 esse
664 1042 800 1088 emacem,
825 1022 842 1075 i.
862 1041 885 1074 e.
914 1033 970 1074 non
996 1020 1119 1073 laborm
1148 1016 1219 1070 mala
1249 1016 1387 1085 cupiditate

337 1117 440 1188 quidvis
458 1115 593 1169 emendi.“
608 1114 714 1184 Wytt.
761 1110 804 1164 Ad
821 1120 999 1174 structuram,
1024 1127 1076 1178 qua
1103 1107 1258 1160 subiectum
1283 1117 1323 1158 est
1340 1110 1388 1157 Ae-

337 1224 392 1258 cus.
412 1223 473 1259 cum
493 1201 554 1267 lus,
574 1201 712 1254 Adiectiro
730 1198 859 1269 singulari
880 1215 994 1250 numero
1013 1195 1113 1267 posito,
1134 1193 1186 1245 vid.
1207 1195 1241 1246 C.
1253 1191 1289 1246 G.
1303 1191 1388 1245 Dicte·

336 1292 402 1347 ricb.
422 1291 449 1343 in
469 1289 609 1352 Seebadii,
635 1287 719 1339 isbnii
739 1298 765 1340 et
783 1284 879 1338 Ktatrii
898 1283 1007 1338 Annali.
1026 1281 1133 1335 Pbitolt.
1152 1293 1178 1335 et
1198 1281 1284 1335 Paed.
1304 1280 1387 1350 Supp-

336 1380 400 1431 lem.
417 1377 450 1432 T.
470 1376 540 1440 vlit,
557 1381 584 1429 4.
604 1395 630 1446 p.
647 1374 710 1429 493.
734 1374 780 1446 qui
807 1373 914 1428 confert
939 1372 1102 1435 Tuscetv,
1122 1373 1232 1436 12,2‘t.
1263 1368 1342 1420 Finu.
1360 1365 1387 1428 ΙΙ,

337 1469 381 1530 tt,
400 1469 443 1518 54.
461 1464 494 1516 de
512 1463 570 1516 Osi.
588 1461 620 1527 lt,
638 1465 682 1529 te,
698 1464 742 1516 64.
779 1462 821 1515 Ad
841 1459 1000 1515 sententiam
1020 1459 1096 1512 cont.
1111 1457 1182 1510 Ptin.
1200 1456 1287 1528 Epist.
1308 1454 1328 1520 l,
1345 1457 1386 1506 24:

338 1552 417 1605 Mala
434 1552 532 1620 emptio
549 1549 710 1620 exprobrare
724 1549 876 1602 stultitiam
893 1549 997 1603 donem
1016 1548 1132 1600 videtur.
1169 1544 1235 1597 Mr.

408 1642 566 1690 Contentum
584 1656 647 1690 vero
664 1637 722 1688 suis
740 1635 819 1688 rebus
834 1655 900 1689 'esse
929 1636 1061 1687 maximae
1085 1643 1151 1686 sant
1176 1633 1383 1702 certissimaeque

337 1726 460 1792 ruritius]
498 1725 596 1790 „Liber
613 1724 647 1777 ad
667 1724 702 1779 D.
720 1724 857 1777 Trudanis
875 1723 1174 1792 comtiser'ma‘eqae
1194 1721 1335 1774 divitiae.“
1359 1721 1383 1771 C.

337 1815 440 1884 Lang.
476 1811 648 1879 „Gronovius
665 1812 697 1864 ad
716 1810 792 1864 Statii
812 1810 875 1863 sttv.
895 1809 927 1878 ll,
947 1813 973 1876 b,
991 1813 1037 1876 ib,
1056 1810 1084 1862 ia
1104 1808 1230 1861 Distriba
1249 1807 1316 1862 star.
1333 1826 1384 1876 cap.

337 1905 379 1955 Π.
400 1920 426 1972 p.
445 1903 506 1954 169.
524 1900 570 1952 ubi
589 1910 628 1952 est
647 1900 792 1953 condere
810 1900 944 1964 divitias,
960 1898 1109 1969 reponebat
1127 1897 1294 1960 lectionem,
1312 1913 1383 1966 quam

337 1988 398 2041 iibri
417 1987 527 2060 quidam
543 1987 649 2054 babent,
669 2005 795 2040 comere
813 1986 934 2040 divitias.
970 1985 1030 2056 Ego
1050 2004 1111 2037 vero
1130 1983 1287 2054 exemplum
1306 1979 1384 2034 idonei

337 2076 488 2147 scriptoris,
506 2076 553 2148 qui
571 2094 670 2127 comere
688 2075 801 2127 divitias
818 2075 927 2142 dixerit,
946 2093 1055 2144 quaero.
1092 2073 1161 2126 Nam
1181 2068 1255 2144 quie
1272 2070 1382 2124 asserun-

336 2176 395 2228 tur,
414 2163 499 2216 atiena
517 2175 579 2216 sunt
597 2164 695 2216 omnia.
731 2163 787 2216 Nisi
806 2164 877 2217 forte
895 2163 948 2217 buc
964 2161 1135 2216 referendum
1156 2160 1239 2232 putas
1261 2158 1327 2211 iilud
1345 2158 1382 2208 Ci-

338 2251 442 2304 ceronis
460 2250 556 2303 Parad.
572 2249 668 2317 Viri:
688 2261 841 2303 contentam
851 2281 886 2292 -
898 2269 969 2313 esse,
987 2249 1120 2302 maximae
1138 2259 1207 2300 sant
1227 2245 1382 2314 comptis·

338 2339 500 2406 rimaeque
519 2337 639 2389 divitiae
675 2337 722 2392 Sic
739 2338 810 2391 enim
823 2336 913 2390 Codex
930 2342 992 2391 Car.
1011 2336 1114 2407 Langii,
1134 2355 1198 2389 cum
1220 2355 1316 2388 omnes
1332 2332 1381 2385 iibri

227 2437 230 2442 '
338 2423 548 2480 constantissime
573 2423 689 2479 babeant
712 2428 1011 2498 certissimaeque
1039 2425 1162 2478 divitiae.
1209 2423 1278 2476 Eam
1300 2422 1379 2476 iectio-

338 2532 399 2566 nem
419 2511 571 2566 Gronovius
591 2515 658 2580 [noa
676 2512 804 2582 lacobus,
831 2515 877 2587 qui
897 2516 1055 2568 Ciceronem
1074 2511 1173 2578 edidit,
1204 2511 1251 2564 sed
1272 2510 1309 2563 io.
1327 2509 1381 2561 Fre·

338 2600 467 2667 dericus‚]
492 2601 587 2672 arripit
606 2601 773 2674 explicatque
792 2602 1039 2672 splendidissimae,
1066 2601 1248 2653 nitidissimae
1273 2599 1381 2652 divitiae.

339 2691 439 2742 Verum
458 2687 598 2742 Ciceronis
615 2690 698 2744 menti
716 2691 880 2743 certissimae
898 2690 1002 2744 divitiae
1025 2688 1206 2754 conveniunt,
1232 2686 1379 2758 splendidis·

337 2778 420 2830 simae
437 2777 512 2830 nulio
531 2777 620 2831 mario.
663 2777 732 2830 Nibii
757 2779 841 2849 igitur
858 2778 982 2849 praesidii
1007 2777 1035 2830 iu
1060 2776 1111 2829 boc
1136 2775 1220 2842 loco,
1244 2776 1272 2829 in
1299 2793 1350 2846 quo
1365 2771 1380 2824 si

338 2866 401 2937 quid
424 2865 581 2919 mutandum
601 2876 638 2918 est
657 2876 768 2936 propter
786 2885 922 2937 magnam,
941 2856 1009 2937 quoe
1029 2866 1124 2917 merito
1143 2862 1241 2917 Codici
1255 2862 1380 2932 largiens

338 2955 479 3020 tribuitur,
498 2955 698 3018 auctoritatem,
725 2972 754 3005 er
774 2955 832 3008 eius
850 2955 963 3025 vestigiis
980 2951 1145 3024 scripserim:
1173 2951 1310 3002 maximae
1327 2958 1380 3000 sunt

339 3043 664 3111 copiosissimeque
686 3041 826 3095 divitiam·
863 3040 1043 3097 Ruhnken.
1062 3042 1095 3105 sd
1114 3040 1200 3094 Rutii.
1220 3041 1289 3112 Lup.
1310 3061 1334 3111 p.
1345 3038 1378 3089 79.

338 3129 438 3179 Contra
463 3125 615 3193 Scbiiteius,
647 3129 797 3200 ,‚Vulgata,
822 3132 925 3203 inquit,
952 3142 1026 3184 recte
1052 3150 1078 3182 se
1107 3129 1201 3183 babet:
1229 3130 1380 3182 certissimae

338 3213 409 3266 enim
423 3214 544 3268 refertur
563 3215 597 3268 ad
615 3216 641 3268 id
660 3218 733 3289 quod
750 3220 885 3291 sequitur:
905 3223 1000 3283 virtue,
1019 3236 1090 3289 qaae
1107 3237 1157 3270 uec
1173 3220 1245 3288 eripi
1263 3237 1312 3269 nec
1329 3233 1380 3267 sur-

337 3303 390 3370 ripi
403 3313 495 3372 potest
512 3323 634 3377 unquam
651 3310 719 3360 etc.“
757 3308 835 3377 Quae
854 3321 892 3363 est
910 3309 974 3361 item
993 3307 1148 3360 Gernbardi
1168 3319 1195 3360 et
1216 3305 1313 3360 Orellii
1331 3323 1380 3356 sen·

337 3389 431 3443 tentia:
460 3411 565 3463 neque,
583 3395 697 3466 opinor,
716 3397 768 3449 sire
787 3397 941 3450 Gronovius
957 3396 1010 3448 sire
1028 3393 1208 3448 Rubnirenius
1228 3410 1379 3466 quemquam

337 3477 443 3535 babebit
461 3482 654 3535 assentientem.
699 3484 759 3538 Dici
786 3485 850 3538 item
868 3496 942 3539 recte
969 3484 1005 3537 ait
1023 3483 1106 3554 Borg.
1130 3501 1194 3535 mor
1220 3479 1380 3552 sempiternas

336 3567 353 3619 i.
371 3586 394 3621 e.
412 3569 530 3623 stabiles:
549 3570 611 3624 coll.
629 3572 662 3624 de
681 3572 767 3627 Amic.
787 3576 837 3628 15:
864 3573 1046 3626 amicitiarum
1066 3589 1119 3623 sua
1138 3572 1237 3642 cuique
1253 3576 1379 3639 permanet

336 3655 530 3710 stabiliret
549 3669 647 3709 certa
662 3662 802 3728 possessio.
839 3661 869 3714 la
888 3661 981 3714 eadem
999 3659 1129 3714 sententia
1148 3671 1207 3713 erat
1218 3660 1298 3714 etiam
1309 3658 1380 3726 wyr-

337 3743 501 3796 tenbacbius.
512 3773 546 3784 -
565 3744 619 3798 Sed
638 3747 764 3800 scribitur
779 3767 837 3800 esse
854 3751 913 3801 sais
933 3749 1012 3801 rebus
1030 3749 1058 3800 in
1078 3745 1270 3802 euenerat.
1281 3741 1381 3799 Gutt-

337 3828 466 3894 Drsd.2.;
484 3833 543 3883 suis
561 3850 619 3884 esse
635 3833 714 3886 rebus
735 3835 762 3886 in
781 3835 898 3892 Dmrbb.
935 3839 1038 3891 Vocem
1058 3837 1278 3909 certissimaeque
1293 3830 1379 3887 omittit

338 3916 410 3972 Gud.
429 3918 462 3971 A.
497 3918 557 3972 Mr.
617 3930 619 3934 “

407 4008 645 4081 certissimaeque]
680 4009 745 4065 Post
767 4012 834 4070 baec
858 4016 886 4069 in
915 4015 980 4068 cod.
999 4012 1071 4068 Gut.
1093 4011 1124 4065 Β.
1155 4012 1236 4065 verba
1257 4018 1379 4065 contextus

337 4098 371 4151 ita
390 4117 417 4150 se
435 4098 582 4168 excipiunt:
608 4098 721 4150 maxime
738 4112 804 4154 sunt
823 4103 1019 4174 certissimeque
1046 4100 1183 4170 quedam
1201 4097 1306 4170 magui
1328 4111 1380 4164 prs-

338 4184 386 4235 vl‘i
403 4186 562 4236 extimwt!
581 4183 606 4256 q'
622 4187 648 4236 ei
663 4191 769 4258 gravi
785 4190 984 4258 possessionum
1001 4187 1107 4241 nsiaime
1125 4189 1209 4260 quasi
1226 4187 1314 4239 noceri
1325 4191 1378 4253 pot·

337 4281 395 4323 est:
411 4273 619 4343 quantiprecii
636 4276 816 4330 extimanda
834 4280 953 4331 virtus
971 4280 1058 4348 estp'
1073 4295 1133 4328 nee
1149 4277 1220 4347 eripi
1237 4294 1296 4328 nec
1313 4268 1377 4326 sub·

337 4358 389 4426 ripi
403 4371 494 4426 potest
510 4380 594 4432 neque
612 4365 763 4436 naufragia
781 4385 865 4440 neque
883 4367 1004 4419 incendio
1023 4367 1165 4416 amittitur
1195 4382 1304 4437 neque
1322 4370 1377 4410 tem-

336 4453 474 4510 148Ῑαίιίι
503 4465 612 4518 neque
637 4462 784 4521 temporam
808 4456 1014 4525 perturbatione
1038 4465 1174 4506 mutatur.
1196 4473 1253 4525 qua
1272 4442 1376 4521 praediti
