3450 5342
742 602 749 633 Ι

667 677 715 736 ¹ln
744 675 939 722 esnsuoxon
961 677 1004 738 ιν,
1029 675 1052 722 1.
1296 660 1393 733 '339

338 842 471 889 Insanum
488 856 567 889 csse
587 836 791 888 rationibus
809 836 980 900 arincam,
1010 837 1070 904 (seu
1089 838 1243 906 advincam,
1268 863 1313 895 seu
1332 846 1391 898 vin-

339 929 410 988 cam)
430 924 595 976 necessariis.
642 921 833 977 Coniecturarn
853 943 939 976 meam
970 923 1095 977 adiuvant
1113 926 1191 978 verba
1219 928 1289 994 eius,
1320 937 1390 1002 quod

339 1011 460 1083 proxime
477 1011 613 1083 sequitur,
640 1011 765 1082 paradoxi
784 1023 914 1065 extrema:
943 1030 1002 1063 cum
1026 1031 1087 1063 eum
1107 1032 1139 1064 nc
1158 1013 1270 1068 liberum
1288 1021 1392 1089 quidam

338 1118 395 1152 esse
413 1101 485 1151 ratio
503 1109 531 1150 et
550 1100 654 1152 veritas
672 1098 734 1170 ipsa
751 1098 903 1153 convincat.
941 1098 996 1150 lam
1017 1098 1089 1168 quod
1109 1101 1261 1154 rationibus
1281 1121 1330 1173 pro
1350 1124 1393 1156 rs-

340 1185 390 1238 bus
408 1186 450 1239 edi
468 1186 546 1253 iussi,
565 1205 620 1239 non
641 1185 733 1239 videor
753 1185 833 1238 nimis
851 1184 932 1255 longe
950 1185 1085 1240 discedere
1102 1207 1118 1240 a
1136 1188 1266 1259 scriptura
1278 1204 1392 1262 recepta.

338 1275 407 1328 Nam
426 1274 504 1328 rebus
521 1275 622 1329 {actum
642 1276 753 1329 fortasse
771 1286 810 1328 est
827 1294 855 1328 ex
874 1264 980 1328 roibus:
1005 1267 1095 1328 idibus
1121 1287 1210 1330 autem
1229 1297 1258 1332 ex
1278 1283 1391 1335 rationi-

340 1362 398 1415 bus.
435 1363 464 1417 Si
482 1364 542 1436 quis
559 1375 648 1419 tamen
668 1361 747 1416 rebus
765 1363 882 1418 retinere
908 1363 991 1429 volet,
1011 1382 1066 1416 non
1087 1366 1273 1436 repugnabo.“
1297 1369 1390 1423 Lam·

340 1450 452 1502 binus.

411 1539 460 1605 „ln
474 1537 532 1592 MS.
551 1549 589 1592 est
607 1538 764 1601 adriacum,
782 1556 833 1608 pro
853 1556 908 1608 quo
932 1537 1034 1594 amicus
1059 1558 1134 1593 meus
1157 1543 1303 1612 reponebat
1327 1565 1389 1598 con-

338 1628 472 1679 vincam.‘⁴
507 1625 599 1679 Fulr.
617 1625 771 1678 Ursinus.
1190 1689 1194 1694 .

410 1714 490 1781 „Non
510 1713 631 1785 displicet
649 1713 706 1766 eius
724 1712 892 1778 coniectura,
920 1715 965 1786 qui
986 1714 1135 1768 rationibus
1159 1716 1302 1788 legendum
1325 1741 1389 1775 cen-

337 1814 392 1869 set,
413 1823 464 1875 pro
479 1801 566 1856 rebus.
609 1801 663 1853 Pro
682 1800 806 1852 addicam
823 1800 887 1853 item
906 1800 948 1853 alii
969 1801 1061 1872 legunt
1085 1803 1220 1855 adducam
1244 1805 1261 1857 i.
1281 1827 1303 1860 e.
1322 1827 1389 1862 con-

338 1891 457 1956 vincam,
476 1890 515 1943 rel
535 1889 663 1955 efficiam,
683 1899 713 1942 ut
730 1888 787 1959 ipse
804 1887 911 1942 fatearis
929 1900 953 1942 te
971 1889 1096 1944 insanire.
1132 1889 1185 1944 Sed
1205 1890 1290 1963 placet
1309 1895 1389 1948 Lam-

339 1980 396 2033 bini
416 1979 511 2033 editio:
529 1974 692 2029 Rationibus
710 1976 815 2027 vincam
833 1977 1019 2032 necessariis.“
1037 1977 1069 2029 H.
1089 1976 1250 2032 Wollius.

409 2065 519 2135 „Rebus
547 2064 680 2115 adducam
703 2064 869 2116 necessariis·
913 2063 959 2118 Sic
976 2063 1105 2131 Palatini,
1131 2064 1254 2120 Gifanius
1274 2069 1390 2138 prodidit

336 2157 365 2208 in
384 2154 443 2208 MS.
457 2173 506 2207 suo
523 2152 602 2205 luisse
622 2151 772 2204 adriacum.
808 2151 956 2205 Videantur
974 2151 1102 2220 Victorii,
1120 2153 1257 2222 Lambini,
1277 2156 1389 2210 Sullridi

338 2243 455 2315 Aldique
483 2239 593 2312 Nepotis
618 2249 713 2304 notae,
744 2236 889 2292 lectionum
917 2238 1108 2293 diversitatibus
1135 2242 1201 2295 mire
1233 2246 1389 2299 scatentes.“

339 2330 519 2384 Gruterus.

409 2418 523 2487 „Quum
542 2416 670 2489 quicquid
699 2426 794 2470 notum
820 2425 859 2468 est
883 2413 1014 2469 Codicum
1040 2415 1200 2470 MSStorum
1231 2420 1387 2489 particulam

338 2507 376 2557 acl
392 2517 483 2560 sancte
499 2515 618 2569 servent,
640 2514 711 2556 certe
729 2511 866 2573 suspectos
883 2503 978 2556 merito
997 2503 1100 2570 babeas,
1120 2504 1165 2575 qui
1183 2505 1211 2556 in
1230 2506 1387 2576 quibusdam

339 2614 396 2647 non
415 2612 470 2646 esse
489 2611 548 2645 eam
565 2592 700 2658 scribunt,
726 2609 794 2661 quac
810 2601 866 2644 tam
892 2602 1019 2661 perpetue
1038 2602 1148 2663 apparet
1171 2591 1200 2644 in
1225 2591 1313 2660 libris,
1342 2597 1388 2666 qui

339 2681 373 2732 ab
391 2679 478 2750 dignis
495 2678 548 2731 lide
565 2679 674 2732 suerunt
699 2696 787 2749 nuper
804 2687 831 2730 et
848 2676 912 2729 olim
935 2679 1060 2749 inspecti:
1086 2679 1177 2751 utique
1205 2699 1261 2732 non
1289 2691 1388 2735 temere

338 2787 398 2822 eam
419 2766 569 2820 deleverim.
606 2765 715 2837 Opinor
732 2766 815 2836 igitur
832 2765 934 2818 dedisse
951 2765 1070 2819 Tullium
1090 2764 1169 2818 rebus
1185 2767 1325 2838 adigam
1341 2787 1388 2820 nc-

339 2855 470 2909 ccssariis.
506 2853 588 2922 Quod
608 2854 641 2907 ad
659 2853 757 2907 lemma
774 2865 801 2908 et
818 2854 925 2907 titulum
944 2855 1052 2920 attinet,
1083 2854 1121 2906 vix
1140 2853 1249 2907 dixerim
1267 2856 1388 2910 attende·
1464 2915 1467 2921 r

337 2942 408 2995 ritne
425 2941 452 2993 id
472 2940 617 3005 Gruterus,
644 2960 728 3012 quum
746 2940 884 3006 Victoria,
907 2940 1000 3007 lunta,
1024 2942 1143 3012 Langia,
1173 2942 1219 3014 qui
1237 2943 1336 2999 babent
1359 2945 1387 2997 'id

336 3029 440 3099 ipsum,
459 3027 532 3099 quod
549 3047 622 3081 nunc
640 3028 749 3099 praefixi
767 3021 820 3096 [irs
838 3031 890 3087 πᾶς
910 3026 998 3098 rippas
1015 3029 1146 3097 μαίνεται]
1164 3029 1205 3099 (et
1223 3042 1261 3085 est
1280 3051 1388 3102 quoque

336 3115 365 3168 in
385 3116 547 3169 membranis
563 3115 633 3186 patri
650 3115 720 3184 visis)
745 3116 845 3170 relictis
870 3116 993 3171 maluerit
1012 3117 1048 3171 uti
1068 3116 1165 3171 altero:
1193 3111 1235 3168 irs
1253 3115 1347 3178 adress
1365 3123 1389 3172 οἱ

335 3208 419 3274 μωροὶ
435 3206 599 3265 μαίνονται.“
636 3203 849 3258 Gronovius.

407 3289 526 3356 „Merito
544 3290 661 3362 Largius
679 3291 781 3362 respuit
797 3291 916 3364 priorem
930 3310 1005 3345 suam
1022 3293 1190 3348 sententiam.
1226 3293 1294 3345 Nam
1306 3294 1387 3347 verbo

336 3379 460 3430 addicam
475 3376 565 3432 nullus
579 3378 622 3433 bic
639 3379 714 3432 locus
734 3389 788 3446 est,
807 3390 837 3432 ut
853 3379 911 3451 ipse
930 3389 1020 3450 postea
1039 3379 1109 3433 vidit.
1153 3377 1223 3432 Cum
1246 3398 1309 3432 vero
1327 3381 1388 3432 vin·

336 3485 394 3518 eam
413 3466 543 3539 repererit
559 3467 587 3519 in
607 3466 766 3539 quibusdam
784 3466 858 3520 libris
876 3465 1027 3532 Manutius,
1046 3466 1074 3519 in
1092 3465 1150 3519 aliis
1167 3484 1230 3519 cum
1248 3465 1313 3536 ipse,
1331 3476 1387 3518 tum

335 3552 475 3620 Gilanitts,
492 3553 652 3620 Lambinus,
670 3553 793 3622 Ursinus,
810 3555 962 3619 advincam,
981 3571 1031 3607 cur
1049 3572 1105 3607 non
1124 3553 1311 3624 amplectimur
1329 3571 1388 3606 cer-

334 3639 462 3695 tissimam
488 3651 515 3694 et
539 3641 699 3694 verissimam
725 3642 885 3712 scripturam
910 3640 988 3694 rebus
1012 3642 1117 3693 vincam
1140 3640 1312 3705 necessariis,
1336 3640 1388 3695 boc

335 3738 375 3781 est
391 3727 513 3782 arincam
532 3727 636 3782 invictis
652 3730 829 3801 argumentis.
862 3729 932 3784 Nam
951 3748 994 3783 res
1013 3747 1089 3800 saepe
1108 3738 1170 3782 sunt
1186 3727 1315 3793 rationes,
1344 3748 1388 3782 ar-

335 3828 473 3885 gumenta.
509 3815 628 3871 lulianus
645 3817 665 3871 l.
676 3817 720 3871 Cn
751 3819 846 3871 Multa
864 3820 924 3871 iura
942 3817 1016 3870 civili
1033 3826 1128 3870 contra
1146 3815 1276 3868 rationem
1296 3816 1388 3885 dispu-

335 3903 415 3954 tandi
431 3923 481 3974 pro
506 3905 629 3957 utilitate
654 3907 785 3959 communi
808 3918 917 3975 recepta
942 3924 999 3957 esse
1024 3902 1262 3957 innumerabilibus
1288 3900 1389 3954 rebus

331 3988 445 4058 probari
458 4000 557 4060 potest.
595 3989 668 4045 Cael.
685 3992 779 4045 Aurel.
795 3993 849 4043 Sed
866 3993 960 4043 borum
976 3990 1101 4042 deliratio
1111 3989 1267 4060 manifestis
1285 3987 1388 4042 rebus

331 4075 476 4147 probatur.
512 4077 592 4150 Apul.
610 4077 674 4131 Met.
692 4081 752 4131 1⁰.:
777 4076 881 4148 Quibus
899 4090 990 4129 autem
1016 4076 1112 4129 uerbis¹
1128 4084 1271 4127 accusator
1295 4075 1388 4144 egerit,

334 4164 433 4236 quibus
453 4164 560 4218 rebus
579 4166 690 4219 diluerit
708 4185 770 4220 rem.
806 4165 877 4221 Hinc
895 4184 937 4218 res
955 4175 981 4218 et
999 4165 1071 4216 ratio
1093 4173 1221 4234 tanquam
1239 4179 1387 4232 synonyma

332 4252 485 4324 iunguntur
501 4251 645 4320 Ciceroni,
664 4265 693 4308 ut
714 4253 816 4307 dudum
835 4251 981 4307 observavit
999 4250 1139 4317 Gisanius,
1165 4247 1242 4301 Orat.
1261 4246 1388 4319 prolege

333 4339 444 4395 Manil..
466 4342 521 4393 Sed
538 4341 567 4393 in
587 4343 639 4392 liac
657 4359 744 4394 causa
762 4342 872 4395 tametsi
889 4339 1048 4414 cognoscitis
1074 4336 1253 4388 auctoritates
1279 4343 1386 4386 contra-

333 4428 391 4481 rias
402 4429 619 4500 fortissimorum
637 4439 664 4480 et
683 4429 891 4482 clarissimorum
909 4430 1034 4491 uirorum,
1053 4424 1162 4477 tametsi
1175 4420 1278 4475 omissis
1291 4431 1386 4474 aucto-

1080 4510 1154 4584 22*
