3450 5342
374 672 446 746 128
701 688 874 738 rananoxa
901 688 1094 736 srotconutt.

372 873 422 927 pro
441 853 535 904 innius.
573 849 645 903 ldem
665 867 726 903 cum
746 847 805 900 Cre.
826 853 849 901 2.
879 847 977 901 omittit
995 865 1131 918 unquam,
1159 848 1279 919 itemque
1298 849 1369 902 Gud.
1389 853 1414 902 Α.

371 945 401 997 ln
420 942 526 996 Suerin.
551 951 578 994 et
594 938 666 993 Gud.
686 938 716 990 B.
747 937 845 1008 legitur
871 946 911 988 est
937 947 1079 1004 peccatum
1102 938 1130 988 in
1157 956 1204 998 θος
1236 938 1313 1008 prior
1339 940 1415 1010 pergit

370 1032 460 1102 quod
487 1048 540 1081 non
567 1028 645 1080 licuit
674 1026 724 1080 Ed.
749 1027 810 1079 Par.
838 1045 857 1077 s
877 1043 901 1076 a.
927 1024 993 1096 quin
1019 1026 1047 1076 in
1070 1045 1100 1076 eo
1119 1036 1160 1078 est
1179 1027 1203 1076 si
1222 1026 1260 1080 id.
1279 1038 1338 1080 tum
1355 1024 1414 1081 Cod.

369 1119 463 1173 Duisb.
482 1137 565 1169 unum
583 1116 651 1166 idem
669 1125 724 1179 est,
757 1113 855 1166 omisso
881 1122 918 1168 et.
962 1111 1054 1183 Pergit
1078 1110 1129 1165 01.
1147 1111 1177 1164 E.
1195 1123 1229 1163 et
1248 1132 1329 1185 quae.
1370 1114 1415 1168 Pro

369 1216 519 1259 nascuntur
545 1214 583 1257 est
607 1211 758 1256 noscantur
784 1201 813 1255 in
842 1199 894 1255 Or.
911 1219 941 1262 ψ.
969 1200 1037 1252 Edd.
1065 1220 1138 1270 prc.‚
1172 1220 1216 1272 op.
1239 1200 1326 1254 Meus.
1352 1200 1413 1254 Crat.

369 1296 439 1349 Vict.
459 1292 552 1363 Magn.
571 1291 644 1343 Man.
664 1290 759 1343 nostris
777 1290 842 1343 Dar.
867 1291 937 1344 Ven.
957 1292 1038 1343 1492.
1057 1292 1136 1342 1514.
1155 1289 1239 1361 Lugd.
1266 1290 1328 1342 Par.
1348 1293 1413 1343 1522.

369 1387 447 1438 1512.
484 1380 563 1433 lldlb.
582 1399 602 1431 s.
622 1379 639 1431 Ι.
658 1387 683 1430 et
701 1396 725 1431 a.
743 1376 809 1448 Arg.
835 1377 867 1429 ll.
886 1375 974 1430 Wolf.
1005 1375 1074 1429 Roh.
1094 1387 1120 1429 et
1139 1379 1200 1429 Car.
1221 1374 1315 1447 Stepb.
1335 1376 1412 1428 llerw.

370 1471 444 1522 Cam.
462 1467 533 1520 aud.
549 1466 608 1519 Tal.
628 1464 728 1519 Sturm.
746 1463 822 1536 Sylb.
841 1464 914 1516 Tum
933 1463 1000 1516 Edd.
1017 1463 1078 1517 Par.
1097 1468 1176 1519 1502.
1196 1476 1222 1518 et
1245 1465 1331 1536 Lugd.
1354 1484 1413 1537 qua-

370 1559 410 1608 lia
428 1573 478 1626 pro
496 1555 632 1626 aequalia.
675 1554 742 1606 eod.
768 1551 841 1608 Gud.
859 1553 893 1604 A.
920 1571 994 1604 esse
1012 1561 1136 1621 oportet5
1169 1554 1228 1605 Cra.
1243 1556 1270 1605 l.
1300 1552 1376 1606 Drsd.
1392 1557 1412 1606 5.

370 1643 420 1697 Ox.
439 1641 469 1694 E.
487 1641 522 1694 U.
548 1641 676 1714 aequalia
704 1649 742 1692 ut
765 1640 821 1693 sint
840 1648 960 1708 oportet,
992 1637 1051 1692 Cra.
1065 1640 1091 1693 3.
1122 1658 1180 1710 aeq.
1211 1651 1296 1692 sunt
1322 1651 1413 1711 oporte

370 1730 451 1801 (sio).
487 1728 554 1782 lllud
574 1739 612 1780 ut
630 1729 686 1781 sint
710 1726 810 1782 habent
836 1726 916 1780 etiam
945 1726 1011 1779 Cod.
1029 1726 1088 1780 Bas.
1109 1738 1133 1781 et
1162 1727 1211 1780 Ed.
1230 1728 1324 1800 Magn.
1365 1727 1413 1780 Mr.

441 1820 520 1888 Quod
538 1819 562 1870 si
580 1818 698 1871 virtutes
713 1833 794 1886 parer
812 1825 879 1867 sunt
895 1815 1010 1884 interce
1018 1814 1039 1882 ,]
1088 1814 1190 1879 „Stoici
1217 1817 1325 1871 virtutes
1348 1835 1412 1887 pares

370 1928 425 1962 esse
443 1907 575 1960 dicebant.
612 1905 805 1968 Mnesarchus,
837 1914 868 1958 ut
884 1903 921 1957 ait
939 1901 1035 1957 Cicero
1054 1903 1123 1955 libro
1143 1903 1176 1955 de
1195 1901 1313 1958 Oratore
1330 1905 1349 1958 l.
1366 1905 1411 1973 [ll.

369 1998 441 2063 45.]‚
464 1995 510 2065 qui
529 1994 657 2044 virtutem
675 2011 757 2044 unam
775 1990 901 2055 haberet,
920 2009 1007 2043 ornnes
1026 1990 1136 2054 habere,
1166 2009 1266 2063 easque
1285 1993 1359 2062 ipsas
1374 1991 1412 2041 in·

370 2094 412 2135 ter
431 2101 459 2134 se
476 2080 602 2151 aequales
620 2097 676 2131 esse
694 2089 721 2129 et
736 2097 819 2148 pares
838 2077 950 2130 dicebat.
990 2077 1168 2150 Chrysippus,
1187 2077 1342 2133 Stoicorum
1360 2097 1413 2150 gra·

371 2169 502 2232 vissimus,
522 2166 620 2218 librum
639 2185 723 2218 unum
743 2166 862 2237 scripsit,
882 2165 954 2237 quod
972 2167 1080 2219 virtutes
1100 2165 1224 2238 aequales
1241 2167 1311 2234 sint,
1338 2179 1366 2221 ut
1382 2177 1413 2220 est

372 2255 443 2328 apud
461 2255 611 2325 Diogenem
630 2253 764 2306 Laertium
791 2253 860 2307 libro
880 2253 958 2308 Vll.“
978 2255 1050 2308 Frc„
1068 2253 1158 2324 sytv.
1197 2255 1256 2322 [Est
1283 2256 1356 2310 locus
1376 2276 1413 2326 ap.

371 2345 452 2415 Diog.
472 2343 557 2395 La'elrt.
576 2341 632 2407 Vll,
653 2345 678 2406 8,
697 2345 758 2395 125.
795 2341 847 2395 Sed
867 2341 900 2393 de
919 2339 971 2395 hoc
989 2340 1133 2413 Chrysippi
1151 2342 1262 2397 decreto
1282 2345 1332 2397 vid.
1349 2342 1412 2396 RN.

371 2430 404 2485 G.
415 2430 525 2501 Bagueti
543 2430 576 2482 de
594 2427 736 2500 Chrysippi
756 2429 825 2493 Vita,
845 2429 976 2482 Doctrina
993 2441 1019 2482 et
1036 2429 1165 2501 Reliquiis
1178 2432 1285 2484 comm.
1305 2432 1413 2502 praemio

372 2540 431 2573 orn.
450 2518 568 2572 Lovnnii.
586 2521 664 2571 1822.
683 2522 709 2571 4.
733 2536 759 2585 p.
779 2521 831 2571 25¹1
851 2536 891 2587 sq.
910 2516 974 2589 ibiq.
993 2517 1093 2584 laudd.]
1138 2517 1274 2583 „Videtur
1299 2519 1349 2574 hoc
1372 2518 1413 2592 pa-

371 2627 429 2661 rum
451 2608 614 2662 considerate
638 2606 664 2657 in
690 2604 780 2658 Stoica
808 2605 986 2676 disputatione
1010 2603 1173 2672 adhibitum,
1200 2619 1313 2677 propter
1331 2608 1413 2661 discri-

371 2717 450 2762 men,
480 2696 552 2767 quod
578 2693 678 2764 alioqui
703 2704 824 2746 statuunt
850 2696 921 2746 inter
945 2691 980 2745 τοτ’
997 2688 1150 2762 καθήκοντα
1169 2699 1213 2744 καὶ
1230 2691 1265 2745 rd
1286 2695 1413 2764 κατορθοί-

369 2805 449 2844 ματα.
494 2783 667 2854 Quamquam
696 2777 729 2830 vd
758 2777 912 2850 καθήκοντα
931 2780 1013 2835 Stoici
1047 2781 1121 2852 quasi
1146 2781 1267 2834 medium
1297 2784 1412 2855 quiddam

370 2873 440 2926 inter
457 2870 581 2923 virtutem
601 2880 626 2922 et
644 2867 735 2920 vitium
760 2879 924 2933 statuerunt,
954 2869 1064 2941 solaque
1089 2867 1289 2940 κατορθώματα
1314 2872 1412 2923 nomine

370 2958 470 3012 virtutis
488 2954 622 3008 honestari
640 2954 788 3007 voluerunt.
838 2953 972 3008 Videntur
997 2966 1086 3008 autem
1112 2957 1140 3008 in
1170 2955 1223 3010 hoc
1247 2958 1411 3028 pronuntiato

370 3044 500 3098 subtiliter
517 3042 550 3094 ad
569 3040 680 3093 modum
699 3053 830 3111 spectasse
848 3040 933 3112 ipsam
952 3041 1039 3095 ideam
1060 3043 1170 3107 virtutis,
1189 3044 1412 3114 perfectissimam·

372 3150 424 3202 que
442 3129 574 3182 sormam:
602 3148 670 3199 quae
690 3147 752 3182 cum
770 3128 904 3183 humanae
924 3129 1097 3185 imbecillitati
1117 3140 1211 3202 negata
1232 3131 1280 3198 sit,
1308 3132 1329 3185 is
1351 3130 1412 3202 opti·

370 3237 430 3272 mus
448 3216 575 3284 habetur,
605 3216 650 3287 qui
676 3216 709 3268 ab
725 3216 769 3269 illa
796 3220 854 3286 ἰδέᾳ
873 3218 983 3271 minime
1001 3217 1083 3289 longe
1108 3219 1251 3272 recesserit.
1305 3217 1411 3272 Concedi

371 3325 436 3379 ergo
456 3315 556 3377 potest,
576 3305 706 3375 perlectas
725 3305 833 3359 virtutes
848 3304 966 3358 eiusdem
985 3307 1083 3377 speciei
1102 3325 1156 3358 esse
1170 3326 1255 3377 pares.
1294 3305 1345 3360 Sed
1358 3306 1410 3378 quia

369 3396 440 3448 inter
456 3393 578 3446 homines
596 3393 675 3446 aliam
695 3393 816 3448 virtutem
835 3391 887 3447 alit
906 3414 960 3447 esse
980 3395 1124 3460 maiorem,
1151 3394 1177 3446 id
1196 3406 1248 3460 est,
1269 3396 1356 3448 minus
1371 3395 1410 3446 ab·

369 3502 459 3536 errare
478 3502 492 3534 a
510 3501 608 3553 scopo,
639 3482 758 3553 exempla
776 3483 890 3549 docent,
910 3484 1002 3536 eadem
1019 3483 1141 3536 vitiorum
1162 3502 1272 3554 quoque
1291 3486 1357 3536 ratio
1373 3493 1410 3534 est.

368 3570 474 3626 Deinde
493 3571 581 3641 primo
601 3571 670 3623 libro
688 3570 721 3622 de
740 3569 846 3623 Officiis
863 3571 960 3624 Cicero
985 3573 1042 3642 ipse
1068 3569 1173 3634 docuit,
1200 3570 1326 3624 iustitiam
1345 3569 1410 3622 lorti-

368 3659 454 3712 tudini
473 3670 499 3710 ct
519 3658 691 3728 prudentiae,
718 3659 877 3712 modestiam
904 3659 956 3727 (vel
975 3657 1200 3725 moderationem)
1233 3658 1283 3728 ipsi
1311 3657 1409 3711 iustitiae

370 3762 425 3796 esse
442 3741 655 3814 praeferendam.
693 3743 775 3810 Quod
794 3745 815 3797 si
833 3746 869 3798 ita
889 3757 944 3813 est,
973 3748 1053 3800 virtus
1082 3745 1132 3798 alia
1152 3745 1240 3797 maior
1263 3758 1310 3799 aut
1332 3745 1409 3796 minor

369 3829 420 3881 erit
436 3825 503 3893 alii,
521 3830 604 3899 ipsius
620 3830 737 3882 auctoris
755 3831 936 3900 consessione,
956 3835 1002 3906 qui
1022 3853 1077 3887 uon
1097 3833 1153 3885 sine
1172 3852 1250 3886 causa
1274 3835 1302 3886 in
1323 3851 1407 3904 prooe-

369 3916 424 3968 mio
452 3915 563 3981 latetur,
596 3937 623 3969 se
648 3917 785 3971 ludentem
814 3920 879 3975 haec
910 3922 938 3975 in
975 3923 1048 3975 locos
1084 3940 1242 3975 communes
1270 3919 1407 3975 coniecisse·

369 4002 475 4072 Quibus
492 4003 578 4057 verbis
597 4024 707 4059 monere
725 4006 853 4062 lectorem
881 4009 992 4064 voluisse
1016 4009 1134 4074 videtur,
1166 4028 1200 4060 ne
1223 4027 1317 4061 omncs
1342 4005 1407 4058 huius

369 4092 450 4146 libelli
467 4093 608 4146 sententias
626 4093 735 4148 oracula
754 4115 809 4149 esse
825 4108 944 4168 putaret,
971 4098 1017 4149 sed
1034 4114 1110 4148 suum
1144 4096 1200 4166 ipse
1224 4095 1351 4149 iudicium
1368 4089 1407 4143 ad·

368 4179 503 4241 biberet.“,
516 4179 549 4234 Η.
567 4180 670 4234 Wolf.
715 4181 870 4249 „Plutarch
890 4184 923 4235 de
948 4182 1064 4253 Stoicor.
1090 4194 1207 4236 contrar.
1235 4181 1301 4253 μήτε
1327 4173 1406 4250 riperti*

369 4262 462 4335 α’ρετῆς
482 4263 655 4338 ὑπερέχουσαν
673 4263 751 4335 εἶναι,
769 4269 835 4339 μήτε
853 4271 1019 4340 κατόρθωσιν
1039 4270 1236 4338 κατορθώσεως.
1272 4270 1370 4323 Seneca
1383 4262 1404 4316 ld

369 4349 466 4431 clarius
484 4366 510 4408 et
528 4356 662 4411 efficacius
680 4356 730 4427 Ep.
742 4360 792 4411 fib:
811 4358 889 4410 Nihil
905 4358 1021 4411 invenies
1039 4358 1140 4409 rectius
1159 4368 1245 4410 recto:
1265 4377 1316 4410 non
1329 4352 1404 4424 magia

370 4456 450 4509 quam
475 4460 536 4494 vero
563 4445 668 4510 verius,
690 4455 845 4514 temperato
869 4446 1054 4516 temperatior.
1108 4445 1199 4497 Omnis
1223 4446 1251 4498 in
1276 4443 1348 4496 modo
1370 4446 1404 4488 etl
