3450 5342
340 548 400 599 ,XVI
505 545 603 593 mont
628 542 809 593 terestres
836 540 953 589 cntrtct
981 542 1021 586 Ao
1044 540 1228 589 Pttsooxs.

345 717 434 760 notata
452 704 598 777 (quamvis,
613 714 658 757 =ut
675 702 741 767 dixi,
768 699 915 754 nonnullae
934 698 1118 766 omittantur),
1144 717 1225 772 quam
1250 718 1308 752 non
1327 699 1396 753 eriri·

344 795 405 848 beot
424 793 519 860 editio,
547 793 580 846 de
607 810 660 863 qua
686 808 766 860 supra
794 787 906 848 diximus
929 786 1017 857 primo
1043 786 1113 840 ioco.
1164 785 1246 854 Quod
1274 787 1296 838 si
1324 788 1395 856 prius

344 881 595 945 animadvertissem,
613 897 670 931 non
688 876 753 930 duas
771 894 826 929 esse
844 875 979 928 dixissem:
999 892 1082 940 nunc,
1101 892 1185 945 quum
1204 892 1260 926 non
1282 874 1394 945 amplius

345 969 372 1021 in
391 968 514 1021 manibus
532 968 565 1020 sit
583 983 658 1018 meus
675 963 756 1028 iiber,
775 962 820 1016 sed
838 963 891 1016 iam
912 962 943 1015 ad
963 961 1137 1032 bibliopoiam
1157 962 1335 1026 transmissus,
1355 961 1394 1015 iric

345 1055 461 1127 ingenue
480 1055 584 1119 dicere,
603 1071 684 1124 quam
703 1050 806 1105 silentio
826 1068 949 1122 premere
968 1048 1050 1102 maini
1061 1049 1093 1114 ⁹).

385 1189 421 1272 b)
443 1187 626 1252 Editiones
651 1184 921 1252 Paradoxornm
942 1185 1027 1251 aliis
1052 1185 1227 1252 Ciceronis
1249 1186 1353 1254 libris

784 1287 950 1353 additae:

399 1415 424 1464 t.
445 1411 552 1463 Tollius
565 1410 597 1461 cie
609 1410 712 1478 Officiis
730 1427 790 1460 curn
801 1408 997 1461 commentariis
1007 1410 1085 1463 Petri
1095 1412 1128 1462 M
1135 1410 1209 1462 arsi
1226 1410 1337 1482 eiusque
1351 1429 1391 1461 re·

344 1501 541 1572 cognitione·
556 1489 971 1569 insuntpraetereaParndoxo:
988 1497 1019 1548 de
1029 1498 1175 1550 Amicitia:
1195 1496 1227 1547 de
1236 1501 1391 1550 Senectute:

345 1607 406 1641 cum
425 1585 615 1658 interpretibus
631 1588 691 1639 suis.
709 1614 744 1624 -
786 1585 817 1637 in
835 1583 902 1639 fine:
930 1588 1093 1652 Irnpressum
1124 1585 1243 1645 Veneriis
1258 1605 1308 1655 per
1326 1592 1391 1640 Ber-

343 1675 536 1739 nnrdinum,‹ie
556 1673 648 1726 Ciroris
666 1674 697 1724 de
716 1662 843 1725 Gr'emono
869 1688 973 1724 summa
1002 1690 1069 1723 curo
1094 1689 1127 1722 nc
1154 1672 1278 1744 diligenti
1302 1675 1390 1725 studio

342 1768 424 1819 Anno
456 1765 554 1816 domini
581 1765 790 1819 MCCCOXCII.
813 1760 862 1813 die
886 1763 1020 1814 XXIIII.
1048 1763 1151 1813 Mensis
1178 1762 1286 1814 Martii.
1312 1761 1330 1814 s.
1355 1781 1388 1813 m.

343 1850 567 1922 Complectuntnr
583 1849 732 1900 Paradoxn
751 1858 852 1920 septem
867 1847 943 1901 totta.
993 1849 1057 1902 Post
1084 1848 1209 1920 quintum
1236 1848 1389 1903 Paradoxon

342 1938 516 1991 videturesse
535 1935 609 1988 finis:
631 1935 729 2006 legitur
747 1934 835 1988 enim:
863 1934 984 2003 Explicit
1003 1932 1083 1987 Liber
1105 1936 1137 1986 de
1156 1936 1291 1988 Amicitia
1316 1937 1390 1988 etde

341 2028 482 2077 Senectute
499 2035 526 2074 et
544 2023 777 2075 Paradoxarurn.
811 2021 966 2092 Registrnm
984 2033 1032 2076 etc.
1074 2021 1127 2076 Sed
1146 2022 1318 2095 sequentibus
1343 2045 1388 2097 pa·

341 2112 409 2183 ginis
428 2111 530 2165 duabus
547 2109 654 2163 additur
670 2121 791 2176 sextum,
809 2109 866 2162 sine
885 2111 1094 2177 commentario,
1113 2112 1186 2182 quasi
1207 2124 1265 2181 post
1283 2113 1387 2167 absolu-

341 2211 397 2253 tum
419 2218 486 2270 opus
504 2210 651 2269 repertum.
686 2198 757 2250 Tum
776 2197 885 2250 demum
903 2209 1053 2270 sequuntur
1071 2219 1114 2266 ea,
1136 2219 1204 2271 qnae
1222 2220 1272 2253 nos
1290 2202 1318 2253 in
1338 2201 1386 2253 stne

341 2285 401 2340 iibri
414 2307 468 2340 esse
479 2287 598 2340 diximus.
633 2287 732 2340 Habuit
749 2286 818 2341 hanc
827 2285 972 2340 editionem
988 2288 1066 2340 etiam
1078 2286 1109 2340 C.
1128 2285 1286 2356 Beierus,
1306 2284 1385 2361 quum

341 2374 430 2427 ederet
450 2374 532 2427 libros
557 2374 590 2427 de
609 2372 720 2428 Officiis.
764 2373 824 2427 Vid.
853 2373 910 2426 eius
934 2373 982 2428 Ed.
1000 2374 1033 2428 T.
1051 2374 1083 2427 Il.
1113 2395 1139 2446 p.
1158 2379 1219 2431 448.
1245 2376 1278 2430 Ν.
1298 2381 1341 2432 14.
1356 2377 1385 2439 “J

341 2461 467 2516 Ceterum
486 2473 512 2515 et
530 2461 600 2516 hanc
618 2462 777 2527 editionem,
795 2472 821 2516 et
839 2478 946 2526 omnes,
966 2481 1032 2532 quas
1052 2482 1106 2516 non
1124 2463 1238 2529 aliunde
1249 2478 1293 2519 me
1312 2485 1385 2520 acce-

339 2551 408 2621 pisse
426 2549 494 2616 dixi,
525 2568 609 2621 quum
626 2551 653 2603 in
673 2550 738 2603 meis
762 2550 814 2603 sint
831 2549 919 2615 libris,
945 2549 1001 2622 ipse
1019 2546 1118 2622 inspexi
1137 2562 1163 2605 et
1186 2564 1337 2624 per-totum
1357 2555 1385 2606 ii·

340 2638 439 2691 belium
458 2637 569 2692 contuli.
1042 2632 1045 2637 ¹

404 2731 430 2781 ².
459 2727 550 2778 Marci
569 2726 655 2792 Tutttj
667 2726 799 2779 Ciceronis
810 2729 898 2796 Opera
911 2728 942 2779 de
952 2728 1069 2796 Officiis:
1089 2728 1278 2782 rieAmicitio:
1298 2731 1329 2783 de
1340 2736 1384 2784 Se-

339 2824 462 2865 nectute:
480 2812 598 2864 eiusdem
615 2812 771 2865 Paradoxa.
816 2816 881 2865 Cum
899 2815 956 2866 suis
974 2817 1171 2868 commentariis
1188 2836 1245 2869 una
1263 2837 1323 2870 oum
1335 2819 1386 2891 sa·

340 2899 440 2950 mitiori
456 2899 647 2968 explanatione
663 2899 749 2968 ipsios
767 2901 859 2952 Iodori
876 2903 959 2954 Badii
977 2905 1006 2955 A
1011 2904 1142 2956 scensii
1148 2925 1156 2956 .-
1175 2905 1385 2959 adiunctaeins·

340 2987 397 3036 dem
417 2984 543 3037 Ascensii
565 2985 593 3036 in
618 2986 767 3038 Paradoxn
794 3007 865 3041 nova
888 2992 1053 3060 expositione
1078 2992 1226 3061 nuperrime
1252 2993 1384 3058 absoluta,

339 3090 386 3123 nec
403 3072 475 3123 aiios
494 3081 545 3122 nn!
564 3072 681 3124 antebac
698 3077 961 3147 usquamirnpressa.
973 3070 1008 3118 -'·
1026 3079 1383 3134 Parrtisiis1507.t.m.-

339 3158 446 3212 Latinae
464 3158 663 3211 Paradoxorum
691 3160 878 3234 inscriptiones
902 3164 1011 3219 desunt:
1038 3166 1157 3220 Graecae
1182 3168 1282 3221 Latinis
1299 3168 1388 3222 litteris

339 3257 469 3312 exaratae,
488 3246 532 3298 sed
551 3246 696 3300 admodum
716 3250 868 3306 mendosae.
910 3247 957 3308 Sic
984 3254 1121 3326 inscriptio
1148 3256 1237 3326 quarti
1264 3267 1315 3309 est:
1344 3258 1389 3307 on'

336 3334 439 3402 pondes
458 3335 468 3385 i
486 3336 552 3387 mori
569 3335 746 3404 apinissonde.
783 3337 864 3393 Cons.
883 3339 969 3395 Beier.
989 3342 1006 3396 Ι.
1026 3362 1049 3396 c.
1068 3363 1096 3413 p.
1114 3346 1176 3397 44⁹.
1194 3343 1227 3397 Ν.
1246 3347 1290 3398 19.

408 3426 434 3478 3.
470 3424 567 3492 Officia
584 3435 612 3475 et
633 3425 665 3475 de
683 3427 829 3479 Amicitia.-
861 3430 893 3480 de
912 3434 1054 3481 Senectute
1075 3440 1103 3480 et
1120 3431 1276 3485 Paradoxo-
1296 3436 1335 3486 M.
1357 3438 1387 3486 Τ.

339 3510 484 3562 Ciceronis:
523 3529 541 3561 a
566 3512 704 3564 Desiderio
734 3517 848 3566 Ernsmo
872 3517 1051 3568 Iioterodarno
1077 3516 1220 3589 diligenter
1245 3521 1388 3572 adnotato.

408 3723 436 3792 ⁸)
453 3724 579 3790 Accedit,
599 3729 671 3800 quod
691 3730 727 3783 itti
748 3732 837 3787 iibeiio
855 3736 1087 3809 Heidelbergensi,
1115 3748 1236 3809 separato
1260 3749 1286 3791 et
1304 3758 1388 3809 pecu-

337 3794 396 3848 liari
414 3795 506 3879 titulo,
524 3796 604 3850 nuliis
622 3801 781 3871 paginarum
801 3809 932 3874 numeris,
951 3810 995 3862 sed
1015 3808 1183 3880 piagularum
1203 3809 1295 3862 litteris
1312 3810 1388 3863 addi-

337 3876 380 3919 ω’
398 3877 437 3919 θδῑ
456 3864 561 3921 hbent„
579 3869 610 3920 (Ῑθ
627 3874 783 3939 Senectute,
802 3877 897 3931 decem
916 3892 941 3933 et
959 3891 1060 3952 septem
1081 3880 1150 3934 sotiis
1161 3891 1294 3945 constans,
1314 3881 1386 3953 quod

337 3938 417 4008 plane
437 3935 472 3993 ita
490 3957 545 3991 esse
564 3939 591 3991 in
611 3939 680 3995 libro
697 3942 816 4015 Spirensi
835 3951 917 4003 resert
934 3950 1126 4005 Huttenus:
1155 3971 1204 4004 nos
1229 3969 1289 4002 vero
1307 3952 1335 4004 in
1355 3971 1388 4004 eo

337 4029 447 4082 quoque
467 4009 571 4063 easdem
590 4012 674 4065 rarias
700 4014 827 4072 lectiones
846 4032 963 4075 enotatas
987 4024 1151 4094 reperimus,
1179 4040 1244 4092 quas
1267 4021 1389 4075 Hutte-

336 4099 402 4203 nup
416 4083 524 4204 ind-⁸⁰⁰²
548 4081 598 4135 nisi
617 4084 688 4154 quod
704 4085 766 4139 item
785 4091 928 4145 nonnuiias
946 4094 979 4149 ab
998 4112 1030 4147 eo
1049 4112 1103 4146 non
1130 4091 1324 4146 animadversas
1340 4095 1387 4146 de-

337 4170 384 4222 pre
405 4172 436 4204 en
457 4172 533 4206 rmus.

407 4224 448 4291 “i
466 4224 564 4278 Deesse
582 4225 661 4279 etiam
691 4225 773 4279 refert
797 4229 951 4284 Paradoxon
980 4245 1079 4288 sextum
1098 4233 1119 4286 I.
1138 4233 1158 4288 1.
1178 4235 1210 4288 G.
1229 4235 1387 4289 Schelle-

337 4311 392 4344 rus
410 4294 499 4355 (Obss.
518 4297 547 4346 in
562 4298 666 4364 priscos
684 4299 841 4369 scriptores,
860 4322 887 4372 p.
906 4308 981 4372 248.)
997 4305 1024 4357 in
1044 4305 1113 4358 Edit.
1133 4308 1202 4359 Ven.
1221 4310 1300 4360 1498.
