3450 5342
336 569 385 643 66
506 582 508 585 ’
665 585 836 635 rsmnoxs
864 583 1058 630 srorconuu.

338 752 482 822 „Abripuii
500 769 542 802 me
561 749 704 803 auctoritas
723 747 854 800 libroruin
874 744 903 796 Ρ.
914 743 1044 805 Victorii3
1063 761 1150 812 neque
1171 742 1249 795 aliter
1268 742 1386 795 Pabser-

338 852 387 893 ius.
425 837 512 893 Ceteri
529 837 601 889 enim
619 839 701 890 nostri
728 836 784 888 fere
808 834 949 884 delicatas.
991 831 1047 883 Me.
1072 840 1160 883 tamen
1187 818 1269 883 babis
1288 829 1388 900 felices.

336 927 367 980 F.
381 945 443 978 vero
462 937 488 979 et
508 926 542 979 V.
558 925 715 996 felicolcsl‘
734 920 873 975 Gruter.
911 919 1075 985 „Delicctes
1095 919 1215 972 ornnes.“
1235 917 1311 970 Aid.
1331 917 1389 970 Ma-

337 1027 406 1068 nul.
423 1044 455 1054 -
494 1013 622 1065 Deliacos
641 1010 832 1084 proheredum
851 1007 884 1058 H.
904 1005 1038 1060 luniusll.
1059 1005 1232 1058 Animadm.
1244 1034 1280 1045 -
1299 1004 1390 1072 „Recte

331 1105 468 1172 fiiicotcs.
503 1100 593 1156 Sicci
607 1101 735 1168 filicotne
753 1109 799 1151 aut
814 1096 947 1168 felicatas
966 1095 1056 1146 lances
1078 1095 1106 1147 in
1126 1095 1175 1166 Ep.
1194 1094 1214 1147 Ι.
1234 1093 1282 1146 lib.
1302 1093 1347 1145 Vl.
1364 1091 1390 1143 ad

340 1189 394 1244 Au.
412 1199 475 1242 sunt
499 1187 623 1243 caelasse.
667 1187 728 1238 Vid.
746 1204 814 1257 quae
838 1182 876 1235 ibi
894 1183 1046 1235 notemusf‘
1063 1180 1244 1235 Graevius.
1265 1210 1300 1220 —
1344 1178 1390 1248 Qui

339 1276 469 1328 Deliacos
486 1274 689 1339 commendarit,
707 1272 816 1326 laudant
834 1279 941 1340 praeter
958 1268 1009 1340 Ep.
1028 1269 1061 1322 ad
1081 1267 1135 1323 Ait.
1148 1268 1164 1321 l.
1182 1269 1199 1321 l.
1222 1269 1305 1322 etiam
1321 1270 1389 1321 Verr.

342 1362 374 1428 ll,
393 1367 437 1428 12,
456 1365 522 1417 115ι
541 1363 654 1414 multam
673 1361 814 1414 Deliacam
832 1357 1040 1427 supellectilem
1060 1357 1095 1409 ib.
1115 1357 1160 1423 w,
1179 1359 1205 1423 1,
1224 1360 1255 1409 1:
1287 1375 1337 1408 vos
1354 1355 1390 1405 ul-

342 1446 398 1501 lum
418 1450 584 1502 Corinthium
601 1461 653 1502 cut
672 1449 813 1501 Deliacum
826 1446 920 1517 fuisse
937 1464 1020 1517 neges
1040 1463 1090 1516 pro
1103 1443 1173 1497 Sexi.
1188 1443 1271 1498 Rosc.
1284 1442 1389 1496 Anco:

342 1539 435 1590 domus
452 1537 556 1608 referta
575 1538 649 1590 vasis
659 1536 803 1589 Corinthiis
820 1543 848 1585 el
861 1533 990 1586 Deliacis.
1027 1533 1160 1584 Filicotos
1172 1531 1275 1585 babent
1285 1531 1388 1601 [indi.

341 1623 434 1677 Duisb.
452 1623 510 1694 (sed
524 1624 616 1697 felic.)
630 1623 702 1678 Gud.
722 1622 754 1676 Α.
774 1622 839 1675 Oxx.
858 1639 883 1674 o.
902 1639 931 1683 ψ.
949 1620 1008 1689 (bic
1032 1638 1142 1692 quoque
1154 1619 1316 1692 fel.).Edd.
1336 1640 1389 1691 prc,

340 1711 444 1765 Manui.
465 1711 536 1766 vicu
554 1711 647 1764 Lamb.
663 1709 748 1763 Suifr.
765 1710 836 1762 Pcir.
854 1708 923 1760 Rob.
936 1706 1028 1778 Slepb.
1040 1706 1102 1760 Car.
1116 1706 1209 1779 steph.
1219 1707 1317 1761 Lamb.
1327 1726 1389 1777 seqq.

341 1800 447 1852 Priores
471 1800 618 1863 delicatos,
648 1810 678 1851 ut
702 1796 788 1851 codd.
815 1796 920 1867 reliqui.
962 1797 1017 1849 Pro
1044 1797 1158 1848 oliorum
1186 1794 1247 1848 Cri.
1269 1800 1294 1849 1.
1322 1796 1390 1848 babet

341 1888 501 1959 aliquorum.
538 1886 610 1938 idem
630 1906 645 1937 a
665 1888 691 1937 1.
709 1904 746 1937 m.
765 1884 879 1938 habebut
900 1895 1009 1954 palm,
1034 1883 1080 1936 sed
1105 1903 1185 1955 supra
1210 1883 1259 1936 lin.
1288 1883 1389 1936 correrii

342 1971 392 2025 alia
413 1991 507 2025 manus
520 1984 642 2042 poteras.
685 1971 765 2025 Drsd.
782 1976 807 2026 5.
831 1991 921 2024 eorum
940 1990 991 2043 pro
1020 1971 1144 2026 oliorum.
1183 1972 1308 2024 Verbum
1326 1970 1389 2022 orli-

343 2071 449 2111 lroruur
468 2061 540 2113 abest
559 2061 592 2112 ab
611 2059 661 2112 Ox.
673 2080 696 2127 η.
733 2058 815 2126 Quod
834 2077 884 2129 pro
902 2058 1017 2110 oliorum
1034 2058 1063 2111 in
1077 2058 1145 2111 Edd.
1160 2059 1256 2112 Lamb.
1276 2070 1302 2113 el
1315 2056 1389 2111 Suffr.

342 2146 415 2198 Peir.
433 2156 471 2199 est
487 2147 614 2210 istorum,
633 2144 737 2198 Orellio
755 2145 909 2200 coniectura
928 2144 1043 2210 videtur,
1069 2144 1114 2197 sed
1132 2145 1214 2197 bona.
1261 2144 1318 2197 Nec
1336 2141 1389 2194 mibi

344 2233 472 2303 displicet.
514 2233 611 2304 Reperi
636 2234 748 2287 eandem
774 2235 826 2287 sive
850 2233 993 2286 lectionem
1019 2232 1072 2286 sive
1097 2232 1285 2302 conjecturam
1304 2233 1331 2283 in
1347 2227 1389 2280 Ed.

344 2319 441 2373 Colon.
460 2339 484 2373 a.
503 2323 581 2384 1516,
600 2340 668 2392 quae
686 2321 739 2374 sola
760 2341 789 2375 es
807 2321 882 2384 meis,
901 2339 963 2374 cum
983 2320 1031 2372 Ed.
1048 2320 1132 2391 ipsius
1145 2318 1274 2371 Lambini
1286 2319 1388 2380 sicco,

344 2407 423 2462 babet
441 2418 539 2462 lenum
558 2427 617 2461 rere
636 2410 849 2464 Lambinianum.
868 2407 925 2460 ldr.

411 2482 548 2566 filicitas]
567 2495 643 2551 filicis
661 2498 749 2569 specie
768 2508 902 2562 ornatas„
915 2496 1013 2567 pictas,
1032 2493 1153 2548 caelans.
1205 2494 1258 2547 Alii
1284 2494 1335 2565 leg.
1352 2494 1387 2542 de-

344 2585 457 2642 licotos‚
475 2583 509 2637 al.
528 2585 660 2649 deliacos,
692 2605 746 2657 quo
765 2585 875 2638 nomine
904 2582 1090 2654 intelliguntur
1108 2581 1206 2633 summi
1230 2583 1309 2653 prelii
1333 2598 1387 2641 vase,

345 2691 414 2744 quae
443 2692 504 2726 cum
531 2671 677 2727 Corinthiis
700 2673 902 2743 coniunguntur
929 2690 943 2724 a
970 2670 1101 2725 Cicerone
1128 2689 1178 2741 pro
1204 2670 1284 2725 Rosc.
1310 2674 1387 2724 Amo.

345 2777 367 2812 c.
384 2761 428 2812 45.
465 2760 561 2813 Facc

415 2850 486 2897 Sunt
506 2846 574 2896 euim
592 2866 679 2899 corrues
693 2865 775 2916 pares
794 2847 864 2899 iulet
881 2848 929 2914 se,]
948 2846 1054 2901 Haben!
1067 2846 1153 2900 Codd.
1164 2847 1246 2901 Beru.
1262 2859 1290 2903 et
1306 2847 1386 2900 Crul.

345 2950 406 2985 cum
425 2930 475 2982 Ed.
491 2931 552 2984 Par.
571 2953 592 2985 s.
611 2952 634 2985 a.
667 2939 740 2987 Sunt
757 2936 826 2986 enim
848 2953 929 3005 pares
954 2936 1025 2988 iuter
1042 2955 1071 2988 sc
1093 2955 1196 3000 omnes,
1221 2935 1316 2988 ordine
1339 2953 1387 2986 ver-

345 3021 442 3071 borum
461 3018 531 3071 baud
549 3020 728 3091 improbabili.
765 3022 832 3077 cod.
852 3023 959 3077 Suerin.
977 3024 1093 3078 exbibet:
1121 3027 1194 3076 Sunt
1218 3024 1289 3076 enim
1305 3040 1387 3077 omnen

345 3115 452 3174 praeter
470 3105 631 3174 Superbum,
652 3127 733 3178 pares
746 3111 818 3162 iuter
835 3128 872 3164 se.
916 3095 1007 3165 Minus
1034 3113 1111 3164 bene.
1155 3113 1211 3166 Pro
1237 3115 1307 3166 enim
1329 3109 1386 3164 male

346 3191 443 3262 legitur
462 3192 490 3245 in
509 3191 589 3247 Drsd.
603 3199 629 3249 3.
648 3207 753 3263 aulem,
772 3197 799 3250 in
819 3196 898 3251 Drsd.
918 3204 943 3252 1.
960 3200 1036 3270 peius
1055 3210 1120 3252 cut:
1140 3201 1280 3254 erroribus
1298 3221 1326 3253 es
1338 3217 1386 3271 per·

346 3299 438 3352 peram
457 3280 531 3336 lectis
543 3283 677 3337 scribendi
696 3285 862 3356 compendiis
886 3286 926 3339 vel
945 3287 1017 3358 siglis
1041 3299 1109 3341 orio.
1150 3286 1275 3341 Glossam
1303 3287 1386 3341 habeo!

346 3366 432 3422 Codd.
451 3366 510 3422 Cre.
531 3372 555 3422 1.
574 3375 599 3423 2.
625 3372 704 3426 Drsd.
723 3377 748 3426 5.
777 3371 841 3425 Oxi.
861 3372 882 3426 1.
910 3394 936 3442 η.
978 3375 1126 3443 Superbum
1153 3379 1385 3448 Tarquinium:

345 3457 458 3510 alterum
477 3456 529 3511 boc
547 3478 647 3514 nomen
666 3461 693 3515 in
714 3461 784 3515 Gud.
797 3463 830 3514 A.
849 3462 987 3532 suprvlin.
999 3462 1145 3533 adpictum.
1183 3463 1323 3531 Quasnam
1338 3477 1386 3512 τοῖο

345 3543 412 3596 Edd.
430 3544 560 3615 significa!
579 3547 676 3600 Graev.
695 3550 740 3619 qui
767 3550 794 3601 in
814 3568 880 3602 varr.
898 3549 970 3603 lecu.
989 3549 1052 3603 dicii
1077 3550 1200 3602 exhibere
1225 3571 1271 3604 eas
1292 3557 1386 3621 praeter

348 3631 525 3700 Tarquinium
541 3634 704 3702 Superbum,
729 3656 775 3689 eae
797 3648 860 3690 suni
889 3636 978 3690 Hervv.
996 3635 1072 3690 Cam.
1090 3636 1191 3690 Sturm.
1210 3638 1283 3691 Aud.
1300 3632 1385 3694 Talaei,

345 3714 422 3769 Boul.
441 3714 501 3769 Alc.
520 3721 597 3773 1518.
615 3721 697 3774 Paris.
715 3727 793 3778 1543.
837 3724 893 3779 Nec
911 3744 973 3779 vero
992 3724 1068 3778 video
1088 3725 1228 3796 quomodo
1247 3725 1348 3779 Gernb.
1363 3738 1385 3772 εἰ

344 3802 518 3856 annotatione
537 3804 642 3861 Graevii
668 3829 763 3865 eruere
790 3814 923 3883 potuerit,
948 3811 1045 3866 babere
1063 3812 1134 3866 banc
1152 3811 1298 3867 lectionem
1317 3807 1386 3864 Codi-

345 3909 404 3944 cem
421 3889 491 3944 Pilb.
511 3904 537 3947 ei
553 3893 621 3952 Edd.
642 3909 754 3966 veteres,
774 3912 881 3974 excepta
900 3902 969 3956 Ven.
990 3903 1069 3954 1487.
1088 3910 1114 3953 ei
1132 3902 1194 3954 Asc.
1215 3905 1302 3956 152⁰:
1334 3911 1384 3951 nam

345 3990 370 4031 ei
389 3978 532 4052 pleraeque
549 3981 661 4052 habeut,
690 3989 763 4060 quod
785 4010 835 4044 nos
858 3989 1005 4053 edidimus,
1031 3999 1058 4043 ei
1074 3987 1255 4042 Pitboeauum
1282 3989 1386 4056 aliosque
1430 4052 1432 4065 Ι

344 4066 423 4121 MSS.
450 4068 547 4124 babere
573 4073 642 4126 idem
662 4075 794 4146 significat
818 4071 961 4140 Graevius,
991 4095 1155 4148 quamquam
1182 4078 1218 4129 ob
1242 4077 1385 4130 brevitatem

344 4156 434 4226 paullo
452 4159 599 4216 obscurius.
633 4163 664 4216 ln
685 4183 741 4217 uno
759 4163 873 4217 Goon.
892 4161 987 4216 excidis
1002 4181 1091 4231 poree.
1127 4163 1328 4236 DeTarquinio
1346 4155 1386 4208 rid.
1430 4164 1432 4169 '

343 4240 397 4296 Lir.
417 4246 436 4310 1,
456 4250 490 4300 19
509 4268 566 4321 sqq.
584 4249 614 4302 in
632 4251 726 4322 primis
746 4270 768 4304 c.
786 4254 830 4304 53.
872 4248 942 4302 Mira
971 4260 1008 4302 esi
1025 4249 1105 4304 lenio
1131 4249 1180 4302 Ed.
1199 4249 1280 4305 Hdlb.
1301 4270 1320 4303 s
1337 4247 1350 4298 i·
1366 4253 1384 4294 θ’

343 4346 366 4380 a.
383 4341 491 4398 praeter
508 4335 651 4403 superbum
666 4341 793 4390 Brutum.
830 4337 860 4389 Si
879 4340 940 4409 quis
958 4349 1035 4409 roget
1053 4368 1095 4391 —.
1113 4337 1173 4394 ΜΓ.
