3450 5342
599 706 796 759 ramosos
818 711 849 758 v.
877 708 948 758 aar.
970 709 1007 756 n.
1258 688 1333 763 235

283 872 326 925 Ad
341 882 505 926 'structuram
524 868 591 934 loni,
617 869 663 922 ubi
684 869 827 941 pleraeque
845 866 913 920 Edd.
933 879 993 940 post
1018 867 1107 939 priora
1135 870 1213 922 verba
1237 873 1333 939 poscit,

282 971 375 1024 uocat,
394 959 441 1015 rel.
457 958 555 1011 habent
573 956 756 1026 interrogandi
774 956 896 1026 signum
922 976 978 1008 non
1005 954 1104 1008 habent
1128 954 1206 1009 Face.
1231 955 1333 1011 Gernh.

237 1076 240 1085 ‹
282 1045 348 1111 On,
368 1048 417 1099 vid.
434 1045 523 1098 Jahnii
541 1044 650 1098 Annall.
669 1043 774 1096 Philoll.
792 1047 872 1099 1832.
896 1063 922 1114 p.
941 1048 1002 1098 265.
1020 1042 1066 1096 uhi
1088 1043 1227 1097 confertur
1244 1041 1335 1098 Horat.

281 1133 366 1203 Epist.
386 1133 418 1198 lt,
437 1137 464 1200 3,
483 1138 531 1187 25:
564 1132 660 1186 Breuis
677 1149 734 1182 esse
752 1130 857 1183 labara:
886 1130 1015 1184 obscurus
1027 1132 1088 1200 fia,-
1114 1141 1141 1185 et
1163 1130 1199 1185 D.
1217 1130 1336 1185 Stinner.

281 1222 311 1275 in
330 1221 433 1275 Prolus.
451 1220 589 1274 Vratislav.
606 1239 630 1273 a.
650 1222 729 1274 184⁰.
747 1224 788 1274 4.:
812 1218 1013 1273 Grammaticae
1032 1219 1209 1292 Zumptianae
1234 1218 1338 1290 aliquot

282 1309 335 1363 loci
354 1308 522 1380 pertractati,
541 1328 569 1379 p.
589 1313 632 1363 20.
659 1308 706 1361 ubi
725 1307 850 1362 laudatur
878 1307 956 1361 Aust.
975 1306 1008 1360 ad
1025 1306 1142 1360 Herenn.
1158 1306 1205 1373 lV,
1224 1308 1269 1373 15,
1287 1308 1335 1358 21:

282 1397 371 1460 Ades,
389 1396 480 1449 abesse
500 1397 557 1448 vis:
576 1395 654 1459 abes,
674 1396 774 1447 reuerti
792 1395 877 1465 cupis.
913 1393 973 1448 Mr.

353 1486 413 1555 Ego
433 1502 495 1535 vero
512 1483 596 1535 istum
620 1501 673 1536 nan
698 1483 773 1534 modu
791 1484 922 1550 seruum,]
959 1480 990 1535 lu
1019 1481 1086 1535 cod.
1109 1481 1211 1535 crs-1.
1238 1481 1337 1553 legitur

282 1573 342 1641 Ego
360 1589 421 1623 uero
438 1570 556 1623 iudico
572 1571 674 1630 istums
706 1571 733 1623 in
753 1567 813 1624 Cre.
831 1573 858 1624 3.
877 1588 926 1642 ega
944 1590 1006 1624 vera
1030 1590 1096 1622 nan
1117 1580 1215 1622 tuum
1232 1571 1336 1622 illum

281 1677 396 1713 servum.
433 1658 505 1714 Gud.
525 1659 557 1711 Α.
574 1658 673 1712 omittit
688 1657 781 1712 istum.
827 1658 917 1711 Verba
942 1659 990 1710 sed
1013 1657 1204 1729 nequissimum
1229 1676 1335 1709 servum

282 1746 436 1799 exciderunt
454 1745 482 1797 in
502 1742 570 1798 Cod.
596 1744 677 1798 Drsd.
695 1749 721 1800 3.
747 1745 828 1799 oculu
856 1745 995 1817 scriptoris
1019 1745 1145 1816 apriore
1168 1759 1275 1797 seruum
1302 1743 1335 1797 ad

281 1832 397 1885 alterum
415 1833 566 1885 aberrante.
609 1832 664 1885 Pro
687 1831 762 1884 moda
781 1831 831 1885 Ox.
850 1831 882 1887 Ε.
906 1832 985 1886 habet
1012 1842 1128 1888 tantum.
1172 1831 1247 1885 Idem
1273 1850 1337 1886 eum

281 1917 334 1971 Ox.
350 1936 379 1980 ψ.
399 1918 496 1972 omittit
514 1916 621 1971 servuin
639 1928 699 1990 post
717 1918 916 1990 nequissimum.
960 1920 1018 1971 Vox
1039 1919 1067 1970 in
1093 1919 1166 1973 abest
1191 1920 1224 1972 ab
1244 1917 1294 1973 Ox.
1307 1918 1338 1971 E.

282 2005 356 2059 Gud.
375 2007 407 2059 Α.
427 2009 485 2060 Cre.
504 2009 528 2059 l.
546 2006 588 2078 (in
607 2025 661 2078 quo
680 2005 759 2059 etiam
779 2005 851 2059 deest
870 2006 907 2070 si)
926 2005 1007 2060 Drsd.
1023 2012 1052 2068 2.
1070 2011 1096 2062 l.
1131 2007 1163 2059 ln
1187 2007 1253 2059 eod.
1268 2005 1338 2059 Sue-

283 2096 335 2148 rin.
352 2094 449 2164 legitur
466 2094 631 2163 amplissima
649 2103 734 2147 natus
752 2095 790 2147 sit
804 2093 929 2166 familia.
965 2093 1018 2148 Ox.
1035 2094 1054 2146 l.
1081 2093 1270 2165 amplissimum
1283 2097 1338 2162 fa-

283 2182 386 2233 miliani
403 2192 502 2234 nactus
519 2183 565 2236 sit.
601 2180 660 2235 ΜΓ.

356 2270 450 2339 Atque
468 2279 500 2319 ut
518 2269 547 2319 in
564 2288 663 2338 magna
675 2269 792 2341 familia
806 2296 840 2308 -
860 2288 927 2340 pisos
944 2271 1035 2340 signa]
1074 2269 1120 2324 Est
1138 2270 1181 2324 hic
1199 2270 1338 2325 locusl'a-

285 2354 445 2408 radoxorum
467 2367 569 2409 tantum
590 2376 645 2409 non
665 2357 848 2410 versatissimus.
895 2356 1012 2427 Deque
1032 2377 1094 2411 cum
1122 2359 1198 2413 multi
1217 2360 1337 2431 disputa-

284 2441 383 2507 verint,
407 2461 502 2495 eorum
531 2442 723 2514 disputationes
748 2445 776 2497 in
804 2448 958 2496 Exeursum
986 2445 1153 2498 coniecimus
1178 2448 1220 2513 X,
1249 2446 1336 2500 addita

285 2540 376 2582 nostra
394 2531 537 2584 sententia:
564 2530 695 2586 hocloco
715 2531 780 2584 nihil
806 2531 856 2585 nisi
876 2532 1007 2585 librorum
1026 2533 1167 2587 lectionem
1194 2536 1338 2604 posuimus.

284 2618 408 2670 Primum
427 2618 507 2670 Atti
526 2618 690 2672 Manutii:
718 2620 817 2686 „llunc
836 2620 927 2674 locum
947 2621 1054 2691 egregie
1073 2621 1185 2673 restituit
1202 2621 1338 2674 excellenti

284 2703 325 2755 vir
344 2703 467 2772 ingenio,
495 2704 614 2759 Obertus
632 2705 756 2760 Gilanius
783 2707 871 2774 [cuius
895 2709 1052 2761 sententiam
1078 2708 1106 2758 in
1124 2706 1242 2760 Excursu
1267 2707 1339 2759 eslii-

284 2791 392 2856 bemus]
419 2791 491 2844 etin
520 2813 553 2846 eo
570 2794 620 2846 sibi
645 2814 724 2866 opem
744 2794 833 2848 tulisse
860 2804 975 2848 veterem
991 2795 1090 2848 librum
1110 2805 1232 2848 testatur:
1265 2786 1339 2847 cuius

284 2897 337 2950 ego
361 2877 421 2930 lidei
449 2898 504 2931 non
533 2881 638 2948 minus,
670 2902 752 2954 quam
776 2883 877 2938 iudicio
903 2883 1095 2954 doctrinaeque
1121 2883 1218 2936 tribuo.
1270 2879 1337 2934 Nam

285 2980 358 3022 certe
377 2968 532 3040 glossemata
552 2972 585 3025 ab
604 2972 734 3044 imperitis
753 2973 887 3027 inculcata
906 2983 988 3027 totam
1015 2973 1172 3026 sententiam
1198 2974 1339 3044 perturba-

285 3058 360 3110 bant.
397 3058 433 3110 Ει
452 3060 518 3112 meis
535 3079 584 3132 pro
604 3080 703 3130 magna
721 3080 792 3113 unus
810 3060 889 3114 habet
908 3063 1040 3126 maxima,
1066 3080 1136 3113 unus
1159 3058 1223 3112 nihil
1251 3059 1338 3114 habet.

284 3146 349 3199 Post
366 3146 482 3217 familia
508 3147 602 3201 decem
627 3159 729 3219 septem
755 3148 858 3203 addunt
885 3148 1050 3212 stultorum,
1077 3166 1160 3200 unus:
1194 3165 1340 3200 seruorum.

285 3235 347 3286 Alii
370 3246 451 3300 sunt,
475 3234 615 3289 sexdecim.
651 3234 736 3290 Octo:
762 3235 810 3288 sed
834 3246 926 3288 tamen
950 3237 1105 3298 suntservi
1124 3235 1255 3286 atrienses
1273 3245 1338 3286 artu

281 3323 348 3392 pari
364 3323 502 3374 stultitiae
520 3341 602 3388 suae,
619 3342 664 3392 φὶ
683 3322 752 3375 duo:
780 3323 829 3375 sed
852 3332 944 3374 tamen
966 3323 1037 3374 servi
1061 3323 1192 3372 atrienses
1216 3331 1283 3372 sunt
1307 3338 1339 3371 ac

283 3411 424 3478 copiarum
441 3409 579 3460 stultitiae
597 3427 680 3475 suae,
699 3429 741 3480 q.,·
768 3427 851 3460 unus:
870 3409 918 3462 sed
934 3417 1025 3458 tamen
1043 3407 1114 3458 servi
1136 3425 1164 3460 a.
1189 3418 1269 3469 sunt,
1293 3418 1340 3458 at-

283 3517 337 3571 que
354 3497 417 3566 pari
435 3496 572 3547 stultitiae
591 3515 671 3561 suae,
691 3516 735 3566 q.,‘
765 3513 849 3548 uuus:
868 3493 916 3544 sed
930 3503 953 3546 t.
971 3494 1042 3544 servi
1061 3511 1088 3547 a.
1107 3503 1172 3543 actu
1186 3495 1251 3561 pari
1267 3494 1342 3545 stul-

283 3586 366 3637 titiae
385 3583 539 3647 masiliis,
558 3604 603 3655 p.,·
633 3603 715 3637 unus:
742 3582 792 3634 sed
813 3600 861 3634 nec
879 3591 970 3632 tamen
999 3579 1071 3632 servi
1095 3597 1122 3632 a.
1137 3589 1228 3643 sunt,
1257 3589 1340 3648 atque

283 3674 347 3744 pari
364 3672 503 3724 stultitiae
521 3690 600 3736 suae,
619 3692 644 3743 q.
653 3691 664 3732 ,·
684 3691 764 3724 unus:
794 3671 842 3722 secl
859 3680 880 3724 t.
899 3669 970 3722 servi
988 3686 1014 3721 a.
1033 3677 1114 3734 sunt,
1133 3676 1198 3718 actu
1219 3665 1342 3718 stultitia

282 3763 347 3832 pari
364 3778 444 3823 suae,
463 3780 488 3830 q.
498 3780 507 3820 ,·
527 3780 607 3814 unus:
626 3762 675 3813 sed
691 3771 711 3815 t.
724 3761 796 3814 servi
813 3778 839 3815 a.
851 3779 884 3810 ae
901 3768 967 3811 actu
986 3757 1030 3810 sui
1047 3755 1184 3809 stultitiae
1202 3772 1276 3812 suae,
1294 3774 1339 3824 q.;

285 3869 370 3902 unus:
388 3849 436 3900 sed
443 3859 464 3901 t.
474 3849 545 3901 servi
555 3867 581 3903 a.
592 3850 717 3919 occupari
727 3849 866 3901 stultitiae
876 3866 952 3913 suae,
971 3866 1014 3918 q.,·
1034 3864 1114 3898 unus:
1134 3843 1181 3897 sed
1192 3853 1212 3896 t.
1223 3843 1294 3896 serui
1312 3863 1338 3896 a.

284 3956 319 3988 aa
335 3937 399 4005 pari
413 3947 479 3988 actu
498 3937 634 4005 copiarum
652 3938 772 3990 stultitie
787 3956 862 4002 suae,
882 3958 919 4008 q.‚·
939 3955 1023 3989 unus:
1042 3934 1091 3986 sed
1108 3943 1130 3984 t.
1147 3931 1217 3985 serui
1235 3942 1340 3983 suntet

283 4024 309 4075 si
327 4023 461 4074 atrienses
479 4033 543 4075 actu
559 4024 624 4092 pari
647 4025 783 4076 stultitiae
802 4044 883 4091 suae,
910 4044 976 4096 quos
994 4026 1057 4078 -“.
1084 4051 1118 4062 -
1137 4021 1238 4074 Mirum
1258 4037 1339 4090 quam

285 4111 330 4162 bic
353 4109 454 4164 variant
480 4111 645 4182 exemplaria.
690 4111 847 4180 Quaedam:
872 4117 1002 4166 atrienses
1027 4121 1093 4164 astu
1114 4111 1179 4180 pari
1202 4108 1340 4161 stultitiae

283 4217 366 4261 suae,
392 4217 459 4268 quae
475 4227 510 4237 —
528 4198 604 4253 alias:
635 4202 766 4256 atrienses
797 4213 861 4255 actu
885 4202 948 4272 pari
972 4200 1110 4254 stultitiae
1133 4207 1198 4250 sunt
1220 4215 1286 4267 qreos
1305 4225 1337 4233 -

283 4286 364 4343 alias:
392 4285 522 4338 atrienses
541 4297 605 4338 actu
624 4288 687 4356 pari
707 4290 830 4342 stultitia
850 4300 930 4355 sunt,
958 4304 1026 4359 quae
1046 4296 1111 4338 sunt
1129 4285 1238 4353 sigua.“
1264 4281 1339 4338 Car.

282 4376 386 4444 hang.
422 4372 484 4426 Car.
502 4372 653 4445 Stephanus
672 4376 699 4429 in
719 4388 805 4431 vetere
824 4397 873 4430 suo
891 4396 919 4430 se
938 4374 1067 4446 reperisse
1086 4382 1211 4426 testatur:
1229 4372 1277 4423 setl
1292 4382 1340 4424 ta-

283 4483 343 4515 men
362 4464 449 4517 serri:
467 4463 506 4516 sie
524 4465 544 4513 ii
558 4465 622 4533 pari
638 4465 761 4517 stultitia
781 4476 854 4520 suut.
900 4460 1093 4517 Osoniensium
1107 4459 1154 4514 hae
1174 4469 1235 4512 sunt
1247 4457 1341 4513 lectio-
