3450 5342
682 674 723 718 so
751 674 946 720 ranaooxon·
976 674 1004 731 v,
1025 670 1048 716 ι.
1313 655 1387 728 355

335 839 414 889 totu.
434 833 492 902 ta.)
538 835 682 905 „Topiarii
699 835 769 888 inter
787 834 958 906 praediorum
986 835 1145 889 rusticorum
1170 856 1258 893 servos
1277 861 1387 897 censen-

335 937 393 994 tur,
415 925 461 996 qui
480 922 635 977 arbusculas
654 923 828 994 virgultaque·
844 921 954 976 ductilia
974 922 1043 977 lucili
1058 921 1126 976 ilesu
1144 924 1170 978 in
1190 925 1273 979 varias
1290 928 1388 985 formas

333 1025 360 1066 et
378 1011 476 1083 figuras
494 1011 592 1066 sollerti
619 1011 729 1083 ingenio
754 1010 907 1080 exprimunt
932 1020 966 1062 et
983 1010 1156 1066 concinnant.
1173 1042 1207 1051 -
1253 1015 1320 1070 ilinc
1347 1030 1387 1071 to.

331 1099 451 1168 pierium
469 1119 535 1169 opus
555 1111 581 1154 et
598 1120 641 1154 ars
657 1099 713 1171 ipsa
733 1097 852 1168 topiaria
872 1088 977 1153 dicitur.
998 1096 1054 1154 Cic.
1074 1100 1107 1153 ad
1127 1099 1163 1168 Q.
1181 1102 1267 1157 Fratr.
1278 1105 1322 1160 ΙΙΙ.
1342 1109 1386 1159 l.“

407 1219 426 1272 Ι.
446 1219 479 1273 Α.
499 1219 656 1274 Ernesti:
685 1224 746 1288 „tu
770 1221 800 1272 in
828 1239 929 1292 magua
957 1220 1068 1292 fornilia
1093 1221 1171 1277 babet
1201 1224 1249 1278 Ed.
1275 1223 1386 1291 Cblon.;

335 1309 456 1362 Romana
483 1309 555 1364 addit
582 1312 746 1377 stultorum,
767 1321 797 1363 ut
826 1321 852 1363 et
877 1307 957 1365 MSS.
982 1309 1084 1381 plures.l
1125 1311 1287 1367 Deleverunt
1317 1328 1387 1370 recte

335 1396 451 1468 bangius
469 1408 494 1450 et
513 1396 649 1452 Graevius.
686 1397 715 1451 Si
736 1399 844 1451 verbum
864 1397 917 1451 hoc
935 1417 963 1449 es
982 1397 1034 1450 alio
1054 1410 1144 1452 natum
1165 1413 1202 1455 est
1221 1421 1312 1456 errore
1322 1405 1387 1456 scri-

335 1485 446 1551 barum,
473 1497 564 1557 putem
588 1487 667 1539 fuisse
685 1505 842 1550 serrorum,
863 1497 889 1539 et
915 1498 972 1556 post
992 1487 1085 1540 afuisse
1103 1491 1202 1544 servi.“
1223 1521 1256 1530 -
1300 1497 1386 1557 „Sunt

335 1573 386 1624 olii
404 1574 550 1626 lautiores:
579 1573 622 1627 Sc.
642 1573 677 1639 ii,
697 1574 742 1646 qui
773 1570 888 1626 artifices
905 1586 981 1640 sunt,
1007 1586 1032 1628 et
1061 1576 1105 1646 qui
1126 1578 1235 1630 delicati
1262 1581 1387 1635 (licuntur

335 1673 416 1733 atque
435 1661 514 1715 etiarn
535 1662 629 1716 melius
647 1673 795 1716 tractantur
814 1663 929 1729 ceteris,
956 1682 1072 1737 quorum
1097 1664 1202 1718 sordida
1228 1678 1253 1720 et
1277 1667 1385 1736 humilia

335 1761 398 1803 sunt
415 1750 589 1804 ministeria.“
609 1781 648 1791 —-
691 1754 774 1815 „Atr.
799 1769 833 1801 oo
858 1750 982 1818 topiarii:
1009 1750 1055 1804 Sic
1081 1750 1150 1803 edidi
1174 1770 1235 1805 cum
1264 1752 1385 1809 Graevio.

335 1839 407 1892 Mire
425 1839 490 1893 baec
508 1852 571 1894 sunt
588 1840 675 1893 vitiata
695 1841 721 1892 in
743 1838 824 1892 MSS.
843 1850 869 1892 et
888 1837 954 1892 Edd.
975 1858 1016 1909 pr.
1035 1837 1162 1894 Ceterurn
1180 1841 1303 1892 stultitia
1322 1843 1385 1896 rnibi

335 1925 381 1980 hic
399 1946 454 1980 non
474 1929 569 2001 placet.
603 1927 672 1981 Natu
692 1948 748 1981 non
767 1938 805 1980 est
822 1922 911 1995 sermo
930 1926 963 1979 de
982 1925 1101 1993 stultitia,
1128 1928 1173 1979 sed
1199 1928 1232 1980 de
1257 1930 1385 1984 servitute.

336 2011 365 2065 Si
386 2024 474 2067 tamen
494 2026 533 2086 est
550 2035 564 2069 a
584 2013 732 2082 Cicerone,
761 2013 929 2084 intelligendi
947 2015 1013 2068 servi
1038 2026 1099 2068 sunt
1123 2034 1199 2086 pares
1223 2017 1329 2070 stultitia
1349 2020 1385 2080 iis,

336 2121 404 2173 quos
423 2112 484 2156 ante
504 2102 566 2156 dixit
584 2102 709 2157 lautiores
726 2104 775 2157 sibi
794 2103 891 2169 sideri,
911 2103 1018 2156 serris.“

407 2226 443 2280 D.
463 2226 780 2297 wyttenbachius,
807 2223 871 2278 nibil
899 2223 930 2276 de
956 2222 1071 2283 lectione
1096 2224 1122 2274 in
1147 2222 1242 2276 scholis
1270 2229 1386 2281 monuit:

335 2313 369 2365 ad
389 2314 466 2369 rerba
485 2314 638 2386 explicanda
659 2315 723 2369 baec
741 2313 841 2370 attulit:
874 2313 1031 2381 „Aniensis
1054 2331 1141 2365 servus
1161 2310 1261 2364 dicitur
1278 2313 1312 2377 is,
1341 2319 1386 2387 qui

336 2401 432 2456 atrium
451 2414 551 2470 serrat,
575 2402 696 2457 homines
712 2403 875 2457 extrinsecus
890 2401 1076 2463 adventantes,
1100 2399 1269 2465 salutatores,
1301 2401 1387 2455 intro·

339 2488 443 2542 ntittit.“
462 2519 497 2528 ·-
542 2492 708 2560 „Topiorius
727 2492 754 2542 in
780 2491 884 2562 pictura
903 2490 1016 2554 dicitur,
1043 2488 1089 2559 qui
1116 2485 1239 2558 regiones
1264 2499 1290 2541 et
1315 2489 1388 2545 locos

339 2574 438 2646 pingit,
463 2587 493 2630 ut
510 2588 550 2631 est
570 2577 642 2648 apud
662 2577 763 2632 Vitruv.
783 2578 816 2631 de
835 2577 936 2633 Archit.
958 2576 1015 2641 Vll,
1035 2580 1059 2631 5.
1105 2574 1175 2628 Turn
1205 2597 1233 2629 ex
1257 2578 1386 2633 arborum

336 2657 490 2734 sequacium
500 2676 527 2718 et
541 2663 694 2719 flexibiliurn
708 2666 847 2720 frondibus
865 2665 1040 2721 contexebant
1059 2663 1185 2734 porticus,
1206 2682 1287 2732 casas,
1308 2677 1387 2738 tugu-

339 2749 634 2826 ria,5turresaliasque
652 2753 805 2809 formabant
823 2774 879 2821 res,
906 2754 968 2807 item
988 2771 1016 2806 es
1037 2751 1146 2817 ritibus,
1166 2751 1276 2822 hedera,
1306 2775 1387 2809 acan·
1490 2766 1494 2772 '

313 2849 316 2854 '
338 2837 392 2893 tho.
430 2837 531 2916 Horurn
549 2839 690 2895 bominum
709 2843 736 2895 in
756 2843 822 2896 villis
841 2854 867 2896 et
883 2842 967 2896 bortis
987 2851 1042 2895 erat
1063 2860 1175 2907 rnuuus,
1195 2852 1322 2912 tanquam
1343 2864 1386 2896 ar·

338 2924 449 2979 silicum.
494 2926 550 2982 Cic.
576 2929 609 2981 ad
637 2929 671 2998 Q.
696 2931 741 2984 Fr.
761 2930 805 2984 ΙΙΙ.
824 2934 850 2985 1.
876 2930 946 2984 Plio.
964 2928 997 2981 ΙΙ.
1018 2927 1050 2980 Ν.
1069 2928 1150 2996 ΧΧΙΙ,
1172 2933 1215 2983 22.
1257 2930 1387 2987 Firmicus

336 3013 452 3070 Matern.
470 3015 554 3071 Mart.
573 3016 642 3082 Vlll,
663 3021 725 3071 10.“
744 3049 778 3058 -
815 3021 920 3092 „Signo
939 3019 1067 3081 dicuntur
1086 3012 1205 3071 universe
1223 3037 1306 3088 opero
1326 3021 1388 3073 artis

335 3122 467 3173 corporea
482 3104 515 3157 ad
534 3104 708 3165 imitationem
729 3118 839 3162 naturae
858 3107 1015 3179 composita,
1036 3105 1114 3161 veluti
1132 3116 1242 3170 statuae,
1261 3107 1387 3178 picturae,

336 3211 418 3264 opera
439 3192 538 3247 caelata
557 3193 576 3246 i.
595 3213 617 3246 e.
640 3195 753 3264 quaein
773 3194 854 3264 plano
873 3197 999 3247 erstant.“

409 3296 440 3350 Α.
456 3296 492 3351 G.
511 3295 742 3351 Gernbardus
765 3298 800 3351 ad
818 3317 842 3351 s.
860 3297 993 3348 lautiores
1012 3296 1101 3348 laudat
1120 3297 1176 3349 Cic.
1195 3298 1227 3349 ad
1247 3298 1302 3352 Au.
1319 3300 1387 3364 Xlll,

334 3385 385 3437 52:
403 3383 508 3437 libertis
526 3387 613 3438 minus
631 3385 718 3437 lautis
734 3385 872 3458 servisque
890 3384 959 3435 nibil
977 3383 1084 3453 defuit:
1103 3401 1165 3432 noro
1184 3383 1316 3436 lautiores
1334 3389 1388 3438 ele-

333 3477 434 3542 ganter
452 3474 563 3543 accepti.
608 3473 649 3528 Ad
668 3494 691 3527 v.
709 3474 852 3526 Atrisrsres
874 3472 912 3526 ait
937 3491 983 3524 eos
1001 3463 1131 3540 imagines
1149 3468 1309 3539 gentilicias,
1334 3484 1387 3524 sta·

335 3571 408 3626 tuas,
425 3561 542 3630 picturas
560 3562 588 3615 in
605 3562 673 3615 atrio
693 3563 791 3634 positas
810 3581 927 3616 curasse:
951 3570 997 3612 ιιιιι
1020 3557 1120 3628 (addit)
1149 3567 1177 3609 ut
1195 3555 1315 3610 Gronov.
1338 3577 1386 3611 ars-

335 3659 391 3701 not.
412 3648 444 3701 ad
464 3649 550 3705 Plaut.
577 3650 651 3704 Asin.
671 3650 703 3718 ll,
723 3654 748 3718 1,
769 3654 816 3705 16:
852 3649 1027 3702 observabant
1045 3646 1156 3709 atrium,
1175 3644 1219 3697 ubi
1239 3646 1387 3699 coenabant

335 3747 448 3790 veteres:
486 3749 511 3791 et
536 3738 746 3810 suppellectilem
771 3739 878 3793 aedium
905 3749 950 3791 aut
975 3736 1050 3789 villae
1078 3735 1260 3806 exponebant,
1288 3746 1328 3799 et,
1361 3745 1388 3786 ut

335 3826 427 3879 omnia
446 3827 546 3880 munda
572 3839 596 3882 ct
622 3829 724 3898 integra
752 3838 964 3899 praestarentur,
993 3825 1138 3880 curabant:
1166 3821 1225 3876 coll.
1254 3820 1326 3875 Serv.
1355 3823 1387 3874 ad

337 3912 413 3984 Virg.
431 3917 498 3968 ileu.
516 3917 536 3981 l,
555 3920 616 3972 126.
664 3918 705 3970 De
730 3917 870 3986 topiariis,
898 3918 944 3987 qui
964 3915 1104 3971 bortorurn
1130 3921 1287 3964 ornamenta
1307 3928 1388 3963 eurs-

335 4003 417 4056 bant:
436 4024 459 4057 s.
478 4004 535 4058 Cic.
554 4005 587 4056 ad
607 4004 708 4072 Q.·Fr.
729 4003 774 4069 ill,
794 4006 820 4067 l,
839 4008 868 4055 2:
898 4003 1052 4070 Topiorium
1078 3998 1206 4050 laudavi:
1232 3998 1273 4046 ita
1301 3999 1388 4048 onznia

337 4087 500 4144 conuertisrs't
518 4091 630 4156 hedera,
650 4108 705 4162 quo
723 4088 809 4141 barim
828 4089 917 4150 villae,
935 4107 989 4158 quo
1008 4086 1212 4138 intercolumnio
1225 4082 1388 4136 osubrrlotio·

333 4179 386 4233 ru‘s.
432 4178 502 4232 Cum
519 4177 683 4231 otriensibus
701 4177 807 4231 iunctos
824 4197 871 4229 eos
890 4175 943 4228 sid..
959 4174 1030 4246 apud
1050 4173 1118 4226 Plin.
1138 4172 1187 4241 Ep.
1207 4172 1311 4237 lll‚19.
1330 4172 1386 4237 [ubi

334 4265 386 4320 sid.
404 4266 531 4339 interprr.
549 4266 577 4319 in
598 4266 647 4320 Ed.
665 4264 749 4318 Cortii
770 4276 795 4329 et
814 4264 936 4336 Longolii
955 4264 1053 4332 (Amet.
1073 4265 1152 4316 test.
1167 4259 1206 4327 4.)
1231 4279 1256 4329 p.
1267 4261 1318 4313 237
1335 4261 1385 4331 sq.]

334 4354 378 4407 Ad
398 4374 420 4406 ι.
439 4355 503 4424 pari
519 4354 643 4406 stultitia
661 4354 726 4407 baec
744 4352 887 4408 Facciolati
907 4352 990 4407 addit:
1011 4350 1068 4417 „itti
1082 4349 1217 4411 laborant,
1237 4365 1304 4418 quos
1312 4346 1386 4417 sigua
1409 4415 1410 4419 Ἰ

333 4454 384 4496 etc.
405 4443 477 4513 pari,
503 4443 628 4513 inquam,
647 4441 770 4508 stultitia,
798 4462 830 4496 ac
848 4442 914 4495 servi
941 4438 1045 4512 topiarii
1072 4447 1097 4490 et
1120 4435 1261 4502 atrienses,
1290 4437 1336 4508 qui
1361 4458 1386 4490 se

1079 4524 1153 4598 23*
