3450 5342
634 680 675 724 ru
704 676 899 724 rtnrnoxon
916 675 958 736 iv,
978 673 1002 721 a.
1259 648 1331 727 351

279 853 433 914 excerptum
451 840 505 893 sire
532 836 710 910 compilatum
732 836 795 891 dicit
816 837 887 890 Petr.
908 833 1055 904 Alcyonius
1073 834 1107 887 de
1125 834 1208 890 Exitio
1227 857 1252 908 p.
1273 843 1333 893 141,

279 931 322 984 ed.
342 925 668 998 Mencten.Lips.1tut.
705 922 765 976 Mr.

704 1037 911 1052 ...nnn-

671 1139 884 1201 Excunsus
906 1140 946 1198 X.

523 1297 598 1372 An
625 1293 967 1372 rantuoxon
992 1298 1041 1393 v,
1066 1297 1103 1372 a.

337 1456 454 1543 Atque
476 1468 516 1520 ut
539 1458 577 1520 in
600 1476 736 1539 magna
750 1454 903 1531 familia
924 1466 1007 1519 sunt
1029 1456 1098 1522 alii
1117 1457 1287 1524 lautiores

285 1569 326 1621 ut
352 1557 421 1622 sibi
441 1557 617 1635 videntur,
640 1555 752 1647 servi,
775 1554 836 1617 sed
859 1564 975 1619 tumen
999 1558 1112 1621 servi.-
1134 1559 1185 1624 sic
1207 1560 1235 1622 ii
1249 1563 1337 1647 pari

285 1658 448 1723 stultitia
470 1665 581 1737 jsuut,
615 1679 698 1744 quos
729 1655 854 1742 sigua,
886 1678 969 1742 quos
993 1656 1153 1731 tabulae,
1190 1682 1272 1746 quos
1298 1699 1335 1708 —

394 1755 776 1845 aedificia'mngnifica
799 1756 909 1821 nimio
929 1778 1029 1843 opere
1051 1757 1238 1825 delectant.

359 1901 406 1956 Sic
423 1901 508 1966 edidi,
536 1917 700 1974 quamquam
733 1898 802 1952 banc
829 1918 884 1952 esse
911 1898 1050 1953 Ciceronis
1073 1920 1182 1954 manum
1209 1917 1341 1974 praestare

285 2009 344 2042 non
362 1990 456 2043 ausim.
492 1987 546 2042 Sed
564 1988 592 2040 in
610 1998 682 2041 tanta
701 2004 762 2038 cum
782 1984 912 2038 librorum
932 1998 988 2040 tum
1007 1987 1168 2042 iudiciorum
1187 1989 1343 2064 discrepan-

286 2079 323 2132 tia
343 2078 369 2130 id
390 2077 440 2130 tuit
458 2074 627 2147 eligendum,
647 2074 719 2146 quod
738 2093 794 2126 non
812 2075 958 2128 sentcntiae
978 2086 1096 2142 tantum,
1122 2076 1166 2129 sed
1186 2078 1265 2130 etiam
1284 2099 1342 2132 ser-

287 2166 364 2218 moni
383 2163 521 2218 Ciceronis
539 2163 600 2216 satis
619 2163 762 2216 convenire
780 2161 921 2214 videretur.
960 2163 1017 2234 Age
1038 2170 1116 2230 vero,
1142 2165 1280 2219 audiamus
1305 2168 1342 2220 vi-

289 2272 335 2305 ros
353 2252 459 2306 criticos
477 2262 503 2304 et
521 2251 680 2321 interpretes
697 2251 784 2319 ipsos,
812 2268 874 2303 cum
899 2251 928 2302 in
954 2250 1004 2304 hac
1028 2251 1145 2305 editione
1168 2254 1239 2306 idem
1266 2257 1343 2309 nobis

289 2343 323 2394 sit
340 2341 520 2412 propositum,
539 2339 611 2410 quod
629 2339 658 2391 in
677 2337 792 2391 editione
810 2337 1033 2391 Tusculanarum.
1069 2338 1147 2407 Quae
1165 2341 1185 2393 si
1205 2343 1263 2413 quis
1277 2362 1345 2396 con·

290 2430 416 2481 tractiora
435 2428 496 2482 velit
513 2447 585 2492 esse,
603 2427 668 2480 sciat
686 2445 729 2478 me
749 2424 863 2478 noluisse
882 2426 942 2479 viris
960 2427 1057 2480 criticis
1081 2447 1139 2481 mea
1163 2430 1241 2482 verba
1261 2432 1345 2484 subii-

291 2535 368 2582 cere,
388 2535 422 2569 ne
440 2512 571 2568 tonecui
590 2513 661 2566 aliud
681 2513 772 2567 dixisse
788 2514 940 2579 rideantur,
966 2535 1047 2587 quam
1072 2535 1102 2568 re
1130 2534 1189 2568 vera
1214 2517 1342 2572 dixerunt.

289 2601 398 2656 Primus
416 2601 498 2673 igitur
517 2601 638 2672 prodeat.

372 2689 570 2754 Victorius,
598 2689 644 2761 qui
674 2707 735 2743 cum
766 2689 794 2742 i'n
823 2689 900 2744 editis
927 2693 1077 2760 reperisset:
1109 2695 1186 2745 Servi
1215 2694 1346 2746 atrienses

290 2800 325 2833 ac
352 2791 382 2831 tu
410 2781 473 2848 pari
502 2778 641 2842 stultitia,
670 2777 736 2832 haec
768 2778 915 2834 adnotavit:
950 2782 1060 2848 „Vetus
1084 2781 1176 2835 lectio:
1205 2784 1346 2835 Atrienses

291 2887 326 2920 aa
351 2867 460 2936 topiarii
485 2866 625 2918 stultitiae
652 2876 731 2930 tuae,
771 2887 852 2939 quam
880 2879 906 2921 et
924 2856 1021 2940 'coepi
1046 2880 1071 2922 et
1096 2869 1228 2923 sinceram
1250 2871 1349 2923 iudico.

290 2953 364 3008 Nihil
387 2965 476 3006 autem
503 2952 607 3024 vulgata
632 2953 684 3007 dici
709 2966 794 3025 potest
811 2955 987 3027 depravatior,
1030 2954 1175 3010 Multitudo
1202 2975 1348 3021 servorum,

291 3059 375 3114 quam
394 3041 496 3111 antiqui
517 3040 702 3111 possidebant,
721 3041 875 3097 facultatem
895 3044 947 3098 iilis
965 3044 1059 3112 dabat,
1086 3057 1114 3099 ut
1133 3046 1279 3117 unicuique
1306 3047 1349 3099 ol-

294 3129 357 3184 ficio
376 3140 403 3182 et
419 3128 567 3182 ministerio
585 3148 648 3182 suos
666 3140 692 3182 et
710 3130 858 3201 peculiares
876 3152 965 3185 serios
984 3133 1162 3204 imponerent,
1182 3153 1281 3205 eosque
1299 3154 1348 3205 ap-

294 3216 424 3291 pellarent
441 3235 456 3269 a
476 3216 584 3286 negotio
602 3214 664 3281 itto,
684 3217 757 3286 quod
776 3234 869 3269 eorum
889 3230 977 3275 cu'rac¹
989 3219 1160 3272 commissum
1179 3230 1205 3273 et
1223 3221 1348 3275 traditum

293 3315 359 3359 erat.
405 3301 497 3370 Quare
516 3301 637 3373 opulenti
655 3302 692 3354 itti
718 3314 744 3357 et
763 3303 847 3369 beati,
878 3305 976 3376 quibus
996 3305 1118 3358 viridaria
1138 3317 1228 3372 crant,
1253 3327 1349 3374 servos,

295 3390 343 3464 qui
360 3410 443 3463 opera
462 3390 574 3462 topiaria
594 3391 729 3457 lacerent,
754 3390 896 3444 habebant.
939 3391 969 3444 In
997 3391 1139 3445 Pandectis
1164 3393 1197 3445 de
1224 3393 1349 3448 Instrum.

293 3479 476 3535 icI'inrtrum.
496 3480 547 3551 leg.
566 3479 595 3531 L.
614 3478 792 3532 instrumento
810 3478 887 3532 fundi
906 3476 930 3550 5
951 3479 1145 3530 Conservandi:
1165 3480 1266 3548 Qualia
1283 3493 1348 3533 sunt

296 3567 387 3634 dolia,
413 3569 477 3620 licet
502 3569 612 3639 defossa
630 3587 683 3620 nun
709 3568 780 3634 sint,
807 3577 835 3618 et
853 3584 939 3636 cupae
964 3565 1124 3638 quibusdam
1148 3568 1176 3619 in
1200 3569 1351 3638 regionibus

296 3657 430 3709 accidunt
448 3658 642 3709 instrumenta:
660 3656 685 3708 si
702 3655 770 3708 villa
789 3654 888 3706 cultior
905 3663 961 3718 ert,
979 3655 1063 3705 etiam
1083 3654 1228 3720 atrienses,
1253 3673 1350 3724 scopu-

294 3745 346 3798 rir':
372 3745 398 3798 si
425 3745 507 3796 etiam
534 3745 681 3810 viridaria,
707 3744 832 3814 topiarii:
859 3743 884 3795 si
903 3742 1029 3814 fundus,
1054 3743 1145 3795 saltus
1159 3743 1351 3815 pastionespue

295 3829 395 3896 ltabet,
411 3849 506 3902 greges
520 3850 660 3900 pecorum,
676 3841 814 3900 pastores,
838 3830 977 3884 saltuarii.
1026 3831 1124 3898 [Iocus
1142 3843 1181 3885 est
1199 3831 1300 3902 Digest.
1320 3833 1348 3885 L.

294 3918 414 3985 xxxut,
432 3919 484 3972 Tit.
495 3918 552 3985 VII,
567 3920 604 3987 8.]
644 3918 739 3973 Cicero
758 3922 837 3973 etiam
855 3919 914 3972 Lib.
933 3918 976 3971 tlt.
994 3918 1026 3970 ad
1045 3918 1080 3986 Q
1099 3918 1219 3972 Fratrem
1238 3918 1349 3970 eandem

294 4004 367 4061 hanc
385 4024 443 4058 rem
460 4005 631 4077 significavit,
657 4009 777 4078 quamvis
805 4025 862 4059 non
891 4017 943 4057 tam
964 4016 1069 4075 apertc;
1093 4005 1181 4076 inquit
1207 4005 1291 4057 enim:
1320 4017 1352 4057 ut

296 4091 411 4163 denique
429 4092 472 4142 ilii
485 4091 601 4161 palliati
618 4093 763 4162 topiariam
775 4093 1046 4163 facerevideantur‚
1062 4102 1090 4143 et
1109 4093 1215 4144 ederam
1233 4093 1352 4145 vendere.

296 4178 357 4246 [Est
375 4178 424 4250 Ep.
443 4180 479 4246 1.]
517 4179 571 4231 Nisi
590 4179 682 4245 fallor¹
703 4179 765 4233 huic
784 4179 844 4233 Ioco
863 4177 966 4231 reddita
985 4198 1031 4231 sua
1051 4179 1188 4249 integritas
1206 4189 1257 4233 est:
1284 4196 1352 4248 quae

295 4266 387 4320 autem
407 4267 481 4338 prius
499 4277 555 4321 erat
573 4266 668 4333 lectio,
694 4278 719 4320 et
739 4267 801 4320 salsa
820 4266 939 4319 et'rudis
956 4265 1102 4319 admodum
1122 4274 1191 4331 erat,
1222 4265 1351 4317 sententia

296 4366 416 4408 nuncet
434 4353 513 4426 plana
533 4365 558 4408 et
577 4354 711 4426 elegans.“
754 4355 812 4423 [Est
830 4366 918 4408 autem
942 4344 969 4407 in
990 4353 1039 4407 Ed.
1057 4353 1125 4405 Rob.
1144 4351 1254 4423 steph„
1283 4372 1351 4424 quae

293 4438 322 4491 in
341 4439 477 4513 plerisque
497 4442 599 4496 exhibet
617 4453 715 4497 testum
740 4443 942 4507 victorianum,
970 4442 1004 4494 ita
1022 4440 1122 4495 editum
1139 4451 1165 4494 et
1183 4440 1351 4495 distinctum:
