3450 5342
622 710 818 767 ιιιιιιιοιοιι
834 713 884 759 ιιι.
908 714 978 762 ιιι».
994 716 1029 761 ιι.
1269 694 1339 767 153

284 868 429 942 prohibere
448 888 503 925 non
523 880 677 942 possumus;
703 881 825 924 nostrum
846 882 884 926 est
903 881 1010 925 nostrae
1027 871 1168 927 voluntatis
1189 875 1341 946 imperinm.

285 959 369 1013 Recte
387 958 451 1012 item
470 956 644 1031 Borgerrius=
671 960 785 1029 Pingere
814 971 852 1013 est
878 961 1030 1017 terminare.
1073 960 1116 1013 De
1134 961 1167 1016 N.
1185 963 1220 1016 D.
1240 963 1272 1031 11,
1292 971 1340 1024 59:

285 1048 397 1120 Lingua
416 1064 518 1113 worm,
544 1046 773 1099 immoderato
790 1048 949 1120 profusam,
974 1049 1098 1121 fingit
1116 1060 1144 1103 et
1162 1053 1342 1110 terminat.

284 1132 496 1202 Porad,V1,81
519 1134 600 1189 Victa
620 1143 704 1207 atque
722 1135 799 1188 cultu
819 1136 1039 1190 terminatur
1063 1138 1194 1208 pecuniae
1217 1142 1342 1197 modus.

285 1223 384 1277 Tusco.
401 1221 434 1290 Π,
453 1224 502 1279 tt:
522 1224 670 1296 Nunquam
690 1224 863 1279 terminat
881 1242 930 1277 noo
946 1226 1143 1297 magnitudinis
1167 1246 1216 1279 neo
1233 1229 1344 1281 diutur-

285 1312 385 1364 nitatis
402 1312 516 1367 modum.
535 1340 569 1351 -
606 1310 720 1363 Modum
737 1321 828 1365 teum
844 1322 884 1367 est
900 1312 1040 1367 moderari.
1076 1312 1124 1369 stc
1140 1333 1192 1386 pro
1210 1314 1284 1370 Cael.
1294 1318 1342 1371 18:

289 1399 389 1450 Vincat
406 1398 555 1471 aliquando
573 1399 710 1469 cupiditas
728 1428 764 1439 -
783 1402 930 1468 rationem,
955 1401 1094 1453 dummodo
1112 1402 1162 1453 illu
1179 1402 1209 1455 im
1226 1404 1277 1457 troo
1294 1424 1343 1476 ge-

285 1505 346 1538 nere
361 1486 539 1556 praescriptio
556 1486 808 1559 moderatioque
826 1498 1003 1543 teneatur.
1039 1488 1106 1543 Phil.
1118 1491 1152 1555 V,
1171 1493 1221 1545 18:
1243 1510 1276 1543 no
1296 1510 1340 1543 oe-

285 1574 396 1626 rendum
411 1574 518 1645 quidem
536 1584 596 1637 est,
612 1582 644 1625 ut
663 1584 750 1626 tenera
769 1593 797 1627 se
813 1576 917 1645 possit,
942 1588 975 1629 ut
1000 1579 1185 1635 moderari.
1201 1609 1237 1619 -
1284 1578 1340 1633 lom

285 1658 430 1732 Frc.Sylv.
441 1660 550 1732 fingere
568 1658 695 1733 explicat:
716 1681 886 1733 „componere
905 1675 933 1716 et
948 1669 1100 1721 statuere.“
1137 1666 1242 1721 Miraris
1252 1679 1340 1723 autom

285 1768 343 1802 non
362 1749 454 1803 vidisse
471 1749 634 1803 Lambinum
653 1749 764 1822 eiusque
781 1752 941 1807 sententiam
960 1764 1079 1823 secutos,
1103 1753 1278 1808 Horatiorum
1308 1756 1341 1809 it-

285 1835 332 1889 tud
345 1836 406 1909 figo
424 1837 529 1889 modum
546 1855 602 1890 esse
619 1835 691 1891 aliud
713 1838 793 1910 quid,
826 1858 908 1911 quam
927 1840 1001 1912 quod
1030 1840 1127 1895 Cicero
1145 1842 1209 1896 dicit
1236 1845 1340 1895 modum

276 1926 388 1996 fingam
404 1942 508 1986 rarum,·
528 1925 579 1980 hoc
598 1926 668 1979 enim
687 1937 725 1981 est
739 1946 828 1980 rerum
846 1946 1052 2000 causosregrre‚
1070 1929 1134 1983 illud
1154 1930 1339 1997 Horatianum,

282 2017 388 2077 cairus.
407 2032 441 2067 ue
457 2012 565 2086 longius
580 2012 712 2086 latiusque
730 2026 827 2087 serpat.
863 2014 927 2069 Μι.

357 2120 446 2155 rarum
466 2102 573 2155 modum
586 2103 745 2175 singen]
783 2102 853 2156 Nihil
877 2102 1007 2157 differunt
1026 2103 1110 2157 codd.
1128 2103 1207 2156 MSS.
1227 2115 1252 2157 et
1271 2104 1338 2157 Edd.

282 2190 333 2244 nisi
354 2188 426 2262 quod
444 2190 606 2245 Lambinum
625 2191 708 2244 secuti
727 2202 788 2244 sunt
806 2191 839 2243 H.
856 2191 944 2246 Wott.
963 2192 1042 2247 Foro.
1070 2203 1097 2246 et
1120 2191 1206 2246 Schtz.
1225 2204 1251 2246 et
1269 2211 1338 2263 quae

282 2278 338 2333 sols
356 2278 480 2333 Lambini
498 2288 599 2333 textum
617 2290 742 2333 accurate
760 2279 877 2333 reddidit
895 2280 943 2332 Ed.
958 2279 1054 2333 Coton.
1067 2283 1146 2334 1516.
1182 2279 1246 2331 Βιιο
1259 2279 1337 2334 etiam

283 2366 386 2423 vertunt
404 2367 489 2421 codd.
508 2364 590 2421 MSS.
618 2366 690 2439 quod
710 2367 883 2434 factumest,
914 2387 976 2421 eum
1002 2367 1072 2422 oculi
1098 2368 1201 2421 scribae
1228 2379 1339 2439 propter

284 2455 475 2511 vocabulorum
494 2453 695 2511 similitudinem
716 2456 880 2511 aberrarent
922 2455 960 2510 lta
979 2455 1030 2509 Ox.
1049 2473 1079 2518 ψ.
1105 2455 1184 2508 habet
1208 2456 1338 2526 siquidem

283 2562 373 2597 rerum
397 2544 513 2597 modus
537 2554 655 2595 torrere
683 2562 834 2613 possumus.
885 2544 991 2597 Histrio
1016 2573 1064 2607 —,
1091 2543 1193 2596 omissis
1216 2544 1339 2614 interpo-

283 2630 395 2696 nendis;
414 2628 492 2685 Drsd.
509 2634 549 2685 4.:
568 2631 701 2703 siquidem
718 2650 807 2683 rorum
825 2632 955 2683 modum
972 2642 1092 2684 tenere
1110 2651 1266 2701 possumus,
1293 2631 1336 2684 iis·

281 2720 348 2772 dem
367 2719 477 2772 omissis.
495 2719 575 2772 Drsd.
594 2721 619 2772 1.
639 2723 664 2773 5.
684 2717 742 2771 Crz.
756 2721 781 2772 1.
796 2723 820 2771 2.
841 2716 912 2772 Gud.
928 2720 960 2772 Α.
978 2718 1100 2772 exhibent
1119 2719 1223 2770 modum
1241 2737 1338 2783 rerum,

283 2806 386 2881 quibus
402 2805 503 2860 accedit
522 2805 600 2859 Drsd.
620 2809 663 2872 5.,
689 2805 717 2857 in
738 2824 792 2877 quo
811 2825 863 2877 pro
882 2816 970 2858 tenero
987 2806 1051 2860 item
1071 2816 1109 2859 est
1120 2807 1243 2878 fingere,
1270 2824 1338 2876 quae

283 2907 324 2949 est
343 2894 475 2949 eorrectio
494 2892 608 2947 hominis
625 2893 674 2947 sibi
692 2895 720 2946 in
740 2893 872 2947 Cicerone
891 2894 1053 2968 corrigendo
1071 2894 1208 2967 placentis.
1252 2893 1337 2947 Codd.

283 2980 519 3037 01.t.1)r2d.1.
542 2981 642 3036 habent
666 2983 692 3035 in
715 2982 768 3034 fine
785 2984 947 3052 possimus.
994 2984 1058 3038 Post
1085 2984 1234 3036 animorum
1261 2982 1337 3036 eiecit
1446 3040 1449 3045 ,

282 3071 424 3142 repetitam
444 3090 535 3124 vocem
554 3072 659 3123 modum
676 3070 838 3137 Lambinus,
864 3091 926 3125 cum
954 3091 1008 3144 quo
1033 3073 1136 3127 faciunt
1153 3071 1222 3125 Edd.
1241 3068 1337 3125 Colon.

284 3159 316 3211 Ι1.
336 3159 423 3212 Wolf.
442 3160 521 3213 Face.
540 3170 565 3212 et
588 3158 631 3212 hic
658 3158 766 3230 quidem
785 3159 812 3212 in
838 3172 953 3233 utraque
971 3181 1017 3214 sua
1036 3161 1085 3214 Et.
1105 3161 1142 3228 (a.
1161 3162 1239 3224 1120,
1258 3160 1337 3214 Pato-

283 3247 343 3299 rina
363 3257 389 3299 et
407 3265 430 3300 a.
452 3250 531 3301 1141.
551 3247 676 3315 Veneta.)
708 3247 781 3319 quod
800 3247 828 3300 in
846 3249 963 3304 lectione
980 3251 1069 3321 figere
1094 3249 1257 3302 insecundo
1278 3261 1337 3302 tan-

283 3344 341 3387 tum
361 3336 431 3388 fecit.
468 3334 548 3389 Solus
565 3330 637 3389 Gu'd.
658 3338 690 3388 Α.
709 3335 789 3390 habet
813 3347 902 3389 tenore
927 3338 1041 3389 modum·
1084 3336 1113 3389 si
1140 3337 1248 3391 liberius
1272 3338 1336 3408 quid

283 3424 383 3477 audere
402 3424 492 3491 velles,
513 3444 601 3495 posses
620 3425 723 3477 inverso
744 3426 853 3489 ordine,
884 3425 916 3477 ad
944 3436 1065 3478 nostrum
1090 3443 1195 3477 sensum
1223 3426 1336 3491 suarius,

282 3515 317 3565 ita
338 3512 486 3565 coniicero:
504 3513 529 3564 si
547 3513 651 3584 quidem
669 3512 818 3564 animorum
836 3513 942 3564 modum
961 3522 1049 3563 tenere
1066 3530 1224 3579 possumus,
1250 3529 1336 3563 rerum

282 3601 390 3653 modum
403 3600 507 3671 fingere
525 3619 578 3652 non
594 3618 745 3669 possumus.
782 3599 908 3654 Ceterum
925 3620 980 3653 non
1000 3598 1102 3671 primus
1122 3598 1173 3651 suit
1182 3596 1336 3663 Lambinus,

283 3689 328 3761 qui
350 3687 476 3741 abiiceret
501 3688 640 3758 repetitam
660 3707 752 3741 vocem
772 3689 886 3742 modum.
930 3687 1011 3741 Abest
1031 3706 1060 3738 ea
1080 3686 1133 3738 iam
1152 3687 1185 3738 ab
1203 3684 1253 3737 Ed.
1278 3684 1337 3737 Atd.

282 3779 367 3841 1552,
387 3794 456 3847 quoe
475 3787 513 3829 est
532 3776 592 3830 Atti
611 3776 745 3845 fitiorum,
763 3797 878 3850 eamque
897 3777 975 3830 habet
993 3777 1020 3829 in
1039 3776 1164 3830 lemmate
1183 3775 1335 3829 annotatio-

283 3863 324 3915 nis
343 3862 404 3916 Atd.
421 3863 559 3918 Manutius
578 3866 704 3937 (nepos),
723 3866 768 3938 qiri
788 3865 902 3920 Codices
919 3850 981 3920 suoi
999 3876 1093 3919 omnes
1110 3867 1201 3935 (erant
1225 3863 1337 3919 undevi-

283 3951 364 4020 ginti)
381 3950 479 4004 habere
498 3972 556 4005 eam
582 3972 673 4007 rocem
699 3953 849 4008 confirmat.
896 3954 969 4022 Quid
996 3955 1027 4007 sit
1056 3955 1203 4007 animorum
1231 3955 1335 4005 modum

282 4039 393 4110 explicat
410 4040 471 4094 Fre.
490 4039 605 4114 Sylvius:
633 4043 764 4109 „limitem
790 4055 815 4097 et
834 4043 931 4109 lineas,
953 4063 1020 4115 quos
1044 4043 1155 4096 transire
1178 4063 1233 4095 non
1253 4059 1335 4109 opor-

282 4131 363 4182 teat.“
399 4128 460 4184 Mr.

353 4219 461 4270 Histrio
479 4219 503 4270 si
524 4220 659 4289 paullum]
686 4220 819 4273 Scribitur
853 4222 969 4290 llystrio
989 4219 1015 4271 in
1034 4219 1101 4271 Cod.
1130 4220 1188 4269 Crz.
1207 4220 1232 4266 2.
1279 4215 1333 4266 Pro

279 4306 406 4374 paullum
434 4305 534 4361 hubent
562 4308 718 4378 paullulum
748 4326 808 4362 cum
840 4309 889 4361 Ed.
920 4308 1028 4360 Ascens.
1053 4306 1130 4356 1511.
1163 4301 1248 4355 Codd.
1282 4300 1332 4354 Ox.

283 4415 307 4461 η.
334 4413 364 4455 ψ.
400 4393 505 4448 Sucrin.
532 4406 632 4467 septem
660 4396 735 4462 Atdt,
759 4395 817 4449 Crz.
838 4401 861 4450 1.
881 4401 904 4448 2.
928 4395 987 4447 Bas.
1014 4391 1081 4445 cod.
1105 4391 1184 4444 Drsd.
1204 4394 1229 4444 4.
1257 4391 1334 4444 habet

284 4482 307 4531 si
323 4500 356 4533 se
374 4484 503 4551 paulum,¹
524 4482 621 4554 legitur
636 4486 721 4553 paulo
739 4485 767 4537 in
786 4486 871 4539 Codd.
892 4483 983 4536 Cru3.
1003 4480 1108 4534 duobus
1127 4479 1198 4545 Atti,
1218 4479 1289 4534 Gud.
1303 4481 1333 4533 B.
