3450 5342
688 694 884 740 raurooxon
909 694 943 739 ιι.
992 704 997 713 ·
1099 674 1103 681 ’
1268 673 1337 744 101

284 856 397 925 „Pergit
415 857 442 906 in
463 852 622 924 apostrophe
640 854 668 905 in
688 852 885 915 adversarium
906 870 985 923 quem
1004 850 1081 919 fingit
1093 869 1146 902 esse
1162 852 1338 918 P.ctodium,

285 963 301 994 a
322 962 376 1012 quo
396 941 546 994 inexilium
565 941 656 1012 pulsus
675 943 761 993 erat.“
807 940 976 992 adverbum
998 939 1104 991 confert
1130 939 1211 1009 Borg.
1231 941 1286 993 eie.
1305 943 1337 995 de

287 1030 337 1082 Or.
356 1029 400 1092 ΙΙΙ,
421 1033 449 1081 1:
468 1031 515 1082 Au
533 1040 564 1080 tu
584 1048 623 1080 me
642 1058 677 1068 —
697 1029 836 1079 existimas
851 1047 930 1096 posse
949 1026 1107 1078 terreri?
1143 1025 1173 1078 ln
1194 1044 1270 1096 seqq.
1288 1048 1338 1096 pro

285 1119 348 1168 istis
366 1115 463 1169 habent
480 1117 561 1168 istius
585 1113 650 1170 Orx.
674 1115 707 1167 E.
724 1115 743 1167 l.
764 1133 787 1168 σ.
808 1132 838 1175 ψ.
867 1117 924 1166 Crz.
944 1117 967 1165 1.
997 1114 1077 1168 Drsd.
1106 1118 1131 1168 2.
1156 1117 1182 1167 4.
1217 1111 1290 1169 Gud.
1309 1115 1340 1166 B.

286 1204 317 1254 ln
336 1203 413 1255 Drsd.
432 1208 457 1256 1.
474 1206 498 1257 3.
520 1208 545 1257 5.
563 1200 614 1257 Ox.
632 1202 666 1255 U.
685 1223 710 1271 η.
728 1213 767 1255 est
784 1203 952 1264 istiusmodi,
980 1202 1061 1254 etsie
1080 1201 1147 1254 Edd.
1174 1204 1246 1254 Crat.
1266 1200 1339 1258 Man.

287 1291 379 1362 Magn.
398 1292 488 1344 Lamb.
507 1290 602 1344 Colon.
620 1302 646 1344 et
664 1311 760 1344 omnes
781 1302 887 1344 nostrae
907 1302 1006 1344 veteres
1032 1301 1092 1342 ante
1112 1289 1273 1346 Granium,
1297 1309 1340 1340 ex-

287 1381 370 1449 ceptis
388 1380 455 1433 Vict.
472 1380 541 1432 Rob.
567 1378 659 1450 Steph.
678 1378 770 1434 Sullr..
789 1380 861 1432 Petri
883 1370 1003 1448 itemque
1031 1377 1081 1429 Ed.
1109 1381 1268 1446 prestat:
1295 1378 1339 1430 sed

285 1469 321 1521 ita
340 1468 483 1533 differunt,
503 1479 532 1520 ut
549 1469 577 1520 in
596 1469 744 1538 prioribus,
764 1479 825 1521 aute
844 1468 960 1532 Aldurn,
980 1468 1126 1536 iungantur
1145 1465 1223 1517 verba
1242 1465 1340 1517 istius-

287 1556 355 1606 modi
371 1585 404 1593 —
424 1557 517 1606 minis:
545 1557 573 1607 iri
599 1555 790 1625 posterioribus
809 1566 898 1608 autern
919 1554 997 1607 haec:
1023 1555 1048 1605 si
1074 1572 1150 1624 quem
1168 1555 1221 1605 eris
1240 1564 1338 1605 nactus

286 1644 421 1694 eiusmodi.
459 1642 540 1694 Solus
557 1641 663 1694 Suerin.
683 1642 763 1695 habet
781 1642 934 1693 huiusmodi
953 1652 1036 1693 morte
1043 1662 1052 1701 ,·
1073 1641 1144 1693 solus
1162 1641 1225 1693 item
1244 1640 1337 1694 Duisb.

286 1738 349 1778 aut
365 1729 471 1790 mortis,
491 1727 588 1780 omisso
606 1730 675 1780 istis.
723 1730 819 1780 Verbis
838 1730 931 1779 martis
950 1739 1001 1778 uut
1019 1729 1095 1780 exilii
1114 1727 1275 1797 explicandis
1284 1730 1338 1800 gad-

286 1817 326 1869 dit
345 1817 406 1871 Atd.
424 1816 499 1868 Man.
517 1816 626 1868 nomina
646 1815 741 1885 Reguli
760 1826 786 1867 et
803 1814 891 1866 Marii.
930 1815 971 1867 Ad
991 1835 1013 1868 v.
1032 1806 1056 1866 si
1076 1834 1153 1886 quem
1170 1818 1222 1867 eris
1241 1826 1338 1868 nactus

287 1905 378 1958 laudat
396 1905 476 1974 Borg.
496 1905 552 1958 Cic.
571 1924 621 1975 pro
640 1904 696 1956 Mil.
715 1908 764 1956 12:
798 1903 833 1954 Ut
850 1903 1020 1972 praeclarum
1045 1903 1169 1954 uidelicet
1190 1923 1287 1955 munus
1304 1931 1339 1942 -

288 1993 326 2042 ud
343 1993 473 2063 aliquem,
500 1993 530 2042 si
554 2002 683 2043 nactus
701 1993 785 2054 eris,
814 1992 861 2062 qui
886 2001 934 2042 tuo
960 1990 1072 2041 arbitrio
1092 2021 1127 2029 —
1145 2001 1264 2062 gereret,
1294 1992 1339 2042 de-

284 2081 361 2149 ferre
375 2099 483 2148 posses‚·
504 2090 529 2132 et
548 2080 579 2131 ad
600 2080 738 2151 sequentia
757 2078 825 2131 Phil.
835 2078 881 2145 ΙΙΙ,
901 2082 933 2131 9:
952 2079 1025 2146 Quid
1042 2088 1133 2128 autem
1149 2079 1339 2130 attinuerit-

289 2177 417 2218 esenatu
438 2168 465 2218 vi
482 2177 510 2217 et
530 2169 634 2218 minis
652 2168 776 2219 mortis
795 2164 948 2235 expellere?
991 2165 1033 2218 Ad
1060 2185 1116 2218 rem
1137 2177 1163 2219 et
1179 2167 1338 2219 sententiam

290 2254 323 2306 cf.
341 2254 435 2307 Tusco
446 2253 465 2319 l,
476 2257 520 2320 43,
541 2258 608 2306 1⁰2:
630 2258 764 2323 Cyrenaeo
785 2253 920 2305 Theodoro
940 2272 998 2305 eum
1016 2254 1195 2324 Lysimachus
1215 2274 1261 2306 rex
1278 2274 1339 2306 cru-

290 2362 344 2393 cem
361 2344 521 2406 minuretur,
540 2343 622 2406 Istis,
642 2360 754 2412 quaeso,
778 2341 882 2412 inquit,
900 2341 955 2391 ista
974 2340 1111 2392 horribilia
1130 2341 1254 2393 minitare
1270 2361 1340 2410 pur-

288 2432 397 2499 puratis
415 2431 488 2480 tuis:
518 2430 647 2480 Theodori
674 2429 779 2500 quidem
805 2428 875 2478 nilril
892 2429 1016 2492 interest,
1044 2429 1150 2480 humine
1175 2449 1211 2481 an
1229 2430 1339 2481 sublime

287 2528 423 2586 putescat.
460 2518 501 2569 Ad
514 2537 594 2588 quern
613 2518 703 2569 locum
717 2517 767 2568 vid.
779 2516 877 2570 Davisii
890 2529 915 2570 et
927 2528 1043 2569 nostram
1056 2529 1147 2570 annot.
1160 2521 1246 2587 psat
1256 2537 1294 2588 sq.
1305 2547 1338 2557 -

289 2605 346 2670 „Ex
366 2604 417 2657 hoc
434 2624 485 2675 ego
504 2605 565 2657 loco
585 2605 699 2675 colligo,
719 2606 855 2657 Paradoxa
876 2617 935 2676 post
952 2603 1114 2676 Philippicas
1141 2604 1219 2656 fuisse
1243 2607 1339 2675 scripta

288 2705 403 2764 propter
422 2712 487 2762 quas
505 2694 638 2745 Antonius
657 2693 782 2745 Ciceroni
793 2713 887 2747 necem
909 2695 1025 2746 minatus
1036 2705 1081 2758 est,
1102 2705 1128 2746 et
1142 2694 1249 2745 tandem
1262 2695 1340 2745 etiam

289 2781 461 2834 occasionem
479 2792 572 2833 nactus
590 2781 706 2835 intutae·
725 2782 821 2851 Xyst.
840 2783 949 2836 Betul.
987 2781 1068 2849 Quod
1087 2800 1149 2833 vero
1168 2780 1230 2832 dixit
1250 2781 1342 2831 mortis

262 2928 264 2933 Ι
291 2880 342 2919 aut
359 2869 447 2929 exilii,
477 2889 564 2938 neque
592 2869 697 2922 inverso
721 2870 817 2922 ordine
838 2871 914 2921 exilii
932 2881 982 2920 aut
1004 2871 1111 2932 mortis,
1131 2859 1165 2919 ⁴in
1196 2886 1227 2919 eo
1254 2865 1339 2936 figura

290 2954 420 3006 orationis
437 2973 500 3007 usus
519 2967 570 3019 est,
590 2976 659 3026 quae
679 2956 777 3010 dicitur
794 2959 895 3019 κλίμαξ.
933 2957 990 3008 Civi
1011 2957 1080 3008 euim
1092 2955 1215 3006 Romano
1235 2953 1340 3005 erilium

290 3053 378 3095 morte
397 3042 501 3111 gravius
519 3053 573 3108 est,
600 3055 629 3096 ut
658 3057 696 3098 est
715 3045 742 3097 in
762 3045 813 3101 Or.
833 3056 893 3116 post
913 3045 969 3097 red.
989 3045 1016 3095 in
1035 3025 1091 3094 sen.
1107 3045 1157 3111 ¹14,
1178 3042 1228 3102 34;
1250 3041 1340 3111 etipse

291 3129 388 3183 Cicero
406 3131 433 3180 in
451 3130 500 3183 Or.
519 3150 569 3201 pro
590 3131 657 3184 Sest.
678 3136 721 3197 21,
741 3137 785 3186 4¹1.
833 3137 895 3186 Aut
913 3151 978 3202 ego,
998 3132 1075 3196 dixit,
1095 3131 1158 3181 illus
1177 3150 1218 3182 res
1237 3141 1341 3194 tantus,

290 3222 318 3269 in
336 3229 418 3269 tantu
437 3218 814 3287 improborummultitudiue,
834 3241 917 3293 quum
933 3219 1071 3292 gerebam,
1090 3239 1141 3270 nan
1158 3219 1223 3268 milri
1242 3237 1339 3281 mors,

291 3325 343 3357 non
362 3306 532 3356 exsilium
550 3305 582 3356 ab
601 3307 690 3357 oculos
707 3306 909 3358 versabantur?
944 3306 1003 3358 Mr.

362 3393 531 3453 istiusmodi,
547 3394 651 3457 mortis]
688 3391 730 3443 ΑΙ.
750 3393 812 3443 istis
830 3394 923 3444 mortis
942 3405 991 3445 etc.
1036 3391 1113 3456 Quae
1140 3391 1217 3442 lectio
1237 3389 1342 3442 Criticis

289 3478 488 3533 recentioribus
505 3478 591 3546 magis
609 3478 706 3546 placet.
740 3476 838 3529 Face.

364 3565 437 3616 Milri
456 3582 515 3615 uero
534 3562 662 3635 quicquid
677 3563 815 3628 acciderit)
833 3562 884 3616 Ox.
904 3583 929 3630 η.
950 3562 1048 3615 οιηίιιίι
1068 3581 1145 3612 vero:
1166 3563 1236 3632 quod
1253 3563 1272 3614 si
1294 3563 1344 3614 ab·

290 3665 390 3706 esseta
412 3650 534 3721 pluribus
550 3651 636 3722 iisque
662 3650 820 3703 melioribus
845 3650 935 3713 libris,
963 3669 1014 3720 ego
1043 3669 1151 3721 quoque
1181 3649 1342 3713 delevissem,

291 3761 353 3794 cum
373 3759 441 3792 sono
458 3731 602 3808 significari
623 3740 705 3809 possit
723 3739 851 3792 sententia
872 3739 955 3809 priori
975 3738 1105 3809 opposita.
1142 3739 1196 3790 Pro
1216 3740 1346 3811 quicquid

293 3831 321 3882 in
341 3832 399 3882 Cre.
419 3832 444 3881 2.
463 3828 611 3899 scripturae
634 3829 825 3898 compendium
844 3841 897 3893 est,
928 3840 956 3881 ut
975 3829 1062 3899 legere
1081 3828 1165 3897 possis
1196 3829 1343 3900 quidquam

294 3917 332 3970 rel
353 3917 477 3988 quidque.
515 3916 588 3968 ldem
608 3917 695 3987 pergit
713 3917 840 3969 acciderit
868 3917 1009 3987 ingrati
1035 3916 1063 3968 in
1092 3926 1197 3966 tanta
1224 3917 1343 3967 civitate.

294 4004 324 4057 ln
344 4008 402 4057 Cre.
420 4008 446 4057 1.
471 4005 556 4075 prima
580 4024 677 4058 manus
695 4006 800 4058 comisit
817 4008 860 4069 in,
886 4006 968 4059 altera
988 4005 1097 4058 addidit.
1139 4007 1259 4075 Pergunt
1278 4005 1343 4059 Oxx.

296 4092 327 4145 E.
346 4091 381 4145 U.
401 4110 431 4153 ψ.
449 4095 507 4144 Cre.
529 4096 553 4145 1.
572 4098 597 4147 2.
617 4094 698 4147 Drsd.
717 4099 742 4148 5.
763 4113 823 4145 nec
841 4095 978 4146 recusanti
996 4094 1110 4165 quidem.
1148 4095 1205 4146 Mr.

366 4183 478 4251 ingrata
496 4180 632 4249 civitate,]
651 4185 811 4253 „ingratam
831 4183 969 4234 ciuitatem
980 4180 1071 4233 dicens
1081 4179 1213 4249 significat
1233 4178 1345 4246 patriam

293 4267 417 4320 Romam.
453 4268 520 4321 Nam
533 4269 624 4323 civitas
641 4286 720 4340 saepe
739 4288 789 4339 pro
802 4270 885 4341 patria
906 4269 1024 4339 ponitur.
1061 4267 1125 4318 Erat
1138 4276 1225 4317 autem
1241 4267 1345 4334 ingrata

292 4358 418 4411 adversus
442 4358 616 4420 Ciceronem,
644 4357 716 4427 quod
746 4358 933 4420 commisisset,
957 4366 988 4408 ιιι
1014 4353 1076 4407 civis
1096 4352 1214 4422 optimus
1237 4372 1251 4404 a
1277 4353 1347 4405 malo

293 4447 363 4510 cive,
383 4446 412 4497 P.
433 4446 542 4510 Clodio,
563 4445 589 4496 in
609 4443 726 4497 exsilium
747 4448 899 4514 ageretur.“
917 4441 1093 4513 Wyttenb.
1131 4440 1172 4492 Ad
1192 4443 1348 4498 sententiam
