3450 5342
412 680 486 754 224
732 701 904 750 rsuruoxs
933 699 1127 751 sroiconuu.

410 869 491 920 etiam
508 864 679 928 existimata,
699 878 788 934 vaga,
811 861 982 927 inconstans,
1007 861 1125 924 incerta,
1156 862 1250 927 vario,
1277 863 1460 936 indignarum-

410 972 461 1026 que
473 953 598 1026 fautrix.
644 949 720 1002 Huic
738 949 826 1002 omnia
844 966 976 1018 expensa,
1003 949 1066 1001 luia
1083 948 1173 1002 omrria
1189 948 1333 1021 seruntur.
1348 963 1460 1022 accepta,

407 1054 435 1093 et
467 1041 496 1092 in
523 1049 584 1093 tota
612 1038 717 1091 ratione
747 1034 902 1089 mortalium
933 1035 992 1089 sola
1026 1046 1169 1109 utramque
1201 1037 1336 1110 paginam
1367 1040 1459 1112 faeit.“

410 1129 482 1183 Fre.
500 1126 592 1199 sylv.
1195 1170 1198 1174 .

475 1216 596 1287 fortuna
613 1213 675 1283 ipsa
693 1211 793 1279 ordin]
822 1209 864 1264 Ad
890 1211 1048 1266 senteutiam
1067 1210 1139 1265 conl.
1169 1209 1226 1265 Cic.
1248 1211 1349 1266 Tuscc.
1370 1215 1404 1280 V,
1423 1219 1458 1280 at,

410 1309 458 1358 ¹12:
478 1304 527 1356 Cui
546 1301 636 1370 [ritae]
655 1300 774 1363 refertae
793 1309 835 1351 tot
854 1300 993 1371 tantisque
1010 1300 1122 1371 gaudiis
1135 1299 1298 1371 fortuna
1316 1301 1399 1369 ipsa
1417 1321 1459 1354 ce·

411 1392 471 1444 dat
489 1407 594 1443 necesse
610 1397 660 1442 est.
696 1386 726 1439 M
733 1406 755 1439 r.

479 1477 516 1541 si,
534 1485 573 1527 ut
590 1474 698 1544 sapiens
712 1477 797 1543 poita
815 1473 907 1542 atria]
927 1472 1016 1545 Vulgo
1030 1473 1111 1528 sicut.
1147 1475 1206 1547 Ego
1224 1493 1300 1543 sero,
1319 1494 1355 1528 ne
1374 1475 1458 1548 paullo

409 1564 544 1619 horridior
561 1561 594 1617 sit
611 1561 712 1627 oratio,
731 1559 834 1631 reoepi‚
860 1560 934 1632 quod
953 1571 992 1615 est
1015 1560 1044 1613 in
1062 1561 1130 1616 eod.
1149 1560 1207 1614 Cra.
1226 1567 1267 1615 2:
1288 1582 1457 1634 quamquam,

410 1662 440 1706 ut
465 1651 564 1716 fatear,
591 1648 665 1721 quod
690 1658 743 1714 est,
773 1646 865 1700 malim
895 1646 1039 1719 siquidem,
1069 1658 1102 1700 ut
1120 1678 1163 1704 —.
1209 1649 1307 1722 Neque
1333 1651 1455 1724 displicet,

410 1739 483 1811 quod
502 1736 616 1792 coniecit
634 1734 663 1790 S.
680 1734 711 1788 Ε.
731 1733 750 1788 l.
769 1733 869 1786 Bauius
887 1732 915 1786 in
935 1734 1015 1787 Varr.
1036 1735 1118 1790 Lectt.
1135 1737 1168 1790 ad
1187 1735 1245 1792 Cic.
1259 1737 1351 1794 Oratt.
1365 1738 1454 1810 (lugd.

408 1823 623 1891 Bar.1834.8.)
651 1842 678 1894 p.
696 1825 740 1877 64.
769 1821 816 1892 qui
843 1820 920 1891 tegit:
952 1822 1053 1874 Cui-
1076 1827 1199 1876 Fortuna
1225 1826 1288 1895 ipsa
1315 1827 1403 1879 cedit:
1427 1828 1453 1883 si,

408 1915 497 1986 quod
514 1912 622 1984 sapiens
636 1917 720 1982 poe'ta
737 1910 823 1975 aisis,
839 1909 898 1962 suis
914 1926 948 1960 ea
967 1909 1062 1982 cuique
1073 1911 1196 1983 fingitur
1213 1914 1341 1969 moribus.
1379 1915 1452 1984 Quod

409 2021 471 2055 vero
492 2013 530 2055 est
547 2001 576 2054 in
593 1998 661 2052 Edd.
679 1997 755 2051 Man.
773 1996 866 2050 Lamb.
886 1995 970 2048 Sullr.
988 1996 1060 2051 Petr.
1076 1997 1164 2065 nub..
1192 2001 1291 2055 nostris
1311 2000 1451 2058 Calculi.

409 2089 495 2142 Wott.
523 2087 637 2142 Lambb.
666 2084 747 2141 Goth.
774 2084 835 2139 Ald.
854 2087 935 2139 1552.
960 2082 1036 2155 syth.
1059 2085 1161 2141 Sturm.
1184 2085 1247 2142 Car.
1275 2088 1369 2162 steph.
1392 2109 1451 2163 quae

407 2178 480 2229 sieut
499 2206 534 2215 —
552 2175 664 2240 omisso,
691 2173 764 2246 quod
782 2171 918 2244 sequitur,
945 2190 992 2237 aa,
1020 2172 1047 2225 id
1067 2177 1213 2229 correctori
1233 2177 1340 2232 ridetur
1361 2179 1449 2232 deberi.

409 2265 511 2317 Vocem
528 2264 634 2333 sapiens
652 2261 750 2315 omittit
761 2260 839 2334 find.
859 2259 892 2312 A.
929 2260 984 2314 Pro
1003 2261 1073 2313 dixit
1093 2273 1132 2316 est
1150 2264 1216 2316 dicit
1239 2265 1269 2318 in
1296 2265 1382 2321 codd.
1400 2267 1450 2320 Bas

406 2349 497 2405 Guell.
516 2349 578 2404 Ero.
594 2349 663 2419 Eyb.
681 2347 754 2403 Gud.
770 2349 803 2403 Α.
822 2349 903 2402 Drsd.
922 2351 947 2404 3.
966 2352 991 2403 5.
1027 2347 1070 2402 Ad
1089 2351 1247 2405 sententiam
1265 2353 1327 2408 Fre.
1342 2353 1450 2425 Sylvius:

405 2439 434 2492 Si
448 2439 536 2493 virtuti
555 2438 662 2492 fortuna
679 2435 757 2503 cedit,
777 2438 847 2492 cedit
866 2437 945 2491 etiam
964 2435 1085 2508 sapienti.
1120 2438 1150 2491 ld
1164 2439 1232 2493 adeo
1252 2460 1346 2495 verum
1364 2452 1408 2507 est,
1425 2449 1448 2493 ut

405 2526 576 2581 Metrodorus
593 2525 757 2596 Epicureus,
783 2525 912 2597 quoniam
930 2524 987 2577 sine
1005 2525 1099 2578 virtute
1117 2526 1194 2581 beate
1223 2529 1273 2583 viri
1299 2549 1376 2602 posse
1393 2526 1448 2598 Epi-

405 2633 486 2668 curus
503 2614 632 2687 negabat,
650 2612 695 2667 illa
713 2613 784 2667 dicat
801 2613 874 2685 apud
892 2611 1052 2668 Ciceronem
1070 2611 1166 2668 Tusco.
1184 2617 1219 2670 V.
1238 2616 1274 2684 [c.
1294 2619 1350 2685 9.]:
1374 2618 1448 2667 Occu-

404 2703 470 2771 pavi
487 2713 528 2769 te,
545 2707 682 2760 Fortuna,
701 2711 784 2774 atque
803 2701 875 2771 cepi,
893 2719 1033 2773 omnesque
1052 2701 1147 2754 aditus
1163 2713 1225 2756 tuos
1241 2703 1397 2770 interclusi,
1422 2711 1447 2754 ut

405 2790 444 2840 art
457 2805 499 2842 'rna
517 2791 639 2861 aspirare
657 2809 709 2841 non
724 2807 825 2856 posses.
861 2789 989 2855 Po'e'tam,
1008 2805 1090 2862 quem
1110 2789 1250 2860 significat,
1271 2791 1389 2845 arbitror
1402 2809 1446 2844 esse

404 2861 534 2949 Appium,
550 2878 584 2931 de
603 2896 658 2948 quo
676 2873 816 2928 Sallustius
834 2875 862 2927 in
881 2875 1013 2930 Oratione
1030 2876 1063 2929 ad
1078 2874 1220 2931 Caesarem
1239 2877 1273 2931 de
1292 2879 1332 2932 Re
1352 2878 1445 2951 publica

406 2963 555 3017 ordinanda
575 2963 636 3030 [Ed.
656 2960 830 3032 llavercamp.
847 2961 881 3015 T.
900 2962 932 3014 ll.
960 2983 986 3032 p.
1006 2966 1067 3019 156.
1082 2965 1147 3036 ihiq.
1165 2965 1295 3039 interprr.
1315 2968 1363 3021 Et.
1381 2970 1444 3022 Cart.

404 3069 430 3120 p.
449 3049 542 3114 1⁰16]
580 3051 648 3111 Res,
667 3047 769 3118 inquit,
788 3047 880 3098 docuit
897 3048 928 3099 id
947 3067 1129 3115 rammasse,
1157 3055 1275 3124 quadiu
1295 3055 1444 3109 carminibus

404 3136 513 3204 Appias
531 3133 656 3203 [Caecus]
676 3135 733 3193 ait,
758 3133 877 3186 Fabrum
895 3152 951 3188 esse
971 3155 1099 3212 quemquo
1112 3140 1280 3211 fortunae.“
1329 3142 1445 3198 Graevius

404 3241 434 3275 ex
453 3222 521 3276 cod.
538 3220 607 3277 Pith.
626 3221 742 3276 enotavit
756 3221 898 3276 lectionem
921 3223 988 3288 sed,
1008 3235 1040 3277 ut
1052 3227 1159 3295 sapiens
1173 3235 1259 3298 pae'to
1280 3231 1353 3281 clici
1359 3241 1379 3282 t.
1395 3227 1421 3280 M
1427 3245 1443 3277 r.

474 3311 581 3380 sapiens
596 3311 690 3381 poeto]
727 3311 851 3383 „Appius
870 3311 995 3378 fortasse,
1024 3314 1100 3368 cuius
1117 3317 1247 3370 sententia
1274 3316 1349 3371 valde
1366 3313 1444 3370 similis

402 3397 549 3453 assertura
572 3398 698 3453 Sallustio
725 3401 753 3452 in
771 3398 889 3469 Epistola
908 3399 930 3454 l.
956 3400 990 3453 ad
1018 3399 1049 3455 C.
1076 3399 1218 3455 Caesarem
1247 3403 1281 3457 de
1307 3396 1442 3457 ordinanda

402 3506 459 3559 rep.
475 3487 607 3553 (Fairum
624 3507 681 3541 esse
699 3506 828 3560 quemque
841 3487 999 3557 fortunae).
1037 3486 1130 3542 Sedet
1151 3489 1262 3544 Plautus
1280 3492 1309 3545 in
1323 3491 1442 3544 Trinumo

402 3575 449 3645 (ll,
468 3581 493 3643 2,
512 3579 555 3629 84.
580 3577 687 3645 sapiens
709 3576 766 3645 ipse
786 3576 876 3646 fingit
892 3575 1040 3646 sartonam
1067 3575 1131 3642 sibi)
1159 3588 1186 3630 et
1208 3577 1300 3650 Nepos
1328 3579 1356 3632 in
1374 3575 1441 3630 Attici

404 3665 453 3716 sita
471 3664 508 3733 (c.
528 3667 571 3716 11.
591 3663 668 3731 extr.)
687 3672 712 3716 et
730 3662 775 3715 alii
792 3662 888 3716 eodem
907 3662 989 3716 modo
1006 3661 1182 3735 loquuntur.“
1206 3665 1307 3720 Face.

473 3750 537 3800 Suis
555 3767 588 3800 ea
599 3751 694 3820 cuique
699 3751 822 3820 fingitur
834 3750 961 3819 moribus]
999 3750 1200 3818 „Pulcherrima
1212 3755 1352 3822 sententia,
1372 3766 1440 3825 quam

404 3846 430 3890 et
447 3835 537 3908 Nepos
554 3835 582 3888 in
604 3835 684 3888 Attici
709 3828 759 3889 vila
785 3837 823 3889 sic
845 3838 983 3908 expressit:
1015 3841 1060 3891 sui
1082 3841 1177 3911 cuique
1203 3860 1289 3895 mares
1307 3843 1440 3914 fortunam

397 3926 522 3997 fingunt.
560 3922 643 3991 Quod
663 3923 772 3977 lortasse
789 3943 804 3977 a
821 3924 918 3979 Plauto
937 3937 1089 3998 sumptum,
1109 3927 1154 3999 qui
1174 3927 1202 3980 in
1220 3929 1384 3983 Trinummo
1400 3924 1440 3977 ait:

401 4012 514 4082 Sapiens
531 4012 588 4081 ipse
600 4011 688 4083 fingit
699 4012 849 4083 sartonam
867 4014 925 4069 sibi.
962 4015 1036 4070 Haec
1052 4015 1113 4068 ideo
1133 4015 1193 4081 dixi,
1214 4034 1248 4069 ue
1264 4017 1324 4088 quis
1342 4016 1374 4069 de
1389 4031 1440 4066 mu-

404 4102 504 4154 tatione
528 4099 657 4170 cogitaret
675 4100 709 4152 ob
736 4100 887 4156 varietatem
914 4113 1032 4156 veterum
1051 4102 1198 4156 librorums
1225 4104 1290 4175 qui,
1315 4100 1440 4157 simultas

402 4187 513 4254 habeas,
538 4186 629 4241 nullus
649 4198 739 4241 tamen
758 4199 795 4242 est
812 4199 867 4242 tam
886 4189 1043 4244 emendatus
1062 4200 1170 4261 tamque
1188 4202 1299 4261 apertus
1317 4190 1402 4253 locus,
1417 4186 1438 4238 in

402 4296 455 4347 quo
474 4297 530 4331 non
550 4275 711 4330 dissentiant.
753 4278 822 4330 Cum
851 4276 955 4332 delectu
974 4277 1055 4348 igitur
1079 4277 1256 4338 observandi.
1292 4278 1348 4332 Mei
1375 4286 1439 4331 octo':

401 4363 589 4435 unisquisque
607 4364 744 4437 fungitur
764 4363 889 4420 moribus.
933 4365 1011 4418 Duo:
1038 4365 1096 4417 suis·
1123 4383 1156 4416 ea
1182 4368 1297 4439 quisque
1316 4365 1439 4440 fungitur

401 4448 525 4505 maribus.
572 4451 649 4506 Duo:
669 4452 727 4503 suis
745 4454 814 4505 enim
832 4454 946 4525 quisque
958 4453 1096 4525 fungitur
1113 4454 1240 4511 moribus.
1283 4456 1376 4510 Unus:
1392 4452 1440 4507 suis
