3450 5342
517 715 520 718 ’
596 724 791 778 ιιιιιιιοιοιι
813 724 861 771 ιιι.
895 724 965 772 car.
987 724 1008 771 ι.
1256 703 1328 779 123

278 887 366 956 ipsius
384 885 434 938 Ed.
454 904 496 956 ap.
514 881 612 951 Meus,
639 883 718 937 Hdlb.
740 903 761 936 ε.
780 882 798 936 l.
817 893 843 936 et
862 901 878 935 a
896 882 963 937 Dar.
981 882 1047 954 Arg.
1067 883 1136 937 Vea.
1156 886 1234 939 1492.
1252 889 1330 943 1514.

279 973 343 1027 Par.
362 975 442 1026 1501.
459 975 537 1026 1512.
556 971 639 1042 Lugd.
686 971 716 1022 Ιιι
732 969 806 1024 aad.
832 980 921 1024 autem
947 970 1009 1024 Car.
1037 970 1130 1044 Steph.
1153 970 1236 1025 Paris
1255 975 1333 1028 1545.

281 1059 352 1112 Aua.
376 1058 482 1126 Talaei,
506 1058 618 1112 Lambb.
642 1060 712 1128 (uon
740 1058 833 1111 Lamb.
852 1069 878 1112 et
898 1057 971 1127 Col.)
990 1057 1080 1113 Goth:
1097 1057 1198 1112 Sturm.
1225 1057 1276 1112 alia
1298 1071 1336 1113 est

281 1146 384 1219 glossa,
403 1158 487 1218 eaque
502 1147 611 1199 melior:
621 1147 711 1216 lapsa
723 1155 765 1198 est
783 1145 944 1198 alicuius
961 1145 1059 1199 libido:
1078 1145 1123 1216 sed
1136 1145 1222 1217 glossa
1235 1156 1334 1201 tamen

281 1233 341 1286 Mr.
376 1235 461 1301 „Rern
480 1245 585 1306 turpem
604 1232 701 1287 Cicero
719 1252 769 1305 per
785 1230 945 1303 εὕφημισμδν
962 1233 1078 1288 1ιοιιεει1ε
1107 1232 1270 1286 dictionibus
1288 1234 1336 1287 de·

281 1320 403 1387 claravit,
429 1332 458 1375 ut
483 1320 527 1375 hic
550 1322 631 1391 lapsa
648 1331 691 1373 ast
708 1321 806 1387 libido,
832 1321 871 1376 sic
889 1341 950 1375 mox
971 1321 1101 1392 petulans
1123 1321 1187 1394 suit
1209 1308 1337 1376 scribens.

279 1406 390 1462 Poterat
407 1407 561 1463 Stoicorum
587 1427 664 1462 more
680 1405 912 1480 εὕθιιῤῥημωνετν,
929 1409 947 1462 1.
958 1429 979 1462 ε.
999 1428 1056 1462 rem
1075 1409 1174 1464 directe
1192 1411 1282 1465 dicere
1300 1422 1334 1478 et,

282 1496 354 1567 quod
373 1506 411 1549 est
429 1496 456 1549 ia
476 1497 632 1566 proverbio,
658 1498 786 1569 scapham
805 1496 931 1569 scapham
950 1496 1101 1569 appeiiare,
1119 1497 1198 1552 reiuti
1210 1500 1213 1505 '
1226 1509 1335 1553 consta·
1385 1502 1388 1507 '

281 1583 365 1654 prarit
382 1582 537 1650 mulierem,
557 1582 591 1636 ad
608 1585 743 1638 Venerem
761 1584 884 1656 pellexit,
904 1584 1008 1656 decepit
1026 1595 1076 1638 etc.
1123 1583 1177 1638 Sed
1196 1585 1224 1638 ia
1243 1597 1335 1639 orato-

281 1670 321 1722 ria
339 1669 532 1740 disputatione,
554 1689 623 1741 quae
642 1671 726 1724 estin
751 1670 791 1725 h'is
806 1673 966 1738 Paradoxis,
991 1671 1057 1726 haec
1083 1671 1158 1724 rudis
1182 1673 1335 1744 simplicitas

281 1757 373 1809 lacurn
393 1777 449 1809 ιιοιι
468 1755 610 1809 habebat.“
628 1757 736 1827 wyri.
772 1758 815 1810 Ad
833 1759 913 1812 rerba
932 1760 1037 1813 confert
1054 1758 1136 1828 Borg.
1155 1778 1213 1829 cap.
1233 1764 1257 1812 2.
1284 1758 1332 1811 hu·

281 1845 323 1897 ius
341 1843 471 1900 Paradoxi
488 1841 575 1895 ladem
591 1843 727 1904 libidinis,-
754 1845 834 1899 Αιιει.
858 1844 892 1897 ad
910 1844 1028 1898 Herean.
1046 1847 1093 1911 lV,
1113 1848 1161 1900 16:
1188 1845 1335 1917 adquae

281 1931 356 1983 videt
374 1931 419 1982 sui
437 1930 570 1983 dedecoris
586 1930 731 2002 infamiam
745 1930 927 2000 pertinere
933 1953 944 1994 ‚¹
963 1932 991 1984 in
1011 1933 1087 1986 Verr.
1106 1933 1165 1986 Act.
1183 1933 1203 1998 l,
1223 1937 1254 1988 5ι
1274 1931 1336 2004 qui-

283 2018 334 2070 bus
350 2017 446 2070 liberos
466 2019 643 2089 coniugesque
659 2036 725 2070 suas
743 2018 867 2090 integras
885 2018 1019 2072 edistius
1033 2020 1249 2089 petulantia
1273 2038 1337 2071 con-

282 2124 390 2158 servare
414 2125 467 2158 non
492 2107 598 2158 licitum
615 2116 665 2159 est.
708 2105 750 2158 Ad
776 2116 938 2160 structuram
964 2106 1066 2161 Gernh.
1090 2101 1203 2162 eontulit
1226 2108 1259 2160 de
1278 2105 1336 2159 Off.

283 2194 361 2262 11,3,
379 2198 410 2249 9:
430 2195 459 2246 in
476 2214 529 2267 quo
546 2194 627 2263 lapsa
647 2193 812 2246 consuetudo
831 2194 941 2264 deflexit
960 2195 992 2246 cle
1007 2195 1077 2248 vias
1099 2194 1160 2247 Mr.

356 2315 430 2367 dolor
448 2316 487 2365 ad
501 2316 642 2385 pauciores
660 2314 790 2385 pertinet]
818 2313 868 2368 Ed.
887 2316 948 2369 Par.
967 2337 986 2369 s.
1006 2336 1029 2372 a.
1056 2317 1094 2366 ad
1118 2317 1258 2386 pauciores
1283 2316 1335 2370 dol.

281 2413 352 2472 pert.
371 2402 438 2457 Cod.
458 2403 553 2457 Duisb.
571 2403 693 2472 pervenit
713 2421 762 2474 pro
778 2403 908 2472 pertinet.
947 2403 1013 2456 tttud
1033 2415 1071 2456 est
1090 2402 1250 2475 interpretis.
1269 2402 1337 2457 Cod.

286 2489 346 2547 Cra.
364 2490 390 2547 2.
419 2490 499 2544 Drsd.
518 2493 544 2543 1.
562 2494 588 2545 3.
614 2489 686 2543 Gud.
706 2491 739 2544 Α.
765 2508 846 2562 quam
872 2491 897 2542 si
922 2501 1018 2544 esset
1042 2491 1186 2560 petulans,
1215 2488 1301 2544 Drsd.'
1312 2495 1337 2544 4.

285 2595 366 2650 quarn
390 2578 416 2628 εἰ
435 2578 565 2647 petulans
586 2578 706 2648 fuissem
713 2598 723 2638 ,·
758 2577 839 2633 Drsd.
866 2583 893 2634 5.
918 2597 999 2652 quarn
1023 2576 1154 2646 petulans
1179 2577 1205 2628 si
1225 2574 1337 2646 fuisset.

285 2662 327 2716 Ad
348 2684 371 2715 v.
387 2665 517 2732 petulans
535 2663 623 2734 Wytt.
642 2662 720 2717 baec:
738 2657 785 2718 Est
803 2684 819 2717 a
837 2666 920 2718 rerbo
935 2677 1014 2735 peta,
1039 2663 1111 2717 unde
1129 2663 1208 2719 etiarn
1233 2672 1272 2716 est
1286 2680 1337 2733 pe-

284 2751 364 2804 tulas
387 2749 512 2802 bositern
531 2748 634 2815 hircus,
661 2749 707 2822 qui
731 2769 818 2804 cornu
846 2752 929 2824 petit:
948 2751 1043 2804 deinde
1069 2750 1215 2822 petulantia
1239 2748 1350 2811 dicitur,

283 2838 367 2891 animi
386 2838 469 2890 iibido
489 2847 515 2890 et
534 2837 663 2891 effrenata
683 2837 813 2910 cupiditas
841 2850 941 2895 temere
959 2858 1041 2911 ageas
1056 2838 1166 2909 aliisque
1185 2835 1339 2890 insultasset

283 2927 338 2979 iarn
357 2925 430 2979 coni.
449 2926 527 2979 etiarn
545 2924 678 2979 Goereae.
697 2925 730 2978 ad
751 2923 809 2979 Cic.
827 2926 860 2978 de
883 2926 963 2981 Fian.
983 2927 1003 2992 l,
1023 2929 1066 2990 18,
1085 2929 1128 2980 61.
1148 2946 1175 2996 p.
1193 2929 1238 2981 85.
1263 2924 1337 2978 Doe-

284 3012 395 3074 derlein.
413 3014 469 3066 Lat.
491 3011 595 3085 Syaon.
614 3033 641 3066 ιι.
659 3012 776 3085 Etymoi.
796 3013 838 3066 111.
858 3035 886 3086 p.
905 3019 950 3068 42.
972 3044 1007 3054 -
1049 3015 1170 3081 „Mulier
1186 3013 1281 3084 ignota
1300 3021 1338 3065 est

285 3101 415 3168 obscuro,
442 3100 534 3154 infimo
553 3101 614 3156 loco
634 3111 708 3155 nata:
733 3101 883 3173 opponitur
901 3103 1001 3173 virgini
1024 3100 1106 3153 nobili
1132 3110 1159 3150 ει
1185 3118 1338 3171 generosae.

286 3188 390 3240 Nobilis
408 3199 516 3256 autem,
535 3189 628 3261 ignoto
646 3189 801 3260 oppositus,
820 3200 859 3242 εει
877 3189 978 3256 clarus,
997 3188 1122 3242 illustris:
1143 3200 1168 3243 at
1186 3206 1339 3260 generosus,

285 3271 400 3342 eripieris,
421 3275 534 3342 dicitur,
554 3276 600 3347 qui
618 3274 705 3328 'claros
723 3275 815 3329 habuit
832 3277 895 3329 inde
914 3297 929 3330 a
949 3277 1032 3347 longo
1050 3287 1173 3346 tempore
1198 3275 1338 3328 maiores.“

284 3363 389 3435 Wytt.
426 3363 481 3414 Pro
500 3381 580 3435 quam
599 3359 666 3413 Cod.
685 3360 735 3414 Ox.
753 3362 772 3414 1.
790 3362 871 3416 1ιε1ιει
889 3362 955 3434 quid
973 3364 1068 3416 dicam.
1104 3361 1163 3412 Mr.

356 3467 387 3517 in
407 3465 530 3535 aliquo
548 3483 677 3535 generosa
697 3483 729 3514 aa
747 3464 829 3516 nobili
847 3467 961 3535 virgine]
980 3465 1036 3515 Pro
1055 3463 1150 3532 aliqua
1170 3461 1271 3515 Gernh.
1291 3463 1338 3515 ha-

283 3558 327 3609 bet
348 3554 421 3616 alia,
440 3551 525 3604 solus:
544 3570 652 3618 errore,
672 3562 702 3605 ut
720 3548 784 3603 mihi
803 3569 866 3605 curn
886 3549 936 3603 Or.
956 3550 1075 3614 videtur,
1094 3547 1263 3619 typographi.
1310 3547 1340 3599 1ιι

283 3643 355 3697 Gud.
374 3642 406 3695 Α.
425 3639 491 3694 On.
510 3640 542 3694 E.
560 3640 579 3692 1.
598 3650 637 3692 εει
654 3649 682 3690 et
701 3658 752 3711 pro
773 3657 824 3700 σε,-
849 3638 878 3693 ia
902 3636 963 3694 Cre.
981 3641 1007 3693 3.
1025 3634 1135 3700 nobile,
1162 3634 1295 3689 iuDrsd.
1314 3639 1339 3688 5.

283 3732 311 3782 in
332 3730 429 3802 aliqua
448 3728 591 3781 mulieri
609 3727 723 3780 nobili
740 3747 779 3779 ae
795 3745 977 3800 generosa.
1013 3725 1072 3778 Mr.

355 3834 483 3886 Peccavit
507 3853 569 3886 vero
598 3834 683 3886 nilrilo
708 3835 823 3902 rrrinus,]
868 3837 1034 3899 „Peccatur,
1064 3850 1142 3884 unus.
1186 3835 1340 3895 Peccatum,

285 3925 376 3976 oct0.“
393 3920 464 3974 Md.
481 3920 565 3974 Man.
602 3926 767 3987 „Peccatum
780 3933 818 3977 est
831 3923 858 3974 in
875 3921 943 3974 libro
963 3919 1030 3987 MS..
1049 3930 1075 3973 et
1094 3919 1203 3973 sortasse
1217 3919 1341 3972 meiius.“

285 4011 315 4065 F.
325 4010 390 4062 Urs
400 4009 486 4061 inus.
520 4008 575 4062 Nos
590 4009 664 4075 iliud,
684 4010 756 4082 quod
772 4009 894 4080 placebat
905 4009 1013 4073 Ursino,
1029 4018 1177 4076 peccatum,
1191 4007 1339 4078 reperimus

284 4099 313 4151 in
332 4095 400 4150 cod.
419 4095 478 4148 Cre.
497 4102 538 4164 2.,
556 4095 675 4151 Orellius
691 4098 719 4152 in
738 4098 787 4154 Ed.
807 4098 892 4150 Sulsr.
911 4097 993 4150 Petri.
1030 4094 1080 4147 Th.
1100 4093 1249 4157 Bentleius,
1276 4100 1340 4143 teste

285 4185 404 4251 Gerah.,
423 4185 499 4257 legit:
516 4195 691 4255 peccatur
710 4206 771 4260 vero
789 4186 873 4238 nilrila
895 4186 991 4241 minus.
1040 4184 1142 4235 Vocern
1163 4198 1224 4231 aero
1243 4175 1342 4227 omittit

286 4273 382 4328 Dresd.
400 4279 426 4328 4.
462 4272 520 4325 Μι.

357 4381 381 4433 si
399 4379 503 4451 quidem
514 4389 553 4430 est
569 4398 679 4448 peccare
699 4389 830 4451 tanquam
850 4377 970 4430 transire
988 4372 1094 4436 lineas]
1137 4367 1257 4434 „Omnes
1275 4368 1342 4421 mei:

287 4467 402 4521 transire
420 4465 506 4519 lineas
526 4467 544 4522 i.
565 4486 586 4519 e.
607 4466 725 4520 modurn.
763 4467 887 4522 Horatius
906 4463 973 4532 [Sat.
993 4460 1013 4529 1,
1033 4462 1059 4527 1,
1080 4458 1152 4523 tau]
