3450 5342
528 1508 531 1513 ’
653 1474 1039 1560 PRAEFATIO.

778 1678 908 1689 ——a-

321 1881 541 2007 Quindecim
567 1927 643 1987 sunt
658 1926 746 2004 anui,
773 1927 815 1990 ex
839 1940 916 2008 quo,
944 1945 1044 2008 quum
1060 1927 1253 1992 Tusculanis
1272 1924 1375 1991 eden·

321 2045 370 2108 dis
402 2060 455 2106 me
493 2044 717 2123 accingerem,
756 2043 960 2110 edendorum
992 2047 1089 2112 simul
1122 2045 1375 2112 Paradoxorum

321 2162 494 2228 consilium
528 2161 611 2243 cepi.
678 2161 778 2227 Cuius
813 2165 942 2228 consilii
976 2183 1076 2230 causa
1106 2183 1174 2231 non
1208 2181 1274 2229 una
1302 2161 1373 2227 init.

321 2281 555 2348 offerebantur
592 2280 672 2343 mibi
708 2281 827 2346 eodem
866 2286 1014 2366 tempore
1048 2284 1261 2350 aCreuzero
1295 2297 1373 2344 meo

321 2409 387 2467 tres
412 2400 549 2467 Codices
572 2403 831 2486 manuscripti,
859 2420 928 2468 non
952 2405 1000 2469 ilii
1026 2404 1159 2486 quidem
1185 2399 1373 2486 pervetusti,

321 2521 380 2585 sed
405 2522 545 2599 saeculi,
572 2524 607 2585 ut
632 2520 779 2602 videtur,
806 2524 911 2606 quinti
937 2524 1075 2604 decimi,
1100 2521 1284 2598 chartacei,
1313 2494 1376 2584 sed

319 2641 468 2706 nondum
493 2642 605 2707 collati
629 2644 661 2704 et
686 2642 794 2722 primo
820 2643 977 2725 adspectu
1004 2661 1097 2726 spem
1120 2642 1276 2707 iacientes
1298 2639 1372 2702 iore

320 2767 358 2826 ut
384 2760 509 2842 aliquid
542 2759 618 2824 inde
652 2761 762 2826 bonae
794 2761 897 2843 frugis
924 2782 944 2828 a
969 2763 1067 2843 nobis
1086 2760 1220 2843 excerpi
1246 2761 1373 2839 posset:

321 2896 407 2961 quae
433 2895 508 2960 spes
534 2894 603 2942 non
627 2879 724 2959 plane
751 2879 875 2945 fefellit
927 2881 1137 2965 Accedebant
1152 2879 1278 2960 aliquot
1303 2873 1374 2938 edi-

321 3001 426 3063 tiones
455 3002 601 3077 veteres,
628 2999 669 3062 ab
691 2999 749 3077 iis,
775 3001 830 3083 qui
856 3001 965 3065 adhuc
990 3001 1162 3066 ediderant
1187 2996 1373 3071 Paradoxa‚

321 3137 389 3184 non
416 3121 591 3200 inspectae,
619 3137 720 3200 quum
745 3119 780 3182 in
805 3121 888 3183 meis
915 3121 1109 3198 sibrictum
1123 3118 1256 3186 aliunde
1282 3114 1374 3193 mibi,
1403 3174 1407 3204 ³

322 3238 514 3321 praesertim
553 3256 596 3301 ex
628 3238 826 3303 bibliotheca
869 3234 1154 3319 Heidelbergensi'‚
1195 3237 1375 3300 liberanter
1434 3256 1436 3261 ·

322 3359 465 3437 oblatae,
491 3358 610 3437 quibus
634 3375 747 3438 prore
766 3360 846 3422 nata
867 3362 986 3422 uterer.
1039 3357 1104 3424 Sed
1127 3358 1192 3424 alia
1217 3361 1289 3421 erat
1315 3372 1372 3419 ea-

321 3495 387 3560 que
415 3475 548 3556 gravior
573 3491 690 3551 causa,
727 3493 793 3555 qua
819 3477 988 3555 permotus
1013 3477 1143 3542 iunctos
1166 3475 1264 3541 edere
1291 3490 1374 3538 con·

320 3595 492 3659 stitueram
517 3590 638 3670 libros,
662 3609 746 3672 quos
772 3592 858 3655 dixi:
887 3592 1020 3672 eadem,
1048 3596 1185 3677 opinor,
1212 3611 1296 3677 quae
1314 3609 1372 3657 eos

320 3715 521 3793 coniungere
546 3711 640 3774 iussit
666 3709 854 3776 Schiitzium
881 3715 913 3777 et
939 3712 1109 3794 Omnium,
1138 3719 1169 3779 et
1194 3715 1282 3779 hunc
1299 3715 1373 3797 qui-

322 3833 397 3896 dem
423 3846 491 3894 non
517 3829 655 3894 seorsim
679 3831 781 3893 modo
804 3830 930 3910 editos,
955 3832 1014 3895 sed
1039 3834 1156 3913 etiam,
1184 3832 1272 3915 quod
1295 3833 1373 3897 item

321 3953 445 4016 iecerat
471 3948 657 4028 Schiitzius‚
691 3949 726 4012 in
752 3967 891 4030 operum
916 3947 1084 4015 Ciceronis
1120 3953 1266 4017 omnium
1301 3953 1372 4016 edi-

238 4135 246 4143 ,
320 4074 420 4137 tione.
472 4070 663 4150 argumenti
687 4070 843 4134 nimirum
860 4075 931 4135 erat
952 4071 1114 4152 quaedam
1134 4074 1227 4153 quasi
1244 4089 1369 4151 cogua-

321 4194 386 4269 tio,
413 4211 479 4272 qna
500 4195 609 4256 molus
635 4190 702 4254 iam
728 4192 880 4255 trecentis
907 4191 976 4254 iere
1010 4192 1131 4255 abhinc
1164 4191 1257 4255 annis
1290 4193 1372 4256 scri-

320 4311 383 4392 psit
417 4310 544 4375 lason
570 4308 774 4375 Denores
810 4307 967 4390 Cyprius,
1004 4310 1038 4372 in
1066 4305 1306 4374 Institutione
1334 4307 1373 4374 iu

325 4423 382 4494 M.
431 4424 545 4493 sl'ullii
590 4421 782 4492 Ciceronis
825 4421 1105 4516 Philosophiam
1144 4424 1189 4491 de
1225 4425 1302 4495 vila
1338 4438 1372 4493 ei
