3450 5342
340 667 412 739 190
666 687 839 736 rinnon
866 687 1061 736 srorcoruu.

336 862 505 906 consecratus
536 848 765 921 (inauguratus),
803 850 856 903 sire
882 848 984 904 civitem
1010 850 1062 902 siva
1092 848 1257 920 religiosum.
1309 847 1356 903 Est
1378 872 1389 903 a

336 939 442 992 Graeco
460 937 570 991 nomine
590 941 702 1003 τέμενος,
720 936 792 1008 quod
812 946 850 990 est
869 956 884 990 s
903 941 1002 1001 τίμνυ,
1020 937 1096 1008 quasi
1114 956 1178 1008 pars
1195 949 1300 992 exsecta
1320 959 1335 991 a
1352 959 1390 991 re·

335 1027 416 1098 liquis
434 1025 556 1097 partibus
573 1037 600 1079 et
617 1024 651 1078 ad
671 1023 812 1096 proprium
831 1043 909 1077 usum
928 1024 1065 1078 destinata.
1101 1025 1174 1079 Haec
1190 1037 1284 1080 autern
1296 1027 1387 1098 tempia

335 1124 397 1167 sunt
414 1113 453 1167 vei
472 1132 561 1181 sacra,
588 1132 657 1185 quae
675 1113 803 1166 dicuntur
820 1111 913 1176 aedes,
939 1112 1002 1167 isus
1021 1124 1048 1167 et
1065 1113 1178 1169 similis:
1205 1114 1247 1169 rei
1272 1127 1336 1169 sunt
1358 1116 1387 1169 sd

336 1201 419 1256 aliurn
438 1222 531 1270 usum,
551 1201 629 1255 reiuti
650 1201 757 1266 Circus,
776 1199 876 1254 Curiae
893 1211 919 1254 ct
936 1199 1041 1255 similia.
1077 1201 1192 1274 Templa
1212 1213 1305 1256 autern
1319 1212 1388 1257 erant

335 1290 404 1355 alta,
423 1290 495 1343 unde
513 1307 591 1360 saepe
611 1307 728 1359 augures
744 1299 790 1342 aut
806 1287 852 1343 alii
871 1288 1123 1360 circumspiciebant
1139 1289 1250 1343 coelum
1276 1302 1324 1345 sut
1349 1310 1388 1344 re·

336 1379 456 1449 gionern:
480 1376 553 1429 unde
572 1375 673 1429 dictum
692 1387 731 1429 est
748 1376 948 1447 contemplari.“
976 1376 1228 1447 Wyttenbach.
1278 1377 1339 1431 vid.
1357 1377 1387 1429 ad

336 1485 394 1521 rem
414 1464 471 1519 Cic.
490 1464 518 1517 in
537 1464 628 1517 Pisou.
647 1466 690 1517 15.
709 1474 735 1517 et
751 1482 802 1535 pro
821 1462 970 1519 sessione.
1006 1464 1064 1517 Mr.

408 1590 534 1643 Armatis
553 1586 716 1656 latronibus]
743 1587 829 1641 codd.
849 1586 914 1642 Osr.
932 1588 952 1642 i.
971 1586 1006 1642 U.
1023 1605 1050 1650 ψ.
1072 1590 1130 1641 Cra.
1149 1590 1175 1640 i.
1205 1605 1281 1639 curn
1302 1604 1384 1638 areaa-

336 1679 374 1731 tis
392 1674 552 1730 latronibus.
589 1676 669 1730 Drsd.
688 1679 713 1730 5.
739 1676 855 1728 armatis
880 1694 951 1728 cum
968 1675 1135 1729 latronibus:
1164 1673 1315 1747 elegantius
1339 1673 1384 1726 sci·

336 1765 404 1820 iicet.
439 1765 593 1836 Utrumque
611 1763 715 1817 falsum.
753 1762 856 1816 Armati
875 1760 992 1817 istrones
1009 1783 1064 1816 non
1084 1774 1146 1817 sunt
1160 1764 1237 1834 quasi
1249 1763 1314 1816 socii
1327 1760 1385 1814 clo-

335 1854 386 1921 dii,
405 1853 450 1906 sed
468 1852 547 1905 veluti
566 1852 741 1906 instrumenta
759 1850 910 1923 occupandi
938 1863 965 1906 et
992 1851 1100 1905 tenendi
1127 1850 1187 1904 loci.
1230 1850 1277 1904 Est
1302 1860 1383 1903 autern

335 1942 452 1996 iormuia
469 1941 561 2013 legurn
581 1941 612 1992 dc
629 1942 670 2005 vi,
688 1941 802 1992 armatis
822 1938 981 1992 lanrinibus.
1028 1938 1089 1995 Vid.
1108 1935 1245 1991 Dtrtsentt
1264 1934 1383 1990 Manuale

336 2029 483 2084 Latinitatis
500 2027 627 2082 Fortium
647 2028 699 2081 lur.
718 2026 774 2081 civ.
795 2028 873 2080 Rom.
892 2048 914 2079 r.
934 2038 1058 2078 armatus
1076 2046 1102 2099 p.
1122 2028 1166 2081 88.
1215 2024 1294 2078 Adde
1312 2041 1383 2094 egre-

336 2114 407 2186 giam
426 2114 631 2186 disputationem
650 2114 684 2168 de
697 2115 756 2189 lege
776 2113 879 2168 Plautia
898 2116 932 2185 (s.
951 2113 1051 2184 Plotia)
1070 2114 1101 2165 de
1120 2116 1161 2168 vi.
1180 2111 1208 2165 in
1229 2109 1320 2165 indice
1338 2109 1383 2161 Le-

336 2222 399 2276 gum
422 2223 464 2275 ap.
484 2202 570 2257 Orell.
589 2203 731 2258 Onomast.
748 2202 819 2257 Tuli.
838 2203 868 2256 P.
888 2202 932 2269 tlt,
953 2224 979 2275 p.
997 2204 1159 2257 238-248.
1195 2198 1255 2252 Mr.

404 2323 575 2393 privatorum
593 2325 697 2390 domos,
721 2325 799 2378 aedes
824 2342 918 2377 sacras
937 2324 1105 2393 incendisti,]
1133 2322 1267 2376 Scribitur
1295 2320 1383 2372 damus

336 2414 364 2465 in
383 2409 468 2466 codd.
486 2411 566 2466 Drsd.
582 2415 608 2469 4.
626 2414 684 2467 Cra.
705 2414 731 2464 1.
749 2423 776 2467 et
794 2410 867 2466 Gud.
885 2411 914 2464 B.
933 2410 1000 2465 cod.
1014 2409 1064 2465 Os.
1083 2411 1114 2466 E.
1132 2409 1235 2464 habent
1250 2408 1383 2479 privata-

336 2520 404 2555 rum.
439 2500 559 2572 Pergunt
577 2499 663 2556 codd.
681 2500 758 2555 Suer.
777 2500 857 2554 Drsd.
877 2504 904 2555 1.
922 2503 948 2555 8.
977 2499 1048 2553 Gud.
1066 2499 1099 2556 B.
1127 2508 1162 2549 st
1180 2498 1261 2549 aedes
1285 2513 1381 2558 sacras,

336 2587 397 2644 Cra.
415 2592 441 2645 8.
469 2591 617 2661 aedesque
643 2607 752 2653 sacras,
781 2587 861 2641 Drsd.
880 2591 904 2645 3.
932 2606 1026 2640 sacras
1044 2588 1133 2641 aedes.
1160 2587 1219 2639 Gra.
1239 2588 1265 2638 1.
1293 2581 1383 2637 omittit

337 2696 446 2742 sacras,
464 2677 546 2748 quod,
565 2688 595 2730 ut
612 2677 808 2749 supplendum,
825 2675 1010 2748 superscripsit
1026 2675 1078 2730 alia
1098 2693 1201 2729 manus.
1231 2672 1291 2726 Mr.
1325 2669 1381 2737 „lu-

336 2765 433 2818 ridiose
452 2766 540 2819 domm
559 2764 622 2820 dicit
640 2765 736 2835 plurali
755 2783 878 2829 nurnero,
898 2783 948 2835 pro
962 2764 1090 2818 domum.¹‘
1111 2763 1185 2819 Frc.
1204 2761 1224 2816 S
1231 2762 1295 2835 ylr.
1330 2762 1379 2813 Ae-

338 2857 383 2909 des
402 2853 481 2910 habet
499 2853 568 2909 Vict.
587 2851 683 2907 Graes.
700 2872 759 2923 sqq.
776 2851 895 2923 reliquae
913 2851 1053 2923 aedesque.
1088 2850 1148 2903 Mr.

407 2962 461 3012 Cur
484 2956 571 3009 tostis
601 2954 784 3025 Spartacusl]
831 2957 909 3019 „vict
938 2955 1074 3010 Plutarch.
1104 2956 1132 3009 in
1159 2957 1287 3010 crasso.“
1317 2952 1381 3007 Ald-

336 3045 422 3097 Mau.
443 3045 512 3114 [cap.
532 3044 568 3110 8.]
615 3041 699 3110 „Quo
727 3054 848 3115 tempore
875 3045 905 3096 L.
923 3044 1049 3098 Lucullus
1073 3045 1184 3115 gerebat
1209 3043 1310 3097 bellurn
1326 3057 1380 3094 cun

336 3130 503 3196 Mithridate,
530 3140 657 3201 quattuor
687 3142 713 3183 et
736 3132 903 3203 septuaginta
933 3132 1092 3203 gladiatores
1125 3130 1238 3203 Capuae
1265 3150 1294 3183 es
1324 3128 1380 3181 ludo

336 3216 441 3271 Lentuli
460 3217 652 3289 profugerunt,
672 3217 718 3290 qui
736 3237 873 3273 serrorum
891 3220 1062 3274 multitudine
1076 3232 1242 3291 congregata
1261 3234 1380 3290 magnum

336 3305 479 3358 exercitum
498 3305 695 3372 conflaverunt,
719 3307 795 3361 cuius
813 3307 930 3379 Chrysus
960 3321 986 3364 et
1003 3308 1149 3380 Spartacus
1167 3309 1252 3364 duces
1270 3309 1379 3369 suerunt,

336 3413 351 3446 a
371 3411 424 3465 quo
443 3394 579 3447 Romanus
597 3396 725 3449 exercitus
743 3415 822 3468 saepe
840 3396 923 3451 rictus
941 3408 986 3450 est.
1031 3397 1074 3451 De
1100 3416 1133 3450 eo
1153 3396 1187 3451 T.
1206 3397 1297 3450 Livius
1314 3392 1381 3449 libris

335 3485 379 3536 ⁹5.
397 3485 441 3537 et.
457 3486 521 3536 975¹
540 3483 613 3537 Fra.
630 3483 721 3555 Syls.
757 3487 928 3557 „8partacus,
947 3485 1020 3550 dicit,
1038 3485 1163 3539 adversus
1183 3503 1267 3557 quesn
1287 3496 1315 3539 tu
1330 3498 1380 3535 ren

335 3570 368 3623 ad
398 3571 541 3623 Vesuvium
569 3583 688 3626 montem
718 3592 812 3643 parum
839 3573 953 3628 leiiciter
978 3572 1092 3644 gessisti,
1123 3573 1233 3628 delusus
1262 3572 1381 3627 nimirum

336 3658 369 3710 ab
388 3659 494 3711 obsesso
513 3670 539 3712 et
556 3659 584 3711 in
603 3662 694 3731 lugam
714 3671 795 3715 actus.
831 3665 1000 3730 Spartacus,
1024 3662 1155 3733 inquam,
1182 3660 1214 3713 sis
1239 3659 1381 3732 stipendia·

336 3747 376 3796 rio
397 3746 513 3808 Tlsrace,
531 3755 561 3797 ut
577 3746 650 3798 Fieri
669 3748 755 3801 verbis
772 3760 832 3802 utar
850 3747 908 3816 [tll‚
927 3750 999 3818 20.],
1028 3750 1118 3805 miles.
1146 3749 1179 3801 ds
1196 3750 1285 3803 milite
1300 3749 1381 3799 deser·

336 3841 394 3892 tor,
411 3831 503 3883 deinde
521 3831 608 3896 tarro,
627 3834 719 3885 deinde
737 3836 765 3887 in
784 3837 881 3889 honore
899 3839 997 3891 virium
1013 3837 1184 3908 gladiator.“
1211 3837 1304 3909 Xyst.
1329 3834 1380 3886 Be·

336 3917 396 3970 tul.
432 3917 588 3989 Spartacus,
617 3920 669 3973 dux
686 3940 837 3989 serrorum,
869 3926 915 3996 qui
941 3925 1102 3997 conglobato
1129 3924 1249 3978 exercitu
1276 3924 1381 3978 Roman

337 4006 478 4077 petebant,
496 4006 604 4079 iamque
622 4009 773 4064 Romanurn
793 4014 936 4068 exercitum
957 4015 996 4067 bis
1014 4013 1141 4077 vicerant,
1161 4031 1225 4067 curn
1245 4013 1277 4067 iis
1293 4029 1382 4066 occur-

336 4105 408 4148 reret
424 4093 463 4147 M.
482 4093 607 4162 Crassus,
624 4097 721 4155 deinde
739 4101 899 4173 Pompeius,
930 4122 944 4155 a
965 4122 1019 4174 quo
1039 4098 1162 4155 debellati
1187 4112 1252 4155 sunt
1276 4118 1347 4154 anno
1362 4115 1380 4148 a.

337 4202 363 4237 u.
383 4204 422 4239 ae.
440 4189 485 4240 u.
502 4186 539 4256 (a.
559 4186 593 4240 U.
610 4207 634 4242 c.
649 4189 724 4259 68⁰).
743 4191 793 4245 vid.
812 4191 924 4263 Eutrap.
944 4192 991 4259 Vt,
1008 4194 1054 4246 t.“
1072 4191 1112 4242 W
1119 4190 1253 4262 yttenh.
1267 4219 1301 4230 -
1321 4186 1379 4241 cot.

337 4270 387 4326 Or.
398 4272 418 4327 Ι.
435 4277 520 4329 lsostis
539 4277 668 4332 diceris
686 4282 846 4347 Spartacus.
882 4279 988 4333 Nomen
1000 4280 1129 4348 Spartaci
1145 4278 1216 4330 sarie
1226 4286 1378 4348 corruptum

337 4360 395 4414 Cra.
406 4365 431 4414 1.
451 4362 530 4418 habet
544 4366 686 4434 privatus.
705 4365 750 4419 sed
769 4384 849 4437 supra
869 4364 916 4419 lin.
935 4370 1086 4437 Spartacus
1103 4384 1140 4419 sc.
1161 4365 1274 4426 dicium
1293 4362 1378 4417 Crat

335 4453 453 4518 perticus
462 4471 471 4510 ,¹
491 4450 541 4504 Os.
558 4451 590 4503 E.
609 4454 747 4521 Sperticus
755 4473 765 4514 ,-
783 4452 863 4508 Drsd.
878 4457 903 4508 ί.
917 4459 941 4511 8.
958 4456 1118 4524 Sparticus;
1138 4451 1217 4505 Drssl.
1235 4456 1262 4506 4.
1281 4458 1377 4522 specta·
