3450 5342
335 659 410 732 294
661 677 833 725 rsmnoxs
861 672 1057 721 srorconuu.

335 843 456 913 Augusto
475 859 533 911 cap.
552 841 616 893 32ss
632 838 729 891 Face.
768 835 870 901 „Addit
887 833 962 887 Suet.
980 833 1036 885 sine
1054 830 1213 883 discrimine
1240 827 1316 879 liberi
1336 845 1384 878 ser·

336 933 426 1002 vique,
447 926 584 1000 ergastulis
604 943 786 998 possessorum
805 921 1071 994 supprimebantur.“
1109 916 1171 972 Gh.

408 1037 467 1069 cum
485 1017 578 1083 servis,
597 1034 656 1066 cum
675 1013 798 1079 libertis]
817 1011 928 1081 Legitur
947 1029 1006 1061 cum
1024 1006 1154 1058 liberis
1174 1005 1202 1056 in
1225 1000 1313 1054 Codd.
1327 999 1383 1053 On.

334 1107 365 1159 E.
383 1106 417 1162 U.
435 1127 461 1176 η.
481 1124 504 1158 o.
523 1123 554 1167 ψ.
572 1102 667 1156 Duisb.
685 1100 746 1156 Cra.
766 1103 792 1153 1.
810 1098 891 1152 Drsd.
912 1103 938 1151 2.
957 1100 983 1152 3.
1002 1100 1041 1158 5.;
1067 1095 1165 1146 desunt
1185 1091 1255 1143 haec
1273 1089 1326 1141 duo
1343 1106 1382 1139 vo-

336 1194 430 1250 cabula
456 1195 483 1246 in
508 1191 595 1244 Codd.
619 1193 676 1243 Cra.
691 1193 717 1242 1.
736 1200 761 1262 et
779 1193 804 1242 2.
840 1187 932 1257 Pergit
957 1184 1024 1237 cod.
1044 1181 1115 1235 Gud.
1136 1179 1168 1232 B.
1195 1181 1225 1229 εὖ
1251 1174 1381 1228 dictitibus.

336 1282 394 1337 Cre.
415 1286 440 1338 3.
460 1301 519 1333 cum
537 1279 709 1331 clientulis.
745 1276 806 1329 Mr.

406 1368 575 1434 socierum]
605 1366 647 1419 De
672 1364 841 1418 societatibus
859 1363 904 1429 iis,
934 1380 1003 1433 quae
1027 1360 1054 1412 in
1076 1355 1310 1428 negotiationibus
1329 1351 1380 1405 iniri

337 1455 451 1528 soleant,
477 1465 515 1507 est
541 1453 568 1505 in
590 1453 659 1506 libro
678 1452 815 1505 iustiniani
841 1449 1040 1504 Institutionum
1066 1445 1175 1500 tertio.“
1205 1443 1284 1497 Frc.
1306 1439 1382 1512 Sylr.

338 1543 396 1612 [Est
413 1543 487 1596 Libri
504 1542 548 1595 tlt.
565 1541 618 1594 Tit.
638 1544 671 1594 21
696 1539 765 1610 (26.)
782 1560 808 1611 p.
829 1541 882 1592 148
901 1557 940 1608 sq.
957 1535 1006 1589 Ed.
1025 1532 1138 1588 Scbrad.
1156 1531 1225 1583 min.
1231 1569 1239 1598 ,
1258 1550 1283 1601 p.
1300 1531 1380 1583 548-

338 1633 399 1684 514.
417 1629 467 1684 Ed.
483 1630 559 1699 maj.]
607 1628 696 1695 „Sunt
724 1637 889 1680 mercaturae
909 1636 934 1679 et
953 1638 1181 1696 quorumcunque
1208 1617 1378 1688 negotiorum

339 1719 465 1790 inquam
484 1719 636 1771 societatem
656 1717 676 1769 si
698 1716 776 1768 herus
795 1734 897 1780 servos,
922 1724 968 1767 aut
989 1722 1117 1782 patronus
1134 1706 1250 1760 libertos
1268 1717 1293 1759 et
1310 1703 1380 1757 clien-

339 1816 377 1859 tes
392 1815 552 1873 assumeret,
572 1806 657 1857 maius
672 1803 752 1857 siebat
770 1804 890 1857 lucrum:
909 1801 982 1874 quod
1000 1800 1062 1853 item
1081 1795 1150 1850 Cato
1169 1794 1252 1861 fecit,
1277 1789 1379 1864 quamvis

339 1894 378 1946 vir
396 1893 521 1964 optimus.
556 1892 620 1944 Tria
639 1904 729 1944 autem
748 1903 810 1945 sunt
828 1910 926 1963 genera
946 1888 1086 1942 bominum
1105 1884 1260 1937 alienorum
1283 1901 1298 1933 a
1316 1879 1379 1932 nobis

340 1979 529 2049 pendentium:
548 1980 665 2050 primum
684 1979 765 2045 servi,
786 1991 843 2033 tum
863 1977 966 2044 liberti,
985 1977 1002 2029 i.
1022 1995 1043 2026 e.
1061 1994 1076 2026 a
1094 1973 1174 2026 nobis
1193 1991 1208 2024 e
1229 1969 1346 2024 servitute
1356 1966 1377 2018 in

339 2063 487 2119 libertatem
513 2066 626 2132 dimissi,
651 2066 767 2138 denique
793 2067 917 2132 clientes,
943 2064 989 2136 qni
1016 2062 1091 2116 nobis
1114 2081 1164 2133 per
1190 2061 1234 2113 ius
1259 2055 1378 2114 clientelae

341 2154 477 2208 coniuncti
497 2166 569 2209 sunt:
596 2155 629 2207 de
660 2155 757 2225 quibus
780 2154 829 2207 rid.
848 2153 914 2206 Ern.
934 2150 1007 2206 ctav.
1026 2149 1082 2204 Cic.
1103 2170 1124 2200 r.
1147 2149 1265 2202 Clieus.“
1290 2145 1377 2215 Wyu.

343 2239 411 2293 Add.
427 2239 551 2295 Dirisen.
569 2242 696 2295 Manuale
714 2242 819 2296 Latinit.
838 2242 918 2296 Font.
934 2241 986 2294 lur.
1010 2237 1065 2291 civ.
1084 2237 1164 2289 Rom.
1193 2235 1254 2292 ead'.
1278 2255 1301 2289 v·
1324 2249 1378 2284 01¹⁰·

342 2326 457 2398 demque
476 2349 499 2380 v.
518 2330 647 2384 Societas.
684 2330 757 2397 Quid
776 2328 938 2383 Niebubrius
956 2328 990 2380 de
1005 2324 1154 2379 Clientibus
1167 2324 1195 2376 in
1210 2319 1379 2375 Histonliom.

342 2414 475 2481 statuerit,
495 2427 589 2469 notum
610 2428 656 2470 est.
694 2417 773 2471 cont.
791 2416 877 2489 Pauly
895 2415 1044 2486 Encyclop.
1063 2433 1087 2465 v.
1107 2411 1205 2463 Cliens.
1245 2408 1303 2460 Mr.

354 2549 356 2557 ,
414 2503 462 2572 qui
476 2504 654 2572 possessiones
674 2523 777 2556 vacuos
795 2506 856 2573 etc]
896 2503 960 2569 „Est
981 2505 1007 2554 ἓν
1025 2497 1071 2553 dari
1089 2502 1178 2551 diroti:
1208 2498 1226 2551 i.
1246 2517 1269 2550 e.
1288 2495 1330 2568 qui
1347 2511 1379 2545 re·

342 2590 468 2644 cordetur
485 2591 581 2646 multas
599 2592 772 2665 pessessiones
790 2611 885 2647 vacuas
902 2591 985 2646 factas
1007 2609 1056 2661 per
1082 2586 1296 2659 proscriptiones
1319 2582 1380 2635 loru·

342 2675 469 2746 pletium,
489 2679 583 2749 quint
602 2680 834 2752 proscriberentur
851 2700 900 2751 per
919 2691 960 2747 te,
980 2681 1087 2741 Crasse,
1117 2676 1146 2729 in
1166 2675 1262 2747 primis
1288 2694 1302 2727 a
1320 2669 1378 2724 Sulla

342 2764 521 2836 impetratum·
534 2779 604 2821 erat:
631 2781 659 2820 tu
680 2779 746 2822 tunc
764 2769 975 2840 proscriptorum
995 2784 1090 2818 vacuas
1109 2763 1289 2835 possessiones
1314 2777 1380 2813 oecu-

343 2852 424 2921 pasti,
444 2852 550 2907 aedium
569 2874 643 2908 areas
661 2855 787 2909 incendio
806 2857 1007 2926 absumptorum
1026 2853 1128 2918 emisti,
1159 2872 1243 2923 quam
1266 2850 1319 2903 fieri
1341 2865 1380 2917 po-

344 2939 408 3004 tuit,
427 2940 555 3007 minimo,
573 2942 691 3012 itemque
710 2944 781 2995 bona
801 2944 1013 3015 proscriptorum
1041 2940 1127 3012 pretio
1155 2939 1270 2992 minime
1292 2953 1380 3006 magno·

345 3025 407 3092 Qua
427 3025 460 3078 de
477 3045 506 3079 re
524 3027 624 3080 multus
650 3040 688 3080 est
707 3028 866 3084 Plutarchus
892 3030 919 3083 in
939 3029 1000 3081 Vita
1031 3027 1125 3081 Crassi.
1164 3026 1236 3080 Add.
1265 3025 1318 3078 cic.
1343 3037 1380 3090 pro

346 3113 423 3164 3⁰⁵⁶·
443 3110 504 3164 Am·
524 3116 568 3168 8.“
586 3116 693 3185 Wyst.
740 3116 782 3168 Ad
808 3138 830 3170 v.
858 3107 1042 3171 Possessiones
1069 3133 1174 3167 vacuas
1203 3113 1296 3166 laudat
1317 3109 1381 3175 Rorg·

346 3199 511 3253 Brissonium
535 3201 568 3254 de
593 3203 692 3257 Verbb.
717 3203 813 3276 Signis.
841 3206 877 3258 ib.
906 3207 985 3258 Auct.
1009 3204 1041 3256 ad
1067 3202 1187 3254 Herenn.
1205 3201 1254 3268 lV,
1274 3201 1315 3253 29.
1336 3191 1381 3248 coll·

346 3286 479 3342 Heinrich.
500 3288 532 3342 ad
552 3289 603 3344 Or.
621 3312 671 3363 pro
690 3293 761 3347 Tull.
780 3297 823 3349 13.
842 3297 926 3348 Corn.
945 3293 1011 3364 Nep.
1032 3289 1131 3343 Timol.
1152 3293 1184 3344 3:
1204 3289 1284 3340 Bello
1301 3301 1381 3339 vacue·

341 3376 439 3446 fuctus
455 3381 642 3448 possessiones.
678 3380 786 3447 Quibus
802 3382 862 3434 add.
880 3379 1003 3435 Dirlrsen.
1023 3379 1040 3431 l.
1059 3398 1081 3432 c.
1102 3397 1125 3429 v.
1150 3376 1279 3428 Vacuus:
1297 3374 1323 3426 in
1340 3368 1383 3442 pri·

346 3463 396 3519 mis
412 3478 500 3522 autem
520 3469 570 3521 rid.
589 3469 607 3521 l.
627 3467 661 3521 G.
682 3467 805 3531 liescbliii
829 3468 956 3522 Analecta
976 3464 1114 3521 Litteraria
1135 3485 1171 3536 p.·
1183 3467 1239 3516 124
1259 3482 1316 3533 sqq·
1342 3455 1382 3508 Mt·

412 3565 590 3633 possessiones
609 3560 728 3630 vacuas]
760 3565 851 3630 „unde
870 3562 946 3618 eiecti
966 3561 1082 3627 domini,
1108 3571 1155 3613 aut
1175 3557 1332 3631 proscripti,
1347 3562 1384 3605 2¹1¹

346 3651 430 3715 caesi,
449 3651 604 3703 dominante
622 3649 711 3721 Sylla,
732 3651 779 3722 qui
800 3672 833 3705 ne
853 3650 1006 3722 municipiis
1023 3649 1132 3720 quidem
1154 3648 1294 3719 pepercit,
1319 3638 1384 3696 undi-

346 3754 399 3805 que
417 3737 584 3805 praedatus.“
619 3737 717 3791 Face.

418 3823 465 3893 qui
480 3825 688 3892 proscriptiones
707 3825 904 3896 locupletium,]
924 3826 1013 3894 „Cum
1032 3826 1107 3879 Sulla
1134 3827 1222 3880 victor
1251 3818 1385 3896 proscribe·

346 3919 387 3962 ret
405 3928 463 3975 eos,
492 3909 538 3980 qui
556 3909 691 3964 Marianas
710 3923 797 3982 partes
815 3916 896 3968 secuti
922 3927 1011 3982 erant,
1039 3913 1138 3968 multos
1167 3934 1198 3967 es
1225 3909 1385 3984 locupletibus

345 3996 423 4050 simul
442 3997 610 4068 proscripsit,
629 4010 658 4052 ut
678 4017 772 4053 eorum
790 4002 1092 4074 bona'publicarentur.
1138 4001 1175 4070 Q.
1196 4002 1321 4056 Aurelius
1336 3993 1387 4050 nul·

347 4084 378 4136 lis
395 4104 422 4137 se
442 4085 555 4156 negotiis
572 4085 726 4157 implicans,
752 4090 843 4143 forum
872 4091 1020 4163 ingressus,
1046 4091 1268 4163 proscriptorum
1292 4084 1386 4143 nomina

345 4171 461 4244 legebat,
479 4173 507 4227 in
527 4174 623 4246 quibus
644 4196 706 4230 cum
724 4197 752 4231 se
770 4180 857 4252 ipsum
878 4181 1065 4252 comperisset,
1083 4168 1207 4247 Albana,
1228 4179 1323 4252 inquit,
1340 4171 1386 4225 villi

345 4279 387 4312 me
406 4263 567 4333 proscripsit
611 4264 764 4319 Paullulum
795 4287 951 4340 progressus
980 4267 1115 4339 iugulatus
1140 4279 1187 4321 est.
1234 4267 1337 4321 Auctor
1358 4269 1386 4314 eti

344 4345 502 4402 Plutarchus
520 4350 547 4402 in
568 4352 627 4405 Vita
647 4352 763 4409 Sullae.“
792 4357 867 4412 Frc.
885 4357 975 4429 Sylv.
1023 4358 1102 4427 [Cap.
1120 4358 1163 4411 31.
1193 4355 1297 4408 Laudat
1322 4367 1386 4423 prae·

345 4443 415 4484 terea
434 4432 535 4488 Gernb.
555 4438 587 4489 ad
608 4458 663 4492 rem
685 4441 766 4497 Dion.
788 4446 859 4499 Cass.
881 4447 975 4516 fragm.
994 4445 1107 4498 Peiresc.
1125 4441 1246 4514 LXXVl.
1266 4443 1335 4496 Flor.
1350 4435 1384 4496 ΙΙΙι
