3450 5342
618 684 812 732 rautnoxon
834 685 884 732 tn.
911 686 982 734 ctr.
1002 687 1024 733 1.
1268 667 1341 743 129

285 848 392 900 virture
414 845 507 897 modae
525 853 600 897 certet
619 861 742 895 mentera
760 838 824 896 eat,
849 847 1010 897 Constantia
1029 864 1080 897 nan
1099 846 1188 913 habet,
1208 868 1259 919 quo
1274 869 1339 919 pro·

287 935 382 998 cedat,
401 951 453 985 nan
471 931 573 1003 magia,
591 950 673 1003 quam
686 931 803 1000 fiducia,
821 942 873 981 aut
893 932 995 983 veritae
1015 943 1067 983 atet
1082 933 1166 1002 fidae.
1203 937 1276 1004 Quiri
1291 957 1339 991 aa-

285 1022 377 1073 cedere
395 1018 524 1089 profecto
546 1017 660 1087 pateat?
682 1019 759 1072 nitit.
802 1018 864 1072 lust.
887 1018 992 1090 Lipsius
1013 1019 1172 1075 Manuduct.
1199 1020 1231 1073 ad
1258 1021 1340 1078 Staio.

286 1106 385 1159 Phiios.
402 1104 461 1160 Lib.
479 1102 522 1170 lii,
540 1104 641 1159 dietert.
657 1108 691 1172 4,
711 1105 756 1158 ubi
776 1104 833 1158 ride
852 1105 930 1177 piura
949 1107 981 1159 de
1000 1106 1053 1160 hoc
1071 1119 1242 1178 argumento,
1268 1111 1340 1180 quod

287 1192 422 1247 luculente
438 1190 476 1246 ihi
494 1191 649 1264 exequitur,
673 1203 700 1246 et
718 1191 850 1247 Senecam
876 1193 905 1245 in
922 1192 1041 1266 Epistola
1059 1194 1193 1250 laudata.“
1219 1196 1340 1251 Graev.
1386 1185 1392 1199 ⁸

286 1280 374 1333 locus
382 1277 515 1335 Plutarchi
533 1291 572 1335 ett
581 1279 615 1333 de
626 1279 741 1335 Stoicor.
753 1279 949 1352 Repugnantiis
961 1301 984 1336 c.
997 1282 1066 1336 ΧΙΙΙ.
1081 1304 1107 1355 p.
1117 1288 1178 1339 352.
1189 1285 1262 1341 Hutt.
1280 1285 1338 1339 Me.

358 1368 436 1438 Quod
452 1369 477 1420 ei
494 1368 611 1421 virtutes
630 1387 712 1437 poree
736 1379 800 1421 eant
819 1370 892 1421 inter
910 1371 949 1437 oe]
976 1371 1042 1424 Cod.
1068 1373 1127 1424 Cre.
1146 1376 1172 1428 1.
1204 1374 1261 1426 tint
1289 1392 1339 1446 pro

284 1467 364 1522 rant,
385 1475 448 1510 cum
465 1455 546 1509 Dred.
566 1460 598 1519 5;
623 1455 721 1526 legitur
736 1473 817 1525 poree
832 1465 901 1506 aunt
926 1457 1028 1511 omissis
1053 1458 1138 1512 verbis
1161 1454 1284 1514 inter‘ee
1309 1460 1338 1513 in

286 1540 371 1595 Codd.
391 1541 464 1596 Gud.
481 1548 513 1595 Α.
534 1542 614 1595 Bern.
632 1542 683 1596 Or.
699 1544 717 1595 Ι.
742 1541 802 1594 Bas.
827 1540 918 1595 Guelf.
937 1541 996 1597 Cre.
1017 1550 1057 1611 2.;
1086 1557 1151 1598 runt
1172 1566 1268 1616 poree,
1293 1549 1338 1603 in·

285 1648 359 1682 verso
379 1629 489 1695 ordine,
513 1631 542 1682 in
570 1630 650 1683 Dred.
674 1633 700 1683 1.
718 1635 745 1687 2.
764 1634 790 1684 3.
816 1633 875 1684 Cra.
894 1635 920 1684 2.
941 1629 991 1684 Or.
1010 1631 1041 1684 Ε.
1082 1633 1112 1685 ln
1132 1631 1193 1688 Cre.
1210 1640 1236 1692 2.
1255 1637 1336 1692 Bern.

284 1717 345 1771 Bae.
363 1716 454 1772 Guelf.
479 1716 553 1770 deest
570 1718 667 1780 etiam,
691 1717 719 1769 in
737 1715 846 1772 Suerin.
875 1716 955 1771 Dred.
974 1724 1000 1771 2.
1028 1718 1126 1790 legitur
1147 1722 1228 1789 paria
1255 1725 1338 1775 etiam

281 1823 356 1868 esse,
375 1803 440 1857 Oxx.
460 1802 480 1856 1.
499 1824 525 1872 η.
540 1803 621 1873 paria
640 1803 729 1868 sint,
748 1803 846 1856 omiseo
864 1805 962 1868 etiam,
987 1806 1062 1859 utin
1081 1804 1138 1859 Cra.
1157 1812 1184 1861 2.
1205 1809 1231 1861 in
1258 1809 1337 1863 Drsd.

284 1897 311 1947 5.
331 1891 403 1944 Gud.
421 1892 452 1943 B.
475 1902 526 1944 est:
549 1908 654 1942 necesse
679 1900 721 1942 eet
744 1908 810 1943 ease.
835 1889 931 1961 Duisb.
956 1890 1035 1946 habet
1057 1893 1139 1962 paria
1162 1894 1245 1946 etiam
1269 1896 1339 1948 vitia

284 1998 350 2033 ease.
387 1979 461 2047 Quid
481 1978 586 2031 intersit
604 1987 697 2031 nostro
717 1976 778 2030 ioco
798 1988 824 2031 et
843 1977 980 2044 universe,
1006 1978 1075 2032 inter
1091 1997 1143 2048 par
1161 1990 1187 2034 et
1207 1982 1338 2052 aequalia,

285 2085 419 2136 exponere
438 2064 538 2119 studuit
556 2065 596 2117 vir
613 2064 707 2118 doctus
725 2064 753 2116 in
773 2063 847 2117 Actis
863 2063 1034 2118 Scholasticis
1057 2065 1247 2119 universalibus
1265 2067 1337 2137 (Alt-

286 2171 356 2223 gem.
375 2152 574 2224 Schul-Zeitg.)
592 2151 721 2217 1830..ss,
740 2153 784 2205 19.
802 2170 829 2222 p.
841 2154 894 2206 151
902 2171 942 2223 sq.
977 2152 1020 2206 De
1038 2152 1154 2207 formula
1172 2173 1229 2206 erae
1241 2184 1273 2195 -
1290 2175 1338 2208 ne-

287 2259 358 2293 eeeee
374 2252 419 2293 eat
434 2240 486 2295 vid.
505 2240 637 2294 Goerent.
656 2239 690 2293 ad
710 2240 766 2293 Cic.
784 2239 817 2292 de
833 2238 912 2291 Finn.
932 2241 978 2304 ΙΙΙ,
998 2243 1042 2307 28,
1061 2245 1105 2296 tt.
1140 2240 1202 2294 Mr.

359 2329 449 2400 Atqui
466 2346 549 2399 pareo
568 2347 624 2381 esse
644 2329 787 2394 virtutem]
807 2326 894 2380 Codd.
913 2327 993 2380 Drtd.
1014 2331 1039 2384 1.
1059 2331 1083 2384 3.
1100 2331 1125 2381 4.
1144 2327 1194 2383 Ed.
1212 2328 1273 2382 Par.
1281 2349 1302 2382 s.
1314 2349 1338 2382 a.

287 2416 378 2485 Atqui
395 2417 427 2468 ei
442 2434 525 2484 pareo
543 2434 600 2468 eece
618 2417 735 2470 virtuter
753 2434 855 2468 necessa
874 2425 930 2478 ert,
948 2415 1027 2468 Drsd.
1045 2419 1073 2470 4.
1099 2433 1147 2468 nec
1165 2415 1231 2468 bona
1247 2417 1338 2470 melio-

287 2519 355 2566 rem,
373 2504 470 2556 omisso
490 2503 565 2563 viro,·
585 2501 635 2555 Ox.
654 2521 678 2556 o.
696 2521 744 2554 nec
763 2502 829 2556 bono
847 2503 907 2556 viro
925 2502 1017 2554 melior
1033 2512 1096 2555 eet.
1130 2501 1260 2555 Tumnec
1271 2514 1339 2556 tem-

286 2601 395 2662 perato
414 2590 639 2658 temperatiorem
654 2588 720 2643 On.
737 2589 768 2642 E.
785 2589 804 2642 1.
822 2588 883 2643 Bas.
901 2599 927 2643 et
945 2609 998 2642 rar.
1016 2588 1077 2642 lect.
1096 2588 1128 2641 ad
1148 2588 1213 2643 calc.
1232 2588 1281 2643 Ed.
1307 2590 1338 2642 P.

286 2677 426 2749 Magnoli;
451 2687 623 2746 temperato
648 2677 879 2744 temperantiorem
904 2675 954 2729 Ox.
971 2675 1007 2729 U.
1030 2674 1111 2729 Dred.
1128 2678 1152 2730 3.
1170 2679 1197 2729 4.
1217 2678 1247 2738 5;
1272 2685 1338 2726 tem-

283 2774 401 2837 perante
419 2764 649 2832 temperatiorem
668 2762 719 2818 Οι.
731 2782 768 2829 ψ;
787 2773 952 2833 temperante
961 2763 1232 2833 terttperantiorreet
1249 2760 1299 2814 Οι.
1310 2781 1339 2826 o,-

287 2871 336 2905 nec
354 2853 566 2920 temperatiorem
583 2849 664 2903 Drsd.
684 2854 709 2904 1.
748 2849 1021 2919 Temperato.habent
1039 2847 1243 2921 quatuordecim
1262 2847 1338 2913 Aldi;

288 2938 500 3007 temperatiorem
518 2937 611 2992 decem
630 2950 655 2992 et
673 2949 743 2992 octo.
789 2938 854 2990 Post
872 2937 1101 3007 temperantiorem
1124 2935 1205 2990 Drsd.
1226 2935 1293 2990 eod.
1312 2940 1338 2990 4.

288 3025 376 3096 pergit
389 3043 468 3094 potae
480 3025 560 3093 fieri,
577 3044 626 3078 nec
637 3026 711 3097 fort.
730 3044 792 3088 cum
812 3027 871 3080 Cri.
891 3027 922 3090 1;
949 3025 976 3077 in
996 3023 1103 3077 Suerin.
1129 3033 1167 3077 est
1190 3042 1242 3077 nec
1253 3024 1338 3094 forte

285 3111 377 3182 sort.‚·
395 3110 424 3164 in
443 3111 530 3167 codd.
546 3112 606 3167 Bae.
625 3115 684 3167 Cre.
697 3117 724 3168 1.
740 3112 822 3168 Drtd.
833 3115 858 3165 1.
877 3118 902 3166 2.
920 3116 946 3168 3.
966 3131 1027 3166 cum
1046 3110 1097 3164 Ed.
1118 3130 1176 3183 pra.
1195 3112 1336 3181 eapienti5

287 3199 370 3254 Desit.
389 3204 415 3254 2.
440 3220 503 3254 cum
520 3201 580 3255 Bas.
600 3201 698 3255 omittit
719 3219 797 3271 paese
814 3200 898 3269 fieri,·
925 3198 974 3252 Ox.
993 3217 1034 3264 o.,
1061 3209 1120 3270 post
1137 3198 1338 3268 temperantior

288 3297 357 3351 eet,
376 3306 426 3358 pro
445 3306 543 3340 nec-
560 3307 607 3338 nec
626 3287 706 3341 habet
723 3298 755 3340 ut
775 3315 810 3325 -
829 3297 876 3350 ut,
904 3285 1002 3340 01.E.
1022 3305 1072 3356 pro
1091 3285 1175 3339 altero
1194 3284 1339 3339 nechabet

288 3392 388 3444 neque,
405 3384 464 3426 tum
483 3375 542 3426 cer.
559 3376 584 3428 3.
596 3372 673 3443 facil
678 3392 692 3424 e
698 3393 709 3434 ‚·
733 3385 759 3427 et
776 3373 816 3426 sic
832 3372 901 3425 Edd.
919 3371 991 3425 Crat.
1010 3371 1100 3440 Magn.
1113 3371 1188 3425 Man.
1207 3370 1239 3423 Η.
1251 3371 1338 3425 Wott.

288 3460 351 3516 Ald.
371 3463 451 3513 tatt.
469 3462 550 3512 1552.
572 3462 633 3511 Car.
650 3457 743 3528 Steph.
763 3456 834 3510 Aut.
853 3455 913 3509 Tat.
932 3455 1032 3508 Sturm.
1049 3455 1123 3526 sylb.
1142 3453 1205 3507 Sola
1216 3453 1266 3505 Ed.
1278 3454 1339 3508 Asc.

288 3551 369 3603 1511.
387 3544 469 3599 habet
481 3545 597 3615 perspici
610 3554 719 3614 potest3
739 3543 824 3597 codd.
842 3541 950 3596 Suerin.
968 3539 1032 3594 Oxi.
1044 3539 1079 3593 U.
1097 3558 1121 3594 o.
1141 3538 1212 3592 Gud.
1228 3539 1260 3591 Α.
1277 3556 1340 3606 per-

289 3638 342 3706 cipi
349 3675 358 3699 ,
377 3632 428 3687 01.
447 3632 479 3685 E.
495 3632 622 3702 prospici.
659 3634 718 3685 Mr.

362 3722 454 3794 Atqui
470 3739 551 3788 pares
567 3738 624 3773 eote
641 3719 786 3786 virtutem]
805 3716 995 3789 Respiciuntur
1011 3713 1037 3768 h.
1056 3713 1073 3766 Ι.
1099 3722 1214 3785 quatuor
1233 3710 1340 3765 virtutes

291 3810 448 3880 primariae:
484 3807 600 3874 Iustitia,
630 3807 835 3879 Temperantia,
858 3801 1017 3871 Fortitudo,
1041 3800 1215 3855 Prudentiae
1239 3798 1340 3871 Borg.

291 3897 381 3964 „Haec
399 3896 484 3968 magis
501 3895 535 3948 ad
547 3896 673 3966 speciem,
693 3915 774 3968 quam
793 3896 827 3951 ad
840 3895 976 3948 veritatem
986 3891 1124 3946 dicuntur:
1142 3887 1258 3942 oratoria
1268 3897 1339 3953 sunt,

293 4005 349 4040 non
368 3984 535 4039 dialecticae
553 3983 592 4035 W
598 3993 659 4055 ytt.
695 3989 809 4052 „Potest
825 3981 985 4052 percipi,
1006 3990 1121 4050 septem,
1140 3993 1257 4048 quorum
1275 3974 1339 4040 duo,

292 4073 351 4127 ord.
369 4093 477 4146 praep,
496 4092 567 4127 unus
586 4073 660 4144 prius
674 4074 785 4142 perfici,
803 4081 894 4143 postea
913 4068 1099 4134 emendatum,
1119 4062 1249 4134 pereipi.“
1268 4059 1339 4112 Ata.

292 4158 378 4214 Man.
398 4190 431 4198 -
468 4160 510 4214 De
529 4179 578 4212 usu
601 4159 671 4213 vocis
687 4161 767 4231 atqui
785 4160 813 4211 in
838 4157 1041 4211 ratiocinatione
1065 4151 1185 4224 loquitur
1207 4144 1293 4199 Hand.
1311 4145 1340 4197 in

292 4244 443 4301 Tureeiiino
462 4249 481 4300 Ι.
500 4267 528 4318 p.
546 4252 610 4302 522.
626 4265 677 4300 nec
693 4246 777 4300 nostri
796 4246 848 4300 loci
865 4245 970 4298 oblitus.
1009 4241 1076 4295 Add.
1088 4239 1110 4291 F
1111 4235 1204 4291 reund.
1215 4234 1243 4286 in
1256 4231 1340 4285 Iahnii
1433 4310 1438 4317 Ι

293 4333 441 4387 Annalibus
466 4333 589 4404 (Jahrbb.
616 4334 634 4385 1.
659 4333 755 4387 Phiiol.
780 4352 806 4386 u.
823 4333 940 4401 Paedag.
959 4332 1038 4383 1835.
1058 4327 1076 4378 Ι.
1094 4329 1119 4378 2.
1139 4343 1165 4394 p.
1175 4323 1257 4388 tta),
1283 4319 1339 4393 qui,

297 4439 355 4474 cum
376 4433 436 4493 post
454 4421 662 4493 assumptionem
681 4441 730 4490 per
747 4422 826 4492 atqui
844 4419 932 4476 statim
952 4424 1092 4486 sequatur:
1116 4412 1163 4463 An
1190 4409 1276 4461 virum
1294 4407 1340 4462 bo-

1088 4500 1112 4572 9
