3450 5342
617 698 814 747 rensuoxou
837 700 867 745 v.
899 699 968 747 cre.
992 701 1027 746 u.
1271 682 1343 756 243

293 857 334 908 nis
353 856 440 909 forma
459 855 579 928 loquitur
597 856 740 929 laudatque
758 867 878 910 nostram
898 869 989 911 annot.
1007 857 1041 911 ad
1060 857 1115 912 cte.
1141 859 1174 912 de
1199 861 1280 934 Legg.
1299 862 1344 932 Ill,

293 948 317 996 8.
334 955 358 999 et
377 944 410 998 de
428 944 495 1016 Rep.
514 942 535 1010 l,
553 947 596 999 31.
616 965 642 1015 p.
662 948 722 1000 124.
741 941 787 1010 lll,
807 947 850 997 12.
877 963 902 1016 p.
922 948 983 1000 368.
1008 945 1050 999 ed.
1068 955 1151 999 nostr.
1195 945 1276 1014 Quod
1295 949 1346 1006 hoc

293 1032 355 1085 loco
373 1032 531 1103 simpliciter
554 1031 653 1086 dicitur
670 1033 764 1095 mitto,
790 1032 818 1085 in
838 1030 888 1084 Or.
915 1052 965 1104 pro
989 1032 1067 1086 Rosa.
1091 1032 1152 1085 Am.
1171 1034 1215 1086 19.
1245 1033 1347 1104 plenius

293 1119 395 1173 dictum
415 1130 466 1174 ests
486 1120 564 1172 mitta
584 1138 724 1191 quaerere,
749 1137 803 1192 qua
832 1121 863 1170 de
882 1138 982 1172 causa:
1011 1139 1093 1191 quem
1116 1120 1208 1174 lacum
1232 1120 1347 1176 laudarit

292 1205 420 1277 Borg-
437 1207 523 1278 Wytt.
534 1205 567 1259 ad
580 1217 700 1260 nostrum
718 1206 809 1261 locum
828 1206 910 1264 haece
929 1206 995 1274 „Est
1011 1206 1087 1261 ac'uta
1105 1207 1264 1278 significatio
1275 1209 1346 1264 lorti.

292 1291 431 1363 Siquidem
456 1292 571 1347 Romani
599 1294 766 1369 magistratus
790 1295 819 1347 in
845 1294 988 1366 provinciis
1013 1294 1164 1349 huiusmodi
1188 1286 1264 1368 signa
1291 1317 1346 1350 non

293 1380 408 1434 modae
427 1381 540 1454 publicis
558 1382 632 1448 locis,
651 1383 696 1435 sed
716 1382 795 1436 etiam
814 1401 830 1434 e
848 1382 1014 1452 privatorum
1034 1381 1158 1437 domibus
1175 1384 1282 1438 auferre
1302 1404 1346 1437 sa·

292 1467 399 1533 lebante
418 1489 499 1540 quam
517 1471 546 1522 in
565 1489 623 1523 rem
636 1470 704 1524 satis
722 1469 878 1522 documenti
896 1469 1025 1522 habemus
1043 1469 1192 1524 orationem
1203 1472 1345 1525 Verrinam

293 1553 338 1608 lll.
358 1542 511 1624 Ciceronis,
531 1577 601 1629 quae
620 1569 658 1611 est
676 1557 709 1610 de
727 1558 837 1629 signis.“
856 1585 890 1596 -
915 1558 970 1610 Pro
988 1557 1133 1610 sustuleris
1151 1559 1180 1610 in
1200 1558 1265 1612 cod.
1276 1557 1346 1613 Sue-

292 1641 344 1695 rin.
362 1654 402 1697 est
418 1643 588 1698 substoletis.
625 1646 685 1698 ΜΓ.

364 1731 493 1801 quemodo
510 1729 633 1797 habeas]
665 1730 755 1801 Vulgo
772 1742 807 1783 et
826 1731 953 1803 quomoda
973 1729 1080 1785 italicas.
1113 1729 1207 1784 Deleri
1220 1741 1256 1796 et,
1272 1733 1344 1802 quod

291 1815 389 1869 abiecit
406 1816 485 1868 etiam
504 1815 606 1881 Bentl.,
626 1816 731 1870 uncinis
748 1817 916 1872 incluserunt
934 1816 1035 1870 Gernh.
1053 1828 1081 1871 et
1096 1815 1156 1883 Or,
1175 1837 1238 1873 cum
1256 1820 1346 1873 abesse

292 1922 353 1955 eam
379 1902 500 1956 voculam
527 1903 646 1956 vidissem
672 1902 790 1956 aCodd.
815 1904 881 1958 Ora.
901 1904 930 1958 Ε.
949 1904 969 1958 1.
987 1904 1066 1958 Drsd.
1087 1909 1112 1959 2.
1130 1907 1155 1958 ³.
1183 1905 1348 1970 SuenEdd.

292 2008 350 2060 pre.
369 1992 448 2044 1465.
468 1990 536 2044 vtes
554 1991 615 2044 Aac.
633 1995 711 2046 1611.
729 1992 797 2045 Rob.
816 1992 908 2063 steph.
926 1990 1031 2046 Camer.
1054 1991 1144 2046 Herm.
1171 1994 1241 2048 Tbn.
1260 1994 1348 2050 Acce·

293 2079 332 2130 dit
353 2077 428 2131 locus
445 2078 594 2132 simillimus
612 2082 688 2133 Verr.
707 2080 753 2146 lV,
775 2083 824 2134 16:
843 2081 868 2131 si
887 2097 956 2152 quas
975 2079 1086 2132 tabulas
1100 2080 1223 2150 profers,
1248 2083 1276 2132 in
1295 2082 1346 2148 tis,

293 2167 380 2236 quid
397 2166 541 2231 habeas,
561 2168 730 2238 quamodo
748 2165 901 2232 habeas,
920 2168 1050 2236 scriptum
1061 2176 1178 2221 nonest.
1213 2167 1346 2240 Proque·

292 2254 368 2305 inodo
386 2265 424 2307 est
444 2274 496 2326 quo
514 2255 542 2307 in
561 2253 630 2307 Cod.
648 2254 742 2319 Suer.;
766 2272 858 2306 errore
877 2272 906 2306 er
930 2251 1064 2307 scribendi
1090 2253 1251 2323 compendio
1276 2264 1345 2308 orto.

294 2341 324 2392 ln
343 2339 393 2393 Oe.
411 2340 443 2393 E.
459 2352 519 2412 post
536 2342 637 2394 habeas
656 2353 694 2396 est
712 2341 796 2413 glossa
815 2343 881 2394 ista.
918 2341 976 2393 lVlr.

365 2432 519 2481 Intuentem
536 2440 578 2494 te,
596 2431 791 2493 admirantem,
809 2430 937 2481 clamores
957 2428 1104 2494 tollentem]
1133 2428 1161 2479 ln
1182 2425 1240 2478 Cre.
1260 2432 1284 2480 2.
1303 2427 1359 2496 di-¹

292 2519 419 2572 stinctum
439 2528 477 2570 est
494 2518 657 2583 intuentem,
683 2529 710 2568 te
728 2517 914 2570 admirantem.
941 2515 1019 2570 Drsd.
1037 2521 1064 2570 4.
1092 2514 1171 2568 habet
1197 2515 1346 2566 intuentes

292 2617 321 2657 te
328 2627 337 2667 ,-
357 2607 385 2658 in
405 2605 484 2658 Drsd.
502 2608 527 2658 1.
548 2608 573 2659 3.
592 2604 669 2659 Suer.
689 2615 779 2658 estet
796 2605 983 2658 admirantem.
1026 2603 1080 2654 Pro
1102 2602 1251 2653 intuentem
1269 2598 1348 2653 habet

292 2690 362 2744 Cod.
382 2690 453 2745 Gud.
476 2692 510 2745 A.
528 2691 642 2762 glossam
660 2701 821 2760 stupentem.
864 2690 895 2744 ln
913 2690 965 2744 01.
983 2691 1013 2742 E.
1033 2702 1072 2744 est
1090 2691 1238 2740 intuentem
1256 2698 1298 2751 te,
1316 2699 1347 2738 te

292 2781 485 2838 admirantem,
513 2780 586 2850 quod
605 2779 684 2832 babet
710 2778 820 2831 nimiam
846 2777 904 2830 lere
922 2779 1041 2840 ἔμφασιν.
1084 2775 1252 2830 contrariam
1269 2772 1348 2826 habet

293 2869 363 2933 vim,
389 2867 462 2938 quod
481 2878 522 2931 est
542 2868 570 2920 in
590 2868 684 2920 eadem
711 2867 781 2921 Cad.
797 2877 822 2919 et
840 2865 920 2919 Drsd.
939 2870 965 2930 2,
984 2875 1019 2916 et
1045 2864 1189 2922 clamores‚·
1217 2859 1348 2933 posterior

293 2955 382 3026 pergit
400 2974 470 3006 eum
490 2956 627 3007 tollentem
645 2955 729 3009 video.
771 2954 851 3008 Drsd.
870 2959 894 3008 4.
914 2972 975 3007 cum
995 2951 1067 3006 Gud.
1085 2951 1118 3006 A.
1144 2948 1224 3002 habet
1249 2950 1348 3000 elamo-

293 3061 358 3099 rem.
393 3042 557 3114 Displicebat
575 3043 685 3097 fortasse
704 3043 851 3097 correctori
871 3041 911 3094 vel
929 3040 1107 3113 grammatica
1135 3036 1235 3090 homini
1256 3036 1348 3107 plura-

293 3131 326 3183 lis
344 3150 487 3197 numerus,
506 3150 561 3184 nan
581 3132 715 3203 reputanti
734 3131 809 3185 hunc
827 3131 915 3202 ipsum
937 3128 1068 3200 pluralem
1087 3145 1142 3179 esse
1164 3123 1288 3178 Ciceroni
1306 3141 1347 3176 sa·

293 3217 327 3270 tis
346 3218 531 3289 frequentem,
549 3217 614 3272 lacis
635 3218 721 3289 qualis
739 3230 777 3272 est
797 3229 889 3271 noster
906 3229 944 3271 et¹
957 3216 1002 3270 hic
1021 3216 1078 3268 sere
1097 3213 1219 3284 geminus
1239 3211 1272 3264 dc
1297 3210 1347 3264 Or.
1363 3268 1365 3272 ,

292 3307 314 3371 l,
334 3308 390 3359 ta:
409 3304 477 3356 haec
494 3315 574 3371 sunt,
599 3324 668 3375 quae
695 3305 866 3358 clamares
883 3316 911 3355 et
924 3301 1197 3354 'admirationes
1221 3302 1249 3349 in
1274 3297 1347 3349 banis

292 3391 447 3445 aratoribus
464 3391 601 3461 efficiunt.
637 3392 692 3444 Pro
710 3392 847 3444 tollentem
866 3401 905 3443 est
929 3389 1098 3440 attollentem
1125 3387 1153 3437 in
1178 3402 1231 3436 var.
1255 3383 1347 3451 lVlagn.

292 3491 319 3534 et
340 3476 410 3530 Cod.
426 3476 534 3530 Suerin.
569 3477 624 3530 Pro
644 3479 719 3531 uideo
737 3489 775 3531 est
793 3478 885 3530 videro
903 3476 932 3527 in
949 3473 1031 3527 Drsd.
1050 3479 1075 3527 2.
1094 3475 1121 3524 4.
1142 3469 1219 3523 male.
1256 3469 1349 3538 Pergit

291 3565 376 3620 Drsd.
395 3567 421 3617 1.
442 3575 476 3615 te
493 3583 600 3617 servum
616 3584 681 3618 esse.
720 3566 821 3620 Vocem
840 3574 867 3615 te
885 3561 1012 3615 omittunt
1035 3557 1120 3612 codd.
1139 3555 1205 3609 Ora.
1224 3552 1255 3606 E.
1274 3574 1300 3622 η.
1319 3573 1348 3616 u.

292 3653 390 3708 Duisb.
408 3652 487 3706 Drsd.
506 3657 532 3707 5.
553 3650 611 3705 Cra.
628 3655 653 3707 1.
702 3652 755 3706 Sed
780 3653 808 3705 in
828 3661 964 3722 postrema
990 3647 1023 3701 ab
1049 3644 1083 3698 al.
1102 3663 1137 3697 m.
1162 3641 1281 3696 additum
1305 3651 1350 3695 est.

294 3740 355 3795 Cra.
374 3739 656 3794 condolerent
681 3741 798 3792 omnium
814 3738 987 3807 ineptiarum.
1025 3731 1096 3787 Gud.
1116 3730 1147 3784 A.
1173 3730 1288 3782 omnium
1305 3727 1349 3779 in-

293 3831 430 3899 eptiarum
448 3839 475 3880 te
492 3847 566 3889 esse5
595 3827 668 3883 Gud.
686 3827 717 3881 B.
741 3847 798 3881 esse
822 3827 1031 3879 inerriarum
1049 3822 1097 3890 (an
1118 3817 1221 3871 volebat
1238 3817 1348 3871 fortasse

295 3915 493 3982 inertiorem?)
512 3916 636 3969 amnium.
675 3915 743 3969 eod.
763 3915 840 3968 Suer.
858 3913 944 3966 habet.
962 3921 988 3962 te
1006 3926 1111 3962 servum
1130 3924 1194 3958 esse·
1230 3903 1261 3955 M
1268 3923 1289 3956 r.

368 4005 440 4055 Non
457 4004 546 4074 igitur
562 4013 628 4055 sunt
647 4004 714 4055 illa
726 4000 856 4075 festiva?
880 4004 968 4053 Sunt
987 3999 1033 4064 -·]
1070 3994 1128 4047 Hoc
1146 3993 1207 4045 ¹00⁰
1226 3989 1290 4042 mihi
1308 4000 1349 4042 ¹²?

293 4091 328 4144 ab
356 4089 407 4144 Or.
426 4090 618 4144 discedendum
645 4090 704 4146 luit.
746 4091 869 4143 Primum
894 4087 955 4140 dedi
976 4088 1037 4137 Non
1063 4100 1113 4152 pro
1141 4097 1234 4137 uenite.
1280 4077 1348 4129 lllud

293 4177 401 4232 volebat
418 4178 472 4230 iam
489 4176 572 4243 Erm,
593 4178 639 4249 qui
661 4198 737 4233 more
762 4199 810 4232 suo
828 4175 963 4231 Laconico
983 4173 1011 4225 in
1036 4167 1208 4224 annotatione
1232 4165 1348 4236 scripsit:

293 4263 471 4336 „Legendum
489 4276 555 4336 puta
577 4276 623 4319 aut
641 4267 715 4318 Nan
733 4267 821 4337 igitur
838 4276 885 4318 aut
904 4265 997 4316 Nonne
1022 4258 1140 4330 inquit
1165 4254 1204 4308 vel
1233 4254 1348 4325 inquis.“

288 4337 412 4405 ¹Causam
433 4370 488 4405 non
508 4352 617 4406 addidit.
660 4353 719 4424 Ego
738 4372 800 4405 vero
819 4371 882 4406 cum
900 4352 930 4402 in
948 4348 1016 4402 Cod.
1035 4345 1113 4398 Suer.
1140 4355 1166 4396 et
1183 4362 1237 4396 var.
1255 4340 1347 4413 Magn.

292 4438 415 4510 legissem
433 4459 502 4504 non,
520 4439 546 4492 id
566 4439 750 4510 recipiendum
769 4441 830 4494 idea
850 4439 925 4505 duni,
957 4436 1019 4508 quia
1045 4431 1175 4485 eiusmodi
1199 4432 1350 4511 interroga·

995 4519 1064 4594 16*
