3450 5342
340 627 390 698 tt
674 650 847 699 rimport
874 650 1069 699 ororcouuu.

340 810 445 864 nullum
463 809 552 864 locum
570 809 663 876 habet,
683 808 800 863 munda
819 817 846 861 et
862 807 962 861 habere
975 819 1077 879 potest,
1103 820 1132 863 et
1159 810 1191 863 in
1212 808 1313 866 multis
1336 811 1399 865 inre·

340 899 414 954 nitur
432 897 583 963 codicibus,
600 916 658 950 non
677 907 765 951 tamen
785 895 931 949 necessaria
949 906 997 949 est
1014 895 1113 951 Fece.

409 996 451 1038 tot
468 987 604 1038 virtutum
619 984 765 1054 praesidio]
784 982 831 1047 „ln
850 981 925 1035 nullo
942 979 1044 1038 Codice
1062 995 1150 1038 vetere
1178 985 1314 1039 inunum
1331 1006 1396 1058 repe·

338 1075 415 1127 ritur.
453 1073 601 1141 [Vidimus,
628 1070 781 1143 complures
805 1089 836 1123 ex
856 1069 954 1124 nostris
970 1069 1069 1125 habere
1086 1090 1147 1125 am
1167 1071 1324 1143 glossamr]
1342 1073 1395 1145 quin

338 1163 418 1216 etiam
436 1171 555 1231 saeptur,
573 1161 646 1232 quod
665 1159 755 1231 panllo
773 1169 833 1230 post
848 1159 979 1231 sequitur,
997 1158 1072 1213 abest
1087 1178 1103 1213 a
1116 1158 1295 1232 plerisque.“
1313 1161 1394 1213 laam-

338 1251 408 1304 hin.
428 1278 463 1288 —
507 1246 597 1314 „Curn
622 1247 666 1300 hie
686 1246 795 1319 quidam
819 1244 882 1299 libri
899 1257 1008 1315 septus,
1024 1246 1070 1301 alii
1088 1249 1234 1313 munitus,
1260 1249 1310 1303 atii
1333 1246 1392 1302 aliud

340 1337 483 1402 haberent,
501 1346 528 1388 et
545 1335 573 1388 in
589 1334 695 1388 duobus
713 1333 891 1388 vetustissimis
908 1334 973 1387 nilril
989 1334 1086 1387 lrorum
1102 1334 1263 1406 legeretur,
1292 1335 1392 1390 iudioeri

340 1427 378 1477 sie
398 1442 453 1476 esse
473 1422 594 1477 loentum
613 1421 789 1490 Ciceronem,
807 1434 836 1477 ut
854 1421 994 1493 superiore
1011 1421 1095 1475 libro:
1122 1440 1300 1495 quamquam
1317 1424 1392 1484 miror,

339 1512 390 1563 illa
407 1507 532 1578 superbio
549 1520 576 1561 et
594 1510 800 1579 importunitate
818 1512 843 1563 ri
859 1527 1022 1582 quemquem
1039 1508 1137 1561 habere
1153 1510 1266 1579 potuit.
1314 1510 1348 1563 E:
1370 1509 1391 1561 in

339 1597 372 1649 ll.
390 1596 505 1668 Philipp.
523 1596 566 1648 Iris
583 1598 671 1668 igitur
688 1598 848 1651 maioribus:
867 1598 915 1652 uti
933 1597 1013 1667 vulgo
1032 1598 1086 1649 orti
1102 1596 1229 1650 additum
1249 1609 1293 1652 est
1310 1608 1390 1652 eontra

340 1697 439 1739 veteres
457 1683 588 1737 codioes‘l
605 1686 637 1738 0.
656 1684 817 1758 bangius.
854 1684 946 1754 Quem
964 1684 1131 1756 superiorem
1148 1683 1258 1738 librum
1278 1685 1390 1757 appellat,

340 1785 378 1827 est
395 1772 511 1838 Laelius,
530 1771 577 1824 ubi
595 1791 664 1844 quae
682 1773 786 1840 laudat,
805 1773 932 1845 leguntur
949 1791 974 1826 o.
993 1775 1038 1838 15,
1056 1776 1102 1826 tt.
1120 1801 1156 1813 -
1202 1772 1311 1838 „Recte
1328 1771 1390 1825 Gru-

338 1873 412 1913 terus
432 1858 478 1911 has
496 1876 573 1912 voces
591 1861 726 1922 (munitur
741 1871 768 1915 et
785 1861 899 1914 virtutis
917 1864 1023 1929 septus)
1040 1858 1138 1912 delerit
1153 1858 1185 1913 in
1203 1860 1328 1915 editione
1344 1878 1390 1924 ma,

339 1966 391 2000 nec
408 1945 612 2017 conspiciuntur
627 1947 656 1999 in
675 1947 851 2001 Pithoeano.“
871 1946 993 2001 Graev.
1011 1973 1047 1985 -
1092 1947 1164 1999 Vere
1190 1959 1291 2002 monet
1307 1947 1390 2016 Borp,

340 2052 458 2088 errorem
484 2034 659 2105 repetendum
683 2034 765 2087 rideri
789 2053 819 2087 er
844 2033 906 2087 loco
933 2032 1028 2087 Parad.
1046 2033 1093 2098 lV,
1107 2037 1133 2088 1.
1154 2053 1216 2105 pre.
1262 2034 1390 2104 Sapientis

339 2124 446 2176 animus
457 2151 490 2163 -
504 2121 653 2174 virtutibus
665 2122 776 2194 denique
790 2120 919 2186 omnibus,
937 2130 970 2172 ut
980 2120 1122 2179 moriribur,
1140 2131 1247 2191 reptur.
1286 2119 1389 2175 Ablativi

340 2219 401 2263 sunt
419 2208 548 2275 absoluti,
573 2227 722 2280 quoscum
740 2227 797 2262 non
816 2207 996 2278 intelligerent
1017 2208 1192 2281 interpretes,
1219 2208 1332 2263 vocibus
1351 2226 1390 2261 su-

339 2297 509 2371 pervacaneis
526 2306 657 2350 auserunt
674 2295 846 2350 Ciceronem.
881 2295 941 2348 Mr.

411 2406 470 2438 cum
488 2404 585 2454 corpur
602 2384 661 2436 rius
679 2395 884 2454 caperetur,
902 2383 984 2452 copi
1002 2384 1049 2450 -]
1096 2382 1163 2448 „Sic
1191 2403 1291 2439 omnes
1318 2382 1389 2439 mei·“

340 2473 412 2528 Ald.
429 2473 556 2525 Manut.
574 2498 610 2511 -
644 2471 706 2525 Fre.
725 2469 847 2542 Sylvius,
869 2470 916 2542 qui
933 2469 1039 2540 legebat
1055 2481 1229 2540 carperetur,
1253 2472 1344 2541 carpi.
1360 2469 1388 2522 acl

339 2561 365 2615 h.
378 2561 395 2614 l.
413 2561 479 2614 haee
496 2558 642 2613 annotavit:
660 2558 697 2623 „i.
715 2577 738 2612 e.
752 2558 919 2612 cruciaretur
936 2570 963 2611 et
980 2547 1158 2612 laceraretur:
1175 2558 1225 2610 sed
1238 2558 1330 2612 addit.-
1345 2555 1388 2623 „la

340 2649 407 2702 Cod.
426 2649 536 2719 antiqno
555 2645 624 2698 male
641 2645 720 2699 etiam
739 2646 869 2717 scripturn
888 2665 943 2699 non
963 2657 1015 2700 est:
1034 2664 1093 2697 oum
1112 2663 1212 2714 corpus
1235 2647 1297 2698 eius
1319 2663 1388 2712 eope

340 2745 430 2801 retur,
458 2735 520 2804 oapi
537 2744 607 2785 certe
630 2734 687 2802 ipse
709 2752 762 2786 nors
783 2737 901 2802 potuit.“
945 2733 1020 2788 Idem
1046 2733 1080 2787 ad
1109 2733 1316 2788 antecedentia:
1339 2731 1388 2800 „Es

341 2840 416 2874 more
434 2822 587 2874 Stoicorum
606 2819 742 2891 loquitur,
771 2820 817 2890 qui
837 2820 944 2874 virtutes
969 2820 1127 2875 coniunctas
1153 2820 1228 2874 inter
1245 2839 1275 2874 re
1295 2821 1387 2882 dicunt,

342 2919 383 2973 et,
411 2920 442 2960 ut
459 2907 495 2959 ita
513 2906 600 2958 dicam
619 2917 819 2970 ooneatenatas,
844 2917 875 2960 ut
892 2907 993 2961 nullum
1012 2908 1155 2981 quisquam
1183 2907 1290 2963 hahere
1308 2905 1387 2980 possit,

342 2992 407 3064 quin
426 2992 520 3045 habeat
537 2991 680 3063 reliquas.“
721 2993 892 3048 Existimnbttt
916 2995 1002 3063 idem,
1031 3015 1094 3050 cum
1124 2994 1231 3067 legeret
1258 3014 1323 3049 cum
1340 2992 1389 3046 aliis

341 3078 472 3129 comitatu
490 3078 602 3129 virtuti:
619 3089 728 3147 ¹septus,
746 3079 903 3165 vidissetque
921 3102 1013 3137 vocem
1032 3084 1163 3148 virtutis,
1181 3082 1277 3136 abesse
1295 3101 1310 3134 a
1329 3078 1387 3133 Cot.

305 3174 307 3179 ’
341 3163 467 3234 antiquo,
486 3181 545 3215 earn
562 3182 784 3233 supervacaneam
803 3186 873 3222 esre:
891 3188 942 3224 nec
959 3190 1022 3224 vero
1041 3169 1120 3237 vidit,
1139 3169 1208 3224 illud
1227 3181 1323 3240 septus
1340 3185 1387 3221 nou

342 3248 432 3301 minus
449 3268 504 3301 esse
522 3250 732 3320 reprobandum.
749 3282 783 3292 —
820 3255 870 3322 „ln
889 3257 1024 3328 plerisque
1042 3255 1128 3311 codd.
1155 3258 1258 3330 legitur
1284 3272 1387 3325 carpt-

342 3346 432 3392 retur‚
450 3338 557 3406 carpi:
575 3337 603 3391 id
622 3341 695 3411 quod
713 3341 814 3396 laetum
830 3344 946 3415 putarim
966 3346 999 3399 ab
1018 3345 1140 3416 ineptulo
1160 3345 1269 3417 aliquo,
1299 3344 1343 3416 qui
1359 3341 1386 3396 ul

340 3422 428 3476 solum
446 3426 609 3497 supplicium
627 3429 782 3500 respexerit:
803 3430 865 3483 ideo
882 3431 1009 3497 fortasse,
1039 3431 1113 3502 quod
1138 3451 1224 3503 supra
1251 3431 1386 3503 legisret:

339 3509 437 3563 Poenis
454 3512 549 3584 Reguli
567 3533 622 3568 non
641 3517 755 3570 cruciari
774 3519 1029 3588 magnanimitatem.
1076 3518 1113 3571 A:
1145 3519 1249 3574 sciolus
1275 3521 1324 3574 iste
1340 3534 1386 3571 nun

340 3595 475 3664 intellexit,
489 3599 673 3655 Ciceronema
689 3605 909 3674 praecedentibus
927 3604 1118 3677 argumentari.
1156 3605 1284 3672 Animus,
1301 3604 1386 3675 inquit

340 3679 435 3750 Reguli
465 3704 521 3739 non
549 3687 601 3739 luit
628 3700 736 3759 captus,
761 3692 895 3744 eruciatus
919 3711 985 3762 ergo
1014 3692 1149 3746 nonfuit.
1197 3692 1236 3747 A:
1261 3712 1311 3748 cur
1340 3705 1386 3743 nou

341 3768 454 3835 ceptus?
489 3769 577 3837 Quia,
595 3771 700 3844 inquit,
724 3785 764 3829 tot
782 3787 838 3829 erat
855 3777 982 3830 virtutum
999 3778 1132 3850 praesidio
1151 3781 1290 3845 munitus,
1308 3786 1387 3831 tanto·

341 3868 395 3919 que
412 3855 540 3911 comitatu
559 3857 662 3912 virtutis
679 3872 778 3933 septus.
820 3864 922 3917 Rursus
946 3866 1063 3920 hicnon
1082 3866 1147 3921 vidit
1168 3867 1263 3922 locum
1281 3863 1333 3919 tirsi
1348 3861 1386 3915 roi

340 3932 482 3998 (iturine.
520 3943 655 3999 Germana
670 3947 753 4019 igitur
771 3950 850 4006 lectio
869 3963 908 4007 est
925 3966 1082 4022 caperetur,
1101 3955 1165 4023 capi
1183 3983 1237 4021 ·-,
1257 3954 1333 4009 cuius
1346 3947 1385 4002 ad·

340 4021 393 4076 huc
417 4040 498 4084 exstat
527 4032 555 4084 in
586 4052 647 4087 meo
676 4037 794 4107 quodam
822 4040 996 4094 vetustissimo
1022 4039 1169 4112 exemplari
1204 4039 1385 4097 testimonium·

339 4107 481 4169 Pmeleffl
500 4117 575 4173 ¹⁰0¹¹⁸
592 4119 635 4174 hle
653 4141 683 4174 0¹
703 4126 792 4197 primo
817 4127 979 4182 Officiorum
1008 4129 1064 4194 [13,
1081 4131 1139 4196 tt]
1168 4148 1235 4183 euru
1254 4141 1286 4183 ut
1302 4142 1386 4197 sequt-

340 4210 416 4262 ’Μὴ
434 4220 487 4258 ¹¹0³
504 4205 584 4259 etlam
603 4206 727 4279 impellit:
756 4216 851 4286 Atque
877 4215 960 4266 etium
976 4215 1000 4266 si
1018 4215 1086 4284 quid
1101 4216 1209 4288 singuli
1235 4211 1386 4287 temporibus

337 4278 456 4376 aduecti
474 4293 545 4346 torti
568 4297 755 4364 promiserint,
786 4310 829 4352 est
855 4300 884 4350 in
911 4318 941 4352 eo
964 4301 1022 4368 ipso
1032 4302 1108 4369 fides
1133 4303 1337 4356 conservanda:
1362 4302 1386 4349 tl

331 4379 420 4429 Imm
438 4379 546 4434 Punico
565 4379 631 4432 bello
648 4386 771 4455 Regulus
789 4396 886 4456 coptus
905 4405 924 4438 o
942 4389 1037 4440 Poenis
1055 4407 1117 4441 cum
1136 4390 1168 4441 de
1189 4392 1311 4461 captivis
1328 4402 1387 4439 com·
