3450 5342
336 634 411 707 216
672 656 844 704 rimport
871 655 1063 704 eroreonuu.

335 817 390 871 rios
416 816 536 887 Linguae
563 815 698 881 Graecae,
727 813 774 868 ubi
804 813 838 867 de
856 811 897 867 bis
921 813 1045 868 formulis
1069 813 1186 886 disputat
1216 834 1244 886 p.
1262 817 1335 870 tato
1354 825 1403 887 sq.

336 904 388 963 Ed.
411 902 491 959 Basil.
516 906 595 958 1556.
621 902 640 956 l'.
667 921 702 955 m.
746 903 816 954 Cum
842 899 875 954 de
899 901 1016 955 formula
1040 921 1093 954 uon
1118 902 1194 955 morlo
1213 930 1265 966 -‚
1293 903 1342 954 sed
1357 931 1389 943 -

336 1013 402 1060 non,
427 1003 454 1045 et
477 989 607 1046 similibus
633 990 686 1044 iam
709 987 771 1042 satis
788 1005 924 1060 superque
942 989 1104 1061 disputatum
1124 989 1156 1042 sit
1180 1007 1246 1042 cum
1266 987 1295 1040 in
1319 987 1387 1041 libris

337 1078 529 1153 grammaticis,
556 1089 611 1133 tum
631 1077 658 1131 in
677 1074 877 1131 commentariis
903 1074 936 1128 ad
960 1077 1102 1146 scriptores
1125 1086 1245 1142 veteres,
1278 1075 1387 1128 sufficiet

336 1169 445 1224 laudare
464 1166 609 1238 Reisigium
629 1167 657 1219 in
674 1165 759 1231 libro,
793 1163 840 1237 qui
864 1163 1020 1219 inscribitur
1046 1163 1236 1234 Vorlesungen
1267 1163 1316 1216 iib.
1334 1162 1385 1216 Lat.

335 1254 507 1328 Spracbwiss.
531 1251 556 1325 5.
573 1257 625 1308 249
643 1272 684 1325 sq.
709 1273 736 1324 p.
755 1253 922 1308 tet-teo
948 1251 1013 1324 ibiq.
1042 1252 1073 1304 F.
1098 1250 1186 1304 Haasii
1210 1261 1306 1304 annot.
1329 1255 1386 1304 420.

336 1342 371 1396 G.
389 1341 422 1396 T.
440 1342 474 1397 A.
497 1341 612 1412 Kriiger.
631 1338 753 1394 Gramm.
777 1340 805 1393 d.
827 1339 886 1395 bat.
905 1338 967 1411 Spr.
989 1340 1024 1395 T.
1041 1337 1075 1393 ll.
1099 1335 1123 1409 5.
1142 1341 1203 1392 542.
1232 1357 1261 1408 p.
1278 1340 1333 1391 teo
1349 1357 1385 1408 sq.

336 1427 379 1481 Ae
407 1428 565 1482 sententiam
590 1426 740 1499 Hottingeri
777 1427 823 1498 (ad
852 1426 911 1484 Cic.
940 1428 973 1481 de
1000 1427 1061 1482 Dis.
1087 1424 1107 1493 I,
1127 1423 1186 1494 56.)
1212 1423 1386 1480 Gernbardus

336 1515 399 1570 dicit
418 1527 510 1569 nostro
529 1515 590 1570 loco
610 1515 689 1569 verba
707 1515 848 1568 habendus
868 1535 920 1570 nort
939 1518 992 1569 erit
1009 1514 1043 1569 ad
1069 1524 1216 1585 utrumque
1236 1514 1386 1567 membrum

341 1603 490 1673 pertinere,
506 1602 555 1656 sed
570 1602 740 1676 graviuspro
757 1604 906 1657 sedetiam
923 1604 1018 1677 posito.
1054 1600 1113 1673 Ipse
1132 1613 1223 1655 tamen
1243 1601 1343 1655 rectius
1353 1602 1385 1656 ita

337 1688 481 1743 dicendum
500 1700 590 1762 putat,
623 1690 737 1746 duarum
762 1691 996 1746 constructionum
1021 1689 1180 1744 confusione
1205 1689 1310 1743 sactum
1328 1708 1384 1751 esse,

336 1788 365 1832 ut
384 1776 441 1833 Cic.
458 1779 506 1831 sed
522 1779 589 1831 liber
607 1807 643 1819 -
661 1780 766 1832 omnino
781 1798 835 1832 non
852 1780 996 1846 scriberet,
1015 1797 1078 1834 cum
1096 1787 1156 1849 post
1173 1795 1229 1829 nou
1246 1777 1323 1831 motio
1338 1777 1384 1828 im-

332 1877 445 1935 perator
464 1879 627 1939 exspectares
641 1867 690 1920 sed
706 1886 738 1919 ne
756 1865 823 1920 iiber
840 1868 955 1939 quidem.
1000 1864 1126 1921 Ceterum
1144 1863 1211 1919 illud
1236 1883 1290 1918 nort
1315 1864 1383 1915 modo

336 1974 400 2006 non
415 1954 531 2008 enotavit
545 1954 624 2009 etiam
644 1953 693 2009 Or.
710 1973 740 2007 es
757 1955 807 2010 Ed.
826 1955 910 2009 Suifr.
928 1955 1010 2011 Petri.
1045 1953 1106 2007 Mr.

407 2042 456 2094 sed
470 2041 536 2095 iiber
554 2041 693 2095 debendus
711 2043 815 2095 omnino
833 2062 886 2095 non
904 2044 977 2112 erit.]
1014 2042 1086 2109 „Sed
1102 2059 1171 2094 omn.
1189 2037 1238 2092 tib.
1257 2037 1382 2092 huonon

335 2129 398 2194 erit,
418 2130 641 2201 quattuordecim.
678 2131 731 2182 Sed
757 2129 824 2182 liber
851 2131 955 2183 omnino
973 2149 1025 2183 nors
1050 2129 1115 2192 erit,
1133 2145 1216 2181 unus.
1267 2126 1322 2178 Sed
1343 2123 1382 2177 lib.

335 2214 398 2267 lrob.
412 2216 487 2269 modo
498 2218 621 2281 uenerit,
640 2219 738 2270 unus.“
754 2216 829 2270 Ald.
849 2217 934 2273 Man.
972 2217 1075 2269 Sedet
1094 2214 1162 2267 liber
1180 2210 1251 2268 Cod.
1262 2213 1333 2267 Gud.
1343 2213 1382 2275 ὣς

336 2301 505 2354 sedetiam
523 2303 589 2356 liber
606 2302 708 2369 Ox.l.;
725 2304 857 2358 sedliber
875 2306 1013 2379 quidem
1031 2303 1093 2357 tab.
1111 2300 1163 2357 Ox.
1183 2301 1234 2367 1⁸23
1262 2302 1308 2355 sed
1325 2301 1381 2353 liber

337 2388 433 2440 homo
450 2387 652 2456 oab.cr2.1.;
673 2391 699 2445 in
717 2392 796 2445 Drsd.
812 2397 839 2446 2.
865 2404 903 2448 cst
921 2394 1026 2446 omnino
1049 2390 1208 2452 debendum
1241 2390 1271 2445 iu
1290 2391 1338 2445 Or.
1354 2389 1379 2441 Ε.

336 2475 409 2530 deest
427 2477 540 2532 omniuo.
557 2477 589 2529 M
596 2498 618 2532 r.
637 2509 672 2519 -
708 2479 851 2549 Graevius,
878 2480 923 2554 qui
942 2481 972 2535 in
989 2491 1060 2534 textu
1078 2477 1201 2545 exbibet,
1231 2478 1304 2550 quod
1330 2496 1379 2541 nos,

337 2564 364 2617 in
383 2563 521 2630 lemmate,
547 2567 637 2621 nescio
657 2567 741 2632 unde,
764 2568 869 2640 scripsit
885 2568 933 2621 sed
949 2567 1015 2620 liber
1041 2568 1181 2620 omnino
1208 2564 1380 2617 habendus

337 2670 388 2704 non
407 2664 476 2714 est,·
506 2653 584 2726 eique
602 2653 672 2710 banc
697 2656 898 2711 consutionem
918 2655 1043 2709 subiecit:
1072 2651 1209 2724 „Egregie
1230 2650 1381 2708 Claudianus

338 2739 383 2793 lV.
402 2740 512 2796 Consul.
531 2737 644 2796 llonorii

452 2834 493 2882 Tu
512 2831 575 2882 licet
594 2840 726 2883 extremos
744 2830 801 2883 late
821 2833 951 2885 dominere
965 2850 1016 2902 per
1034 2831 1127 2882 Indos.

453 2921 488 2969 Te
507 2917 619 2974 Medus,
638 2927 665 2968 tc
684 2917 772 2970 mollis
789 2918 897 2975 Arabs,
916 2929 942 2969 te
960 2921 1038 2971 Seres
1056 2917 1188 2970 odorent:

449 3003 479 3052 Si
498 3003 609 3067 metuis,
626 3004 650 3054 si
664 3021 754 3072 prora
773 3005 865 3074 cupis,
883 3004 907 3057 si
926 3005 1031 3058 duceris
1047 3005 1103 3068 iro,

448 3089 559 3140 Servilii
572 3089 678 3158 potiere
697 3090 807 3161 iugum,
826 3090 952 3144 tolerabis
966 3093 1075 3165 iniquae

451 3176 571 3228 Interius
589 3176 668 3248 leges.
686 3204 722 3216 -

336 3259 486 3314 Extremam
504 3265 655 3318 servitutem
682 3277 757 3319 vocat
775 3265 902 3321 Bo‘e'tbius
921 3269 954 3322 V.
974 3269 1007 3321 de
1026 3266 1163 3322 Consolat.
1191 3268 1294 3324 Philos.
1318 3289 1338 3324 c.
1353 3271 1379 3320 l:

334 3352 467 3403 Extremo
485 3362 526 3404 est
544 3353 675 3418 servitus,
701 3372 760 3404 eum
787 3355 891 3407 animae
920 3355 1070 3421 immersae,
1096 3355 1175 3408 vitiis
1199 3357 1320 3420 deditae,
1340 3371 1378 3406 re·

336 3438 417 3491 tionis
432 3441 558 3510 propriae
573 3442 739 3512 possessione
757 3443 918 3497 ceciderunt.
956 3443 1015 3496 Vid.
1035 3441 1065 3496 C.
1077 3441 1221 3498 Bartbium
1242 3444 1307 3497 olim
1324 3440 1379 3495 ado·

336 3527 477 3581 lescentiae
502 3540 607 3584 nostrae
631 3531 764 3584 fautorem
791 3531 819 3584 in
843 3533 914 3586 notis
936 3533 969 3584 ad
996 3532 1021 3586 d.
1041 3531 1058 3587 l.
1083 3529 1260 3585 Claudiani.“
1306 3531 1380 3583 Locus

335 3612 475 3669 Claudiani
493 3628 531 3670 est
557 3637 578 3669 v.
596 3621 760 3674 est-261.
785 3640 812 3691 p.
832 3623 893 3674 103.
920 3619 1016 3686 Gesn.;
1044 3617 1147 3672 Bartbii
1172 3628 1269 3671 annot.
1288 3616 1335 3669 vid.
1356 3611 1379 3664 itt

335 3700 368 3767 ej.
393 3700 454 3754 odit.
477 3723 504 3772 p.
525 3705 687 3758 627-632.
710 3705 797 3758 Locus
824 3705 926 3760 Bo'e'tbii
946 3718 985 3761 est
1008 3707 1036 3760 in
1054 3706 1104 3759 Ed.
1123 3705 1211 3778 Lugd.
1232 3707 1292 3761 Bat.
1310 3709 1378 3760 1518.

335 3804 364 3855 p.
382 3787 443 3839 239.
478 3787 560 3841 Addit
579 3789 681 3844 Gernb.
698 3790 790 3845 Horat.
809 3795 927 3848 Carmm.
945 3795 977 3864 ll,
998 3801 1023 3862 2,
1042 3797 1058 3848 9
1079 3814 1137 3866 sqq.
1176 3793 1237 3846 Mr.

406 3874 551 3926 Praeclare
580 3876 649 3929 enim
672 3888 714 3930 est
740 3880 790 3933 ltoe
818 3894 983 3952 usurpatum
1011 3902 1029 3935 e
1059 3880 1220 3934 doctissimis
1229 3884 1249 3950 ‚]
1296 3878 1379 3946 „enim

335 3978 430 4014 omnes
447 3961 508 4014 mei.
543 3964 636 4015 Etiam
654 3985 705 4037 pro
722 3967 791 4020 enim
809 3968 902 4024 alias.“
933 3970 1006 4025 Ald.
1023 3969 1111 4023 Man.
1161 3969 1290 4035 „Stoicos
1317 3968 1379 4022 dicit.

335 4048 444 4122 Alioqui
463 4049 630 4105 doctissimos
648 4051 770 4110 homines
788 4059 905 4131 appellat
924 4064 1023 4133 poetas,
1044 4069 1074 4112 ut
1092 4077 1142 4128 pro
1163 4050 1269 4112 Milone
1289 4059 1325 4126 [3,
1335 4056 1379 4123 Β.]ι

335 4139 397 4188 Non
413 4139 470 4189 siue
489 4156 574 4191 causo
584 4140 665 4208 fietis
676 4143 788 4215 fabulis
807 4149 953 4201 doctissimi
972 4147 1089 4200 domines
1106 4147 1248 4198 memoriae
1263 4146 1380 4217 prodide-

335 4230 425 4280 runt.“
443 4227 517 4283 Frc.
535 4226 623 4300 Sylv.
669 4231 807 4306 „Longior
825 4234 850 4288 b.
870 4234 887 4288 l.
915 4247 953 4289 est
973 4233 1135 4307 parenthesis
1158 4233 1222 4287 inde
1241 4253 1257 4286 a
1276 4249 1380 4305 quorum

336 4315 501 4366 auctoritate
520 4336 603 4389 usque
622 4319 654 4372 ad
679 4322 836 4390 perdidisse.
855 4353 889 4364 -
931 4328 1099 4393 Usurpotum
1127 4333 1167 4376 est
1193 4322 1211 4376 i.
1230 4341 1258 4393 q.
1285 4319 1380 4392 saepius

338 4390 448 4464 dictum,
466 4403 619 4472 repetitum,
642 4408 848 4479 frequentatum,
868 4411 1040 4466 celebratum.
1072 4409 1229 4465 Doctissimi
1247 4420 1310 4465 suut
1328 4406 1380 4480 pbi-
