3450 5342
606 691 801 740 rnnlnoxon
824 692 856 740 v.
890 691 959 738 etr.
982 692 1016 745 u.
1269 673 1342 748 253

291 872 364 906 ram:
385 869 446 905 nam
468 851 649 906 assentationis
667 850 825 922 significatio
845 851 897 903 iarn
918 850 984 904 inest
1005 852 1032 902 in
1053 851 1138 904 verbis
1158 857 1291 924 Loquitur
1308 861 1347 910 od

290 943 466 994 voluntatem.
486 940 544 992 Mr.
580 939 756 1004 „Assertotio
776 947 831 990 erat
851 938 986 1009 peculiare
1005 938 1135 1004 officium,
1155 941 1226 1010 quod
1246 943 1346 998 Romae

291 1030 425 1083 candidati
445 1030 496 1082 sive
515 1027 623 1082 clientes
643 1028 812 1099 praestabant
832 1027 958 1097 patronis.
996 1027 1055 1079 Vid.
1075 1026 1111 1093 Q.
1131 1028 1226 1081 Cicero
1245 1030 1278 1081 de
1295 1031 1347 1082 Pe-

292 1119 330 1171 tit.
350 1117 474 1181 Consul„
504 1117 549 1188 qni
570 1137 616 1169 eos
636 1128 710 1170 vocat
728 1114 907 1169 assectatores
929 1117 964 1181 [c.
984 1117 1038 1182 9.],
1064 1127 1090 1169 et
1109 1116 1164 1186 ipse
1183 1117 1279 1170 Cicero
1299 1139 1347 1189 pro

292 1205 365 1258 Mur.
384 1225 407 1258 c.
426 1208 472 1259 9.“
492 1205 553 1276 [leg.
572 1224 630 1275 cap.
649 1206 703 1271 st]
723 1204 903 1274 Wyttenb.
949 1202 1002 1255 Sed
1027 1204 1078 1256 vid.
1104 1203 1232 1275 singulari
1258 1206 1346 1260 libello

291 1293 325 1344 ‹le
345 1313 374 1346 ea
395 1314 423 1347 re
444 1294 620 1365 disputantem
647 1295 677 1346 C.
703 1290 738 1344 G.
757 1290 993 1344 Schwaraium
1020 1292 1048 1343 in
1068 1290 1136 1344 Diss.
1164 1293 1195 1342 ela
1214 1295 1347 1345 Arrectu-

291 1385 364 1433 tinne
382 1393 501 1434 veterum
519 1385 707 1435 Ronronorum.
746 1379 843 1433 Altorf.
863 1382 942 1432 1122.
961 1384 987 1433 4.
1007 1384 1050 1433 20.
1070 1399 1116 1452 ρρ.
1153 1379 1211 1435 Mr.

363 1469 477 1534 assidet,
496 1470 642 1536 munerun]
679 1467 828 1532 ηΜὶναηιν,
846 1464 935 1536 vulgo.
973 1468 1083 1534 Venet,
1103 1470 1208 1536 rectius,
1228 1481 1345 1540 utputo,

291 1568 457 1611 numeratur.
494 1556 562 1610 Nam
582 1555 666 1609 missis
685 1556 856 1621 muneribus,
876 1566 905 1608 ut
924 1565 1018 1608 notum
1038 1567 1091 1621 est,
1110 1556 1284 1612 hereditatum
1303 1559 1346 1611 in-

290 1645 428 1697 sidiatores
446 1644 590 1698 conciliare
608 1643 753 1715 locupletes
764 1638 930 1697 et'solebant
948 1644 1086 1714 quondam
1100 1656 1126 1699 et
1140 1664 1215 1700 nnnc
1232 1645 1345 1700 solent.“

293 1737 467 1786 Gamerar.
500 1732 627 1795 Volebat,
648 1742 678 1784 ut
696 1731 781 1796 vides,
800 1728 970 1784 Camerarius
988 1743 1155 1785 muneratur.
1198 1733 1283 1785 Error
1308 1745 1345 1787 est

290 1822 316 1872 in
338 1819 386 1871 Ed.
406 1819 490 1890 bugd.
510 1823 596 1882 15623
615 1830 687 1873 recta
707 1818 817 1891 scriptio
836 1819 864 1872 in
884 1820 934 1874 Ed.
952 1820 1076 1891 llerwag.
1095 1823 1173 1874 1540.
1199 1821 1242 1873 cui
1269 1821 1345 1873 addi-

289 1918 333 1959 tae
352 1918 414 1959 sunt
431 1906 563 1959 Emendd.
584 1907 705 1961 Victorii.
743 1906 801 1959 Mr.

364 1995 480 2061 assidet,
498 1998 644 2060 munerat]
683 1995 775 2061 „Libri
794 2005 895 2048 veteres
913 1995 956 2048 alii
975 1995 1074 2072 babent
1093 2015 1211 2061 munero,
1230 1996 1274 2048 alii
1293 2017 1344 2047 nu-

291 2092 391 2145 merat,
411 2081 468 2148 alii,
488 2094 518 2135 ut
536 2083 670 2135 edendum
690 2085 855 2149 curarimus,
882 2094 1022 2136 munerat.-
1052 2103 1106 2155 quo
1124 2084 1206 2137 modo
1230 2096 1255 2138 et
1274 2084 1344 2137 luan-

290 2170 349 2239 gius
375 2169 465 2224 edidit.
512 2171 541 2223 ln
565 2171 632 2224 cod.
653 2170 819 2224 Memmiano
846 2190 940 2223 omnes
967 2169 1015 2224 bae
1046 2171 1270 2225 dissimilitudines
1295 2172 1344 2224 ad-

290 2259 404 2328 scriptae
422 2268 493 2324 sunt,
513 2269 538 2312 ot
558 2269 695 2328 praeterea
715 2259 786 2313 docti
804 2259 943 2313 cniusdam
962 2258 1116 2312 coniectura
1137 2278 1246 2313 munero
1266 2261 1344 2314 dat.“

291 2345 486 2414 Lsambinns.
508 2374 538 2385 ·-
577 2348 723 2413 ‚,Assidet,
743 2348 871 2414 miratur]
890 2348 1010 2404 Assidet‚
1028 2359 1161 2414 numerat,
1180 2360 1249 2403 octo.
1286 2350 1342 2401 As-

290 2432 375 2494 sidet‚
394 2442 567 2489 numeratur,
587 2443 723 2505 quattuor.
760 2435 884 2498 Essidet,
903 2445 1077 2491 numeratur,
1095 2454 1173 2487 nnus.
1218 2438 1344 2497 Mudtur,

290 2520 408 2583 assidet,
427 2519 490 2572 duo.
527 2520 638 2572 Assidet
659 2523 752 2578 nrr'rot.
772 2540 849 2574 unns.
887 2524 981 2586 Nurit,
1000 2521 1115 2585 assidet,
1140 2539 1217 2574 unus.
1261 2522 1342 2572 Assi-

290 2607 353 2663 det,
372 2617 483 2670 norror,
507 2610 604 2660 nnus.“
631 2606 702 2660 Ald.
721 2607 807 2660 Man.
851 2607 998 2661 Camerarii
1028 2609 1160 2662 correctio
1185 2618 1343 2659 muneratur

287 2690 413 2764 placebat
431 2693 511 2745 etiam
530 2693 558 2746 S.
578 2694 700 2747 corrado
720 2697 747 2747 in
766 2691 927 2763 Quaestura.
963 2695 1023 2748 Vid.
1044 2695 1092 2749 Et.
1111 2695 1178 2750 Ern.
1199 2716 1223 2766 p.
1236 2698 1342 2750 33⁰.-

288 2779 457 2834 Cod.1)r2d.
477 2784 503 2833 4.
523 2793 696 2847 numeratur,
721 2784 841 2849 assidet3
863 2782 914 2837 Ox.
934 2783 965 2838 E.
991 2782 1064 2836 Gud.
1084 2783 1117 2837 Α.
1143 2782 1222 2835 Drsd.
1242 2786 1267 2835 1.
1290 2801 1341 2832 nu-

288 2878 374 2923 merat
394 2868 450 2937 (bic
468 2869 642 2922 antecedente
661 2880 786 2922 assentur
810 2870 870 2938 [sic]
890 2870 1006 2935 assidet)
1026 2881 1051 2923 et
1069 2870 1149 2922 Drsd.
1168 2874 1211 2933 23
1238 2867 1303 2921 Osx.
1321 2869 1341 2920 l.

289 2976 316 3025 q.
336 2975 359 3008 σ.
378 2974 407 3016 ψ.
426 2966 550 3008 munerat
558 2977 568 3016 ‚·
587 2956 666 3009 Drsd.
688 2960 713 3012 3.
732 2966 892 3009 numeratur
911 2976 973 3009 curn
994 2958 1061 3010 Cod.
1078 2957 1137 3011 Bas.
1164 2970 1190 3012 et
1209 2957 1257 3010 Ed.
1284 2974 1341 3026 pre.

289 3046 359 3095 Cum
377 3043 423 3109 iis,
443 3044 488 3114 qui
505 3055 629 3095 numerat
648 3043 786 3110 exhibent,
812 3044 916 3098 faciunt
937 3045 1017 3098 Bern.
1036 3056 1062 3098 et
1085 3044 1191 3111 Guelf.;
1219 3055 1342 3096 recurrerat

288 3130 431 3184 ediderunt
455 3132 548 3184 Lamb.
572 3131 657 3184 suttr.
682 3133 754 3185 Petr.
781 3133 812 3186 H.
836 3133 924 3188 Wolf.
947 3132 1051 3188 Gernb.
1077 3132 1127 3186 Or.
1153 3133 1271 3204 itemque
1292 3132 1341 3184 Ed.

287 3218 387 3274 Goion.
406 3218 486 3272 Solus
503 3218 562 3272 Cn.
581 3223 606 3272 1.
620 3219 703 3273 babet
721 3232 827 3282 mutar,
844 3221 917 3274 solus
934 3220 993 3275 Cra.
1013 3228 1039 3275 2.
1057 3211 1135 3275 nudt.
1182 3222 1250 3286 Nos,
1279 3238 1341 3273 curn

288 3305 486 3358 muneratoris
506 3324 562 3357 uno
581 3305 642 3359 loco
661 3306 800 3359 Ciceronis
817 3306 934 3377 legatur,
961 3309 1066 3378 saepius
1089 3311 1238 3372 munerari,
1266 3308 1342 3360 dedi-

287 3412 349 3446 mus
368 3404 527 3444 muneratur
553 3411 615 3444 cum
642 3393 710 3444 Edd.
736 3394 805 3446 Vict.
828 3393 897 3447 Rob.
922 3393 1014 3464 Stopb.
1042 3393 1121 3448 Grut.
1146 3393 1234 3446 Gron.
1260 3396 1340 3447 Verb.

286 3481 398 3533 Sebrev.
418 3476 514 3530 Graev.
537 3478 618 3531 Face.
634 3479 703 3532 llnb.
722 3478 792 3532 Olir.
812 3478 878 3531 Ero.
897 3479 978 3550 Borg.
1021 3480 1051 3532 ln
1071 3481 1179 3551 reliquis
1203 3492 1241 3533 est
1258 3483 1342 3531 mira-

290 3579 349 3619 tur.
388 3563 457 3617 Curn
477 3567 629 3619 terminatio
648 3570 683 3621 ‘n'r
708 3567 735 3618 in
755 3565 876 3636 plurimis
901 3565 987 3622 codd.
1016 3567 1177 3636 compendio
1202 3566 1342 3629 scribatur,

289 3654 391 3705 mirum
412 3667 541 3720 nonest,
567 3674 626 3708 earn
651 3656 678 3708 in
705 3653 795 3706 multis
818 3654 893 3707 libris
921 3654 1044 3709 excidisse
1070 3654 1108 3706 vel
1136 3672 1259 3725 parvam,
1288 3673 1340 3724 qua

292 3739 475 3811 significatur,
494 3741 620 3796 lineolam
640 3762 748 3797 cursam
768 3741 946 3797 oblitteratam
966 3763 1028 3796 esse.
1065 3741 1124 3794 Mr.

361 3831 435 3900 Quid
451 3831 547 3882 horum
565 3842 606 3883 est
625 3830 720 3883 liberi?
740 3832 806 3903 quid
823 3831 937 3902 denique
954 3851 1007 3883 non
1026 3831 1096 3883 servi
1114 3828 1241 3897 inertisi]
1273 3826 1342 3880 cod.

287 3921 348 3971 Cra.
369 3921 395 3971 1.
430 3919 505 3986 Quid
522 3937 642 3973 eorum.
664 3921 722 3973 Cra.
742 3925 767 3972 2.
786 3930 826 3971 est
846 3919 924 3970 liberi
940 3919 1096 3973 bominis.
1133 3918 1203 3970 Turn
1222 3914 1340 3967 Gutn.

285 4004 359 4056 servi
376 4006 446 4056 serui
465 4004 764 4075 (sic)nouinsrtis.
801 4006 912 4060 Gud.B.
931 4007 1001 4059 uisi
1019 4007 1089 4059 servi
1106 4005 1209 4057 inertis.
1248 4006 1340 4054 Crnl.

286 4092 359 4143 servi
377 4110 430 4144 non
447 4093 570 4149 inbertis.
606 4093 665 4148 Cra.
685 4098 711 4149 3.
729 4096 782 4147 nisi
800 4097 871 4146 servi
890 4114 942 4145 non
959 4095 1062 4146 inertis.
1100 4092 1165 4145 eod.
1184 4091 1263 4143 Drsd.
1276 4095 1301 4142 2.
1313 4093 1340 4141 5.

285 4180 346 4232 Cn.
365 4183 390 4232 2.
409 4178 487 4233 Suer.
505 4180 567 4234 Esc.
586 4180 654 4253 Eyb.
675 4181 744 4237 Viot.
769 4182 853 4235 Sullr.
878 4183 947 4235 Patr.
967 4181 1034 4234 [tob.
1061 4178 1152 4250 steph.
1171 4180 1240 4230 Ven.
1260 4180 1339 4231 1514.

284 4264 394 4318 Camer.
413 4264 493 4320 Grut.
511 4266 598 4323 Gron.
617 4269 724 4322 Sobrev.
745 4270 827 4323 Verb.
847 4270 945 4323 babent
974 4269 1041 4339 quid
1057 4268 1169 4335 denique
1186 4266 1257 4316 servi
1275 4284 1338 4317 non

283 4353 428 4407 inertis.
462 4353 518 4408 Ed.
537 4356 598 4410 Prc.
617 4357 666 4410 Ed.
692 4377 735 4428 ap·
755 4360 839 4411 Mens.
864 4357 942 4410 lldlb.
962 4355 1026 4425 Arg.
1051 4354 1139 4405 Herw.
1168 4351 1253 4423 bugd.
1277 4352 1338 4405 Par.

283 4443 465 4496 15121543.
497 4445 563 4498 Ven.
582 4447 660 4498 1492.
691 4444 793 4497 Sturm.
822 4444 900 4498 Boul.
924 4443 990 4515 quid
1016 4442 1073 4496 den.
1092 4439 1163 4491 nisi
1186 4439 1256 4490 servi
1274 4459 1336 4492 non
