3450 5342
380 682 423 729 tv.
451 681 674 733 cottttltttrtntt
691 684 733 732 ΕΤ
753 686 829 734 ΑΗΔ
846 686 1043 739 exrttctttot
1062 691 1257 743 cotoneum.
1311 699 1396 745 xxttt

450 850 497 906 tv.
542 849 823 909 COMMENTARH
847 854 905 911 ΕΤ
928 854 1021 913 ALIA
1045 858 1289 920 [excercitum

611 967 614 972 ·
746 955 994 1018 ADlUMENTA.

340 1121 365 1169 t.
386 1121 419 1168 In
438 1119 569 1170 Ciceronis
596 1119 745 1172 Paradoxc
773 1122 962 1173 Francisci
986 1125 1118 1194 Sylvii,
1148 1127 1290 1192 Ambiani,
1320 1133 1395 1181 Com-

414 1206 571 1256 mentarius.
609 1206 650 1272 [ln
670 1206 738 1259 libro
760 1208 805 1279 qui
824 1208 991 1262 inscribitur:
1016 1214 1050 1263 In
1069 1213 1272 1283 Philosoplicos
1289 1215 1395 1286 aliquot

413 1298 453 1346 M.
482 1297 513 1348 Τ.
541 1295 672 1346 Ciceronis
699 1295 780 1347 libros
812 1298 1024 1351 doctissimorum
1048 1301 1166 1353 uirorum
1189 1303 1395 1355 Annotetiones.

413 1380 530 1434 Basileae
549 1401 599 1452 per
615 1381 652 1436 lo.
671 1381 835 1454 Oporinum.
856 1385 895 1438 Μ.
912 1387 948 1439 D.
968 1387 1072 1441 XLllll.
1092 1389 1130 1455 4.]

339 1473 365 1520 2.
384 1469 473 1537 Xysti
491 1469 634 1520 Betulei
640 1468 663 1532 i,
681 1471 844 1542 Augustani
861 1474 890 1525 in
910 1478 949 1528 M.
965 1481 994 1528 Τ.
1009 1475 1138 1527 Ciceronis
1157 1476 1304 1531 Paradoxa
1320 1481 1393 1528 Corn-

412 1554 545 1610 mentorii.
581 1556 699 1610 Basileae
718 1578 767 1630 per
785 1559 822 1612 lo.
841 1559 997 1631 Oporinum
1016 1561 1071 1628 (M.
1084 1562 1118 1614 D.
1138 1563 1183 1630 L.)
1201 1567 1225 1617 8.

339 1644 365 1694 3.
387 1643 478 1694 Fuluii
498 1645 591 1696 Ursini
609 1645 638 1695 in
656 1646 744 1697 omnio
763 1649 851 1715 Opera
870 1648 1001 1701 Ciceronis
1022 1652 1117 1704 Notae.
1129 1649 1297 1722 Antverpiae.
1311 1651 1393 1705 Plan·

413 1730 461 1782 tin.
479 1733 560 1785 1581.
576 1735 602 1785 8.

338 1823 365 1871 4.
385 1818 476 1868 lonclr.
509 1821 718 1886 Camerarii,
744 1820 937 1894 Pubergensis,
964 1825 991 1875 in
1011 1828 1051 1878 M.
1079 1825 1151 1878 Tull.
1170 1827 1250 1880 Cicer.
1276 1835 1392 1876 annoto-

414 1905 508 1961 tiones.
546 1905 630 1977 Lugd.
649 1906 667 1959 l.
685 1907 804 1961 Frellon.
824 1913 849 1962 8.
871 1913 950 1964 1560.

335 1997 361 2045 5.
384 1996 445 2045 Car.
478 1995 615 2064 Longii,
657 1995 824 2062 Gandensis,
867 1997 896 2048 in
924 1999 1071 2049 Ciceronem
1097 1999 1294 2050 annotationes.
1319 2016 1390 2048 anno

397 2070 552 2134 MDCXV.
609 2083 652 2149 [ln
686 2084 775 2136 Andr.
807 2085 914 2136 Scitotti
946 2084 1167 2137 Observationum
1201 2081 1391 2135 Humanarum

411 2167 501 2232 libris,
520 2169 618 2240 quibus
636 2170 713 2223 etiam
733 2169 828 2225 adiecti
848 2183 909 2226 sunt
928 2174 1033 2225 Sciretti
1071 2173 1141 2225 Nodi
1160 2171 1324 2223 Ciceronioni
1344 2182 1393 2223 ect.

411 2256 560 2322 llanoviae,
578 2257 702 2310 Wechel.
720 2260 760 2326 4.]

336 2350 363 2398 6.
384 2348 407 2398 1.
427 2348 461 2397 N.
479 2344 707 2397 Lcllemnndi
732 2348 932 2399 Adnotationes
959 2348 998 2397 nd
1015 2348 1146 2399 Ciceronis
1163 2344 1326 2404 Persidem,
1347 2363 1390 2394 es-

409 2443 517 2502 cerptae
535 2432 563 2483 in
582 2451 673 2484 meum
692 2452 770 2486 usum
790 2454 818 2487 es
837 2435 886 2488 Ed.
905 2435 1032 2500 bellem,
1062 2453 1141 2505 quem
1169 2431 1231 2484 milri
1258 2431 1389 2501 inspicere

409 2537 465 2571 non
484 2517 573 2584 licuit,
598 2539 613 2571 a
640 2521 674 2573 V.
705 2518 777 2573 Clar.
806 2518 839 2573 G.
857 2520 890 2574 H.
907 2519 1059 2587 Bardili,
1088 2522 1163 2574 cuius
1188 2519 1344 2572 humanitati
1365 2530 1390 2570 et

409 2605 548 2658 doctrinae
566 2606 616 2658 alia
636 2606 722 2660 debeo
740 2606 831 2665 multa.
885 2606 1010 2661 Ceterum
1047 2607 1080 2660 de
1111 2609 1174 2660 Lali.
1204 2607 1319 2661 editione
1339 2607 1388 2657 rid.

409 2690 494 2745 Orell.
512 2691 653 2747 Onomast.
672 2693 729 2749 Cic.
746 2697 779 2750 T.
799 2697 817 2749 l.
838 2716 863 2767 p.
882 2701 944 2750 ²10.

334 2787 362 2835 7.
383 2785 425 2834 Io.
444 2782 502 2834 lec.
522 2782 554 2830 ΙΙ
558 2781 735 2854 ottingeri
752 2789 848 2856 Progr.
868 2789 963 2854 Gymn.
983 2785 1134 2835 Turicensis
1154 2801 1177 2835 a.
1198 2785 1276 2836 1190.
1295 2786 1320 2835 4.
1349 2782 1387 2846 [in

411 2886 467 2938 quo
487 2878 604 2920 tentatur
621 2868 811 2936 locusl'arad.
829 2873 863 2938 V,
883 2874 930 2944 2]¹
957 2871 1020 2924 Vid.
1038 2870 1150 2923 eandem
1170 2870 1340 2940 scriptionem
1361 2868 1387 2918 in

407 2958 431 3006 1.
449 2957 474 3006 I.
494 2957 652 3027 Hottingeri
676 2961 820 3028 Opusculis
841 2961 1026 3032 philologieis,
1054 2959 1153 3011 criticis
1178 2968 1262 3029 etque
1286 2958 1388 3007 lrerme-

405 3043 529 3095 neuticis.
564 3043 736 3116 tipetsst't.
755 3052 780 3102 8.

332 3137 359 3184 8.
380 3134 441 3182 Cor.
469 3133 504 3181 M
509 3136 756 3202 orgensternii
788 3138 817 3188 in
852 3137 982 3188 Ciceronis
1011 3135 1159 3188 Pnrodoxe
1189 3133 1387 3202 Prolegomenn.

404 3219 531 3288 (Progr.)
552 3218 680 3290 Dorpati,
700 3225 779 3276 1819.
799 3223 816 3274 s.
838 3242 873 3274 m.
891 3223 1011 3293 Repetite
1030 3232 1091 3274 sunt
1109 3221 1175 3276 haec
1192 3219 1386 3288 prolegomena

405 3307 433 3358 in
453 3305 578 3359 Seebodii
599 3307 768 3361 Miscellann.
789 3307 867 3362 crin.
886 3307 904 3373 l,
925 3312 948 3362 1.
968 3330 992 3380 p.
1014 3311 1066 3362 386
1085 3328 1144 3380 sqq.

333 3398 359 3446 9.
378 3393 537 3446 Scirolorum
555 3397 635 3447 MSS.
655 3399 728 3448 Dan.
747 3397 789 3450 W
788 3395 1025 3465 yttenbocliii
1047 3405 1181 3462 excerpto.
1218 3392 1300 3459 Quod
1320 3393 1385 3445 leci-

407 3498 465 3532 mus
483 3481 510 3532 in
530 3480 578 3532 Ed.
598 3483 729 3535 Ciceronis
755 3484 786 3532 dc
806 3486 872 3533 Not.
898 3487 1016 3534 Deorum
1041 3482 1157 3544 maiore,
1181 3479 1252 3531 idern
1278 3478 1327 3531 feci
1357 3481 1384 3530 in

405 3565 457 3620 hoc
469 3566 568 3635 libello,
589 3579 616 3621 ut
636 3579 738 3639 partem
758 3567 918 3633 scholarum,
938 3587 1003 3639 quas
1021 3567 1076 3638 ipse
1095 3587 1124 3619 ex
1143 3585 1189 3618 ore
1209 3566 1255 3616 viri
1274 3567 1387 3616 immor·

407 3652 464 3708 telis
481 3656 584 3727 excepi,
610 3676 694 3727 quum
714 3677 737 3709 a.
757 3659 836 3709 1819.
880 3656 976 3709 Leidae
1001 3673 1132 3719 versarer,
1158 3670 1328 3723 excerperem
1356 3653 1383 3705 in

405 3742 528 3795 editionis
545 3763 620 3796 meae
640 3764 731 3798 usum:
760 3746 862 3817 reliqua
881 3745 909 3798 in
932 3744 1034 3800 schedis
1053 3741 1159 3795 retinui.
1204 3738 1386 3794 Commenda-

406 3830 470 3882 bsnt
497 3850 524 3882 se
550 3830 609 3883 illae
635 3833 740 3886 scholae
769 3834 819 3886 illis
843 3833 994 3897 virtutibus,
1021 3833 1048 3885 in
1069 3831 1166 3903 quibus
1185 3831 1240 3900 ipse
1259 3829 1387 3899 Wytten-

404 3917 512 3971 bachius
532 3920 702 3991 praecipuam
722 3922 862 3976 scribentis
880 3922 985 3976 laudem
1013 3936 1067 3972 esse
1093 3919 1209 3971 volebat:
1239 3916 1387 3988 perspicui—

404 4016 471 4071 tate,
493 4006 634 4074 suavitate,
654 4011 788 4079 gravitate.

445 4091 580 4145 Plurimos
600 4107 688 4149 autern
709 4110 845 4168 praeterea
865 4117 907 4150 nre
926 4096 1066 4168 inspexisse
1085 4104 1110 4147 et
1128 4094 1211 4146 libros
1229 4102 1255 4145 et
1274 4090 1384 4153 libellos,

404 4189 503 4231 veteres
528 4191 553 4234 et
579 4186 756 4252 recentiores,
782 4187 808 4239 in
836 4186 933 4258 quibus
952 4182 1052 4255 aliquid
1072 4184 1181 4244 inesset,
1210 4177 1282 4248 quod
1309 4193 1384 4227 com·

403 4268 534 4319 nrentario
554 4282 645 4325 nostro
665 4273 789 4344 prodesse
810 4283 914 4346 posset,
941 4290 1037 4342 quem,
1064 4276 1194 4339 qnantum
1213 4280 1331 4332 possem,
1351 4262 1383 4314 ad

404 4355 513 4407 modum
535 4357 589 4419 mei,
605 4360 631 4412 in
651 4361 817 4416 Tusculanas
838 4358 1039 4422 commentarii,
1065 4357 1100 4409 ita
1127 4361 1310 4422 comparatum
1336 4369 1382 4402 ro-

402 4438 506 4505 lebffl·
526 4454 554 4497 ut
574 4446 638 4499 nihil
658 4468 839 4520 magnopore,
859 4447 930 4517 quod
951 4445 983 4497 sd
1004 4463 1058 4497 rent
1079 4443 1166 4496 lacere
1186 4458 1261 4509 posse
1280 4438 1382 4491 videre-
