3450 5342
459 694 696 742 rnotttttottnrt
725 693 766 736 ab
793 693 962 742 ctcEttottts
991 699 1174 751 restruxi.
1233 708 1342 755 XXXlll
1430 669 1434 673 ἡ

283 856 416 910 sternii
436 856 469 910 de
488 855 600 909 consilio
618 853 757 909 Ciceronis
774 855 948 920 sententiam,
969 858 1014 928 qui
1033 859 1060 911 iu
1081 860 1150 917 banc
1169 863 1224 917 fere
1237 878 1343 922 senten-

287 947 351 999 tiam
372 946 500 1017 disputate
521 943 634 997 Volebat
653 943 749 996 Cicero
769 952 885 1007 tentare,
905 954 1005 1011 utrum,
1026 966 1095 1017 quae
1113 968 1142 1001 ex
1161 950 1253 1004 intima
1269 953 1344 1008 Stoi-

287 1041 390 1086 corum'
405 1033 543 1103 disciplina
562 1042 647 1084 essent
674 1030 770 1102 petita,
795 1029 849 1084 dici
874 1043 979 1102 possent
1001 1035 1123 1088 oratione
1146 1038 1283 1109 populari,
1309 1043 1343 1094 ita

287 1133 317 1175 ut
336 1119 415 1191 vulgo
433 1121 512 1173 etiam
533 1121 720 1189 probarentur.
754 1117 784 1169 ld
803 1118 982 1186 utetficeret,
1002 1122 1127 1193 exemplis
1144 1126 1228 1196 magis
1251 1127 1343 1190 utitur,

287 1227 371 1278 quam
390 1207 555 1280 argumentis
573 1207 651 1260 certis
669 1216 694 1258 et
713 1204 812 1272 firmis,
832 1217 967 1260 oratorem
988 1210 1075 1278 potius
1093 1212 1162 1282 agit,
1182 1233 1263 1284 quam
1284 1215 1344 1284 pbi-

288 1295 438 1366 losopbum.
478 1294 607 1350 ¹Ceterum
625 1293 695 1363 baud
713 1293 836 1345 simulate
856 1296 995 1349 contendit
1013 1316 1042 1349 ea
1062 1298 1111 1350 sibi
1131 1301 1250 1362 maxime,
1262 1303 1343 1357 rideri

286 1381 425 1437 Socratica
443 1382 578 1454 longeque
598 1381 745 1434 verissima:
766 1382 868 1452 quippe
887 1383 949 1453 qui,
970 1384 1088 1453 quamvis
1106 1385 1133 1437 in
1160 1391 1254 1441 ceteris
1272 1391 1344 1444 Aca-

287 1470 392 1523 demiae
416 1471 503 1541 potius
526 1469 658 1523 rationem
684 1479 856 1538 sequeretur,
889 1469 916 1521 in
942 1470 1036 1523 morali
1062 1471 1242 1545 philosophiae
1269 1480 1342 1547 parte

287 1557 400 1629 propius
428 1559 461 1611 ad
486 1557 641 1611 Stoicorum
666 1554 824 1608 sententiam
848 1574 876 1608 se
900 1556 1060 1628 applicaret,
1086 1560 1119 1612 ab
1145 1560 1341 1631 Epicureorum

287 1657 377 1698 autem
393 1644 548 1716 disciplina,
567 1644 653 1716 qualis
668 1643 777 1715 quidem
797 1662 827 1694 ea
842 1653 996 1714 tempestate
1008 1646 1096 1700 multis
1115 1647 1243 1719 placebat,
1262 1651 1342 1724 longe

287 1734 404 1799 abesset,
423 1733 455 1784 ab
475 1751 559 1803 eaque
578 1730 762 1802 amplectenda
782 1729 947 1785 abhorreret.
989 1732 1128 1786 lnsolitum
1147 1736 1228 1806 igitur
1247 1742 1342 1792 verbo-

286 1839 349 1872 rum
369 1839 447 1872 usum
467 1820 494 1872 in
513 1818 564 1873 boc
582 1818 671 1871 libello
690 1837 705 1870 a
723 1817 820 1871 Stoicis
840 1830 975 1873 mutuatus
994 1832 1046 1876 ests
1065 1824 1230 1890 sententiam,
1249 1827 1342 1898 siquis

286 1919 359 1961 recte
379 1907 551 1978 intelligeret,
570 1907 767 1961 demonstrabat
784 1926 799 1958 a
818 1906 936 1960 Socratis
954 1909 1101 1980 praeceptis
1120 1909 1184 1962 nibil
1196 1912 1341 1966 admodum

287 1995 406 2048 differre.
451 1995 564 2049 Videbat
585 1995 625 2048 sui
651 1994 779 2064 temporis
803 1993 925 2048 homines
942 1994 975 2049 ad
995 1997 1053 2049 vitia
1073 2016 1126 2049 esse
1145 1998 1257 2052 maxime
1276 2021 1340 2073 pro-

288 2102 398 2154 pensos,
429 2083 501 2154 quod
526 2083 606 2148 nimis
633 2082 725 2153 cupidi
753 2094 840 2136 essent
858 2084 994 2136 bonorum
1013 2084 1133 2155 corporis
1159 2097 1184 2139 et
1207 2087 1338 2142 fortunae.

287 2170 402 2224 Videbat
415 2171 453 2222 rei
473 2171 596 2242 publicae
614 2189 741 2242 proceres
760 2171 874 2241 pessimo
893 2170 1015 2242 exemplo
1033 2172 1137 2244 praeire
1157 2173 1270 2241 civibus,
1290 2197 1340 2248 pro

287 2260 354 2312 reris
374 2260 452 2312 bonis
477 2270 503 2312 et
528 2258 706 2313 laudabilibus
729 2279 759 2311 ea
783 2271 928 2326 sectantes,
955 2278 1039 2331 quae,
1063 2271 1093 2313 ut
1115 2272 1178 2314 sunt
1201 2262 1338 2332 splendida

287 2359 410 2420 aspectu,
428 2347 463 2400 ita
480 2366 494 2400 a
513 2347 610 2401 merito
631 2347 783 2418 expetendis
801 2347 922 2400 animum
940 2358 1052 2401 avocant
1062 2347 1094 2413 ·).
1134 2347 1200 2400 Eam
1221 2350 1255 2402 ob
1274 2370 1339 2404 cau·
1368 2385 1373 2389 -

287 2456 342 2490 sam
361 2436 389 2488 in
408 2453 454 2489 eos
469 2454 570 2507 suaque
588 2446 710 2507 tempora
730 2434 871 2489 invehitur.
917 2433 1007 2503 Quam
1033 2435 1061 2487 in
1087 2436 1206 2507 proxima
1225 2449 1340 2492 annota-

287 2526 360 2578 tione
379 2524 485 2595 exposui
502 2523 630 2577 llandii
649 2522 808 2576 sententiam
833 2525 867 2575 de
886 2521 1024 2576 Ciceronis
1050 2522 1175 2589 consilio,
1201 2542 1230 2575 ea
1254 2543 1338 2595 argu.

286 2624 404 2666 ruentum
424 2631 533 2684 quoque
552 2612 653 2683 tangit,
678 2632 759 2683 quam
779 2622 907 2684 quartam
936 2611 1122 2681 disputationis
1145 2621 1250 2663 nostrae
1276 2632 1338 2682 pnr-

286 2711 340 2754 tem
360 2699 419 2751 sore
438 2698 559 2754 diximus.
604 2697 687 2765 Quod
713 2718 797 2771 quum
819 2708 932 2768 reputo,
960 2696 1004 2750 illa
1031 2696 1095 2750 mibi
1122 2699 1251 2751 sententia
1278 2719 1337 2753 iera

287 2788 369 2840 rideri
381 2806 437 2839 nou
457 2796 558 2858 potest,
578 2785 627 2839 nisi
646 2786 792 2840 existimare
811 2785 882 2851 velis,
902 2784 1061 2838 Ciceronem
1081 2785 1168 2855 ipsum
1182 2804 1271 2838 secum
1284 2788 1346 2845 dis-N

286 2874 400 2938 sentire,
430 2872 468 2925 rel
493 2872 553 2926 ficta
578 2873 698 2928 oratione
723 2875 798 2946 quasi
824 2873 937 2925 illudere
964 2871 1010 2938 iis,
1037 2872 1082 2943 qui
1106 2870 1226 2925 libellum
1252 2889 1338 2931 essent

286 2963 390 3017 lecturi.
427 2961 482 3031 Qui
501 2962 574 3015 enim
592 2963 619 3015 id
642 2974 744 3017 tantum
764 2963 813 3016 sibi
832 2961 988 3033 proposuit,
1007 2973 1036 3014 ut
1054 2973 1215 3015 monstraret
1231 2961 1346 3032 Stoicis,

287 3072 340 3124 qua
359 3051 462 3103 ratione
482 3049 584 3120 populo
603 3051 692 3116 etiam,
712 3069 781 3122 quae
799 3070 814 3103 a
835 3049 970 3121 plerisque
981 3048 1157 3103 irriderentur
1174 3062 1203 3105 ut
1213 3052 1336 3118 absurda,

286 3150 394 3212 possent
410 3137 467 3190 lieri
486 3137 637 3209 probabilia
654 3140 775 3210 vitaeque
794 3137 883 3204 utilia,
910 3138 965 3209 ipse
984 3148 1073 3191 tamen
1092 3139 1125 3190 ab
1144 3138 1175 3192 iis
1192 3141 1337 3210 probandis
1369 3169 1372 3174 ·

284 3226 431 3280 admodum
449 3224 611 3289 abhorrens:
631 3247 685 3298 quo
705 3227 801 3292 modo,
822 3246 936 3298 quaeso,
956 3225 978 3279 is
996 3245 1025 3278 ex
1044 3226 1126 3279 animi
1144 3226 1184 3279 sui
1207 3233 1335 3285 sententia

283 3315 319 3387 (l,
338 3318 363 3367 1.
381 3311 451 3384 prc.)
469 3310 585 3367 scribere
605 3316 705 3385 potuit:
727 3318 833 3379 Vereor,
852 3314 988 3366 necui-
1005 3334 1069 3367 noa
1087 3333 1127 3366 ex
1145 3334 1214 3368 meo
1231 3338 1334 3371 sensu

284 3404 442 3472 deprompta
460 3401 587 3453 videntur
605 3404 672 3454 boec
697 3405 800 3454 oratio:
828 3403 937 3453 dicam
963 3413 1069 3468 tamen,
1098 3403 1190 3473 quod
1212 3408 1333 3473 sentio,

283 3537 355 3546 ·.--

282 3611 357 3685 logg.
379 3614 456 3664 1826.
474 3609 493 3662 l.
512 3615 544 3678 2,
563 3612 608 3683 qui
628 3613 718 3667 laudat
737 3615 814 3666 etiam
835 3613 1022 3665 Heumann.
1042 3607 1111 3661 rtctt.
1132 3607 1234 3662 Pbiloll.
1249 3611 1281 3665 Τ.
1289 3614 1334 3671 ΙΙΙ.

305 3721 311 3735 .
331 3686 386 3737 ott
403 3702 462 3753 sqq.
499 3683 588 3755 l‘rope
606 3686 709 3739 accedit
728 3684 900 3738 Baebrins
918 3683 935 3735 l.
947 3702 969 3737 c.
990 3680 1102 3752 quinon
1121 3690 1176 3733 tam
1195 3684 1334 3742 erudiendi

283 3704 392 3807 lectoria
410 3772 488 3806 causa
507 3755 544 3808 ait
562 3756 694 3827 scripsisse
714 3755 888 3822 Ciceronem,
908 3773 989 3826 quam
1009 3764 1080 3805 certa
1102 3751 1190 3824 aliqua
1209 3759 1334 3829 propria.

284 3844 337 3896 que
356 3843 435 3878 causa
456 3836 574 3893 motum,
595 3848 677 3897 quam
695 3848 724 3880 ex
743 3839 902 3900 argumento
921 3824 1048 3896 suspicari
1067 3823 1153 3877 liceat.

353 3896 379 3964 ⁸)
397 3896 554 3950 llandius
571 3897 623 3952 l.c.
643 3899 772 3952 existimat
789 3896 948 3951 rhetoricam
970 3897 1038 3948 banc
1058 3894 1178 3947 locorum
1199 3915 1226 3947 ex
1246 3897 1334 3968 pbilo-

283 3965 375 4036 sopbia
395 3969 595 4021 exornationem
614 3989 629 4021 a
649 3968 782 4023 Cicerone
800 3970 927 4040 scriptam
947 3986 1011 4033 esse,
1030 3984 1094 4030 nou,
1113 3966 1186 4037 quod
1206 3987 1251 4020 eos
1269 3989 1333 4040 pro-

281 4037 366 4102 baret,
386 4038 430 4090 sed
452 4050 481 4091 ut
500 4039 708 4110 reprehenderet
725 4041 785 4092 sitia
805 4040 929 4104 aliorum,
948 4038 987 4089 sui
1008 4037 1134 4106 temporis
1148 4056 1236 4090 mores
1255 4041 1336 4091 casti-

281 4120 370 4178 garet,
392 4109 478 4161 Clodii
499 4111 662 4181 nequitiam,
681 4112 815 4163 avaritiam
835 4109 938 4172 Crassi,
965 4119 994 4160 ut
1011 4107 1187 4178 improbitatis
1206 4110 1332 4178 exempla,

281 4180 459 4245 describeret,
476 4180 511 4233 ita
530 4193 633 4245 tamen,
658 4194 762 4234 utnon
782 4194 834 4234 tam
855 4180 956 4251 pbiloso
979 4178 1002 4230 bi
1023 4189 1110 4248 partes
1128 4188 1231 4246 ageret,
1251 4198 1331 4249 quam

280 4251 405 4316 oratoris,
432 4263 588 4322 argumenta
615 4253 739 4318 afferret,
766 4272 835 4324 quae
862 4271 915 4304 non
935 4199 975 4302 ad
988 4251 1118 4302 rationem
1144 4258 1170 4299 et
1196 4249 1331 4302 veritatem

281 4320 394 4376 lectores
412 4323 618 4385 convincerent,
646 4325 746 4395 quippe
795 4343 889 4376 uarum
915 4321 1094 4373 infirmitatem
1121 4317 1178 4368 aliis
1201 4317 1266 4372 locis
1283 4321 1331 4375 de·

279 4393 491 4457 monstravisset,
510 4344 824 4459 (Fin.1V,ta,52.ltt‚
843 4394 902 4460 to.)
920 4391 1047 4444 nimirum
1067 4386 1163 4440 Stoicis
1181 4393 1330 4463 exemplum

280 4464 412 4534 probandi
432 4463 593 4516 exhibiturus
612 4483 716 4530 eorum,
736 4484 804 4534 quae
821 4466 877 4534 ipse
891 4461 1010 4516 exanimi
1024 4459 1152 4512 sententia
1167 4464 1331 4533 reprobaret.

1013 4575 1031 4618 0
