3450 5342
605 696 799 767 remocior
827 697 858 745 r.
890 694 959 745 car.
976 696 998 743 r.
1256 671 1331 747 217

279 852 393 925 losoplri.
436 855 469 909 lli
494 854 565 909 enim
593 855 664 910 docti
693 865 720 908 et
745 853 842 909 eruditi
868 867 998 910 vocantur
1021 852 1203 922 aCieerone,
1229 855 1331 912 Graece
1380 846 1385 856 ’

281 944 452 1011 φιλομαθεῖς,
475 955 505 997 ut
531 943 680 998 notavimus
698 942 731 997 ad
749 940 795 1009 lll,
814 943 860 996 2.“
887 942 1065 1016 Wyttenb.
1112 940 1226 996 Confert
1249 942 1330 1014 Borg.

281 1029 339 1085 cte.
358 1049 409 1103 pro
426 1031 502 1086 Rosc.
522 1030 614 1087 Amet.
624 1034 673 1085 13:
702 1030 734 1082 id
749 1029 822 1101 quod
835 1031 977 1101 praeclare
994 1049 1012 1082 a
1030 1027 1197 1100 sapientibus
1215 1029 1331 1091 dicisum

281 1118 315 1172 ad
334 1118 437 1171 Famm.
456 1117 502 1187 lll,
517 1122 556 1173 8.:
576 1118 735 1173 doctissimis
753 1116 919 1185 bominibus,
939 1136 1051 1190 quornm
1071 1126 1137 1170 sunt
1157 1144 1192 1156 -
1208 1114 1333 1186 praecla-

281 1205 385 1258 rissime
402 1205 498 1276 scripti
514 1205 585 1260 libri.
621 1207 725 1260 Vocem
743 1205 812 1258 enim
829 1204 957 1260 omittunt
974 1204 1040 1259 Ora.
1051 1204 1153 1274 l.sp.n.;
1171 1203 1200 1256 in
1219 1201 1333 1256 Drsd.1.

281 1290 380 1362 legitur
398 1293 606 1360 hocenimest,
625 1293 705 1347 rerba
723 1292 946 1347 «asmodaeum
964 1292 993 1346 in
1010 1290 1062 1347 Ox.
1079 1290 1126 1358 ll.;
1150 1286 1259 1344 Suerin.
1284 1288 1332 1343 ha-

280 1379 327 1431 het
344 1379 393 1432 lroe
409 1389 450 1433 est
468 1397 487 1431 n
513 1379 673 1433 doctissimis
695 1388 873 1450 neumatum,
894 1378 959 1438 Cra.
972 1383 999 1433 1.
1027 1379 1077 1431 lroc
1100 1390 1264 1450 usurpatum
1283 1389 1332 1444 est,

281 1465 354 1520 Gud.
371 1466 404 1521 Α.
422 1486 441 1518 a
461 1468 547 1521 doctis
565 1477 749 1538 usurpatum
774 1465 848 1522 Gud.
869 1467 899 1520 B.
918 1466 1017 1521 omittit
1034 1467 1102 1518 enim
1120 1477 1162 1519 est
1169 1486 1180 1528 ,-
1208 1465 1288 1520 Drsd.
1306 1471 1331 1522 5.

281 1552 361 1608 babet
375 1554 425 1607 lsoc
441 1564 484 1608 est
502 1564 681 1625 usurpatum,
708 1553 789 1608 Drsd.
805 1557 833 1608 4.
849 1564 892 1607 est
910 1572 929 1606 n
948 1553 1107 1608 doctissimis
1124 1554 1135 1604 i
1141 1554 1203 1606 ndi
1208 1558 1331 1610 catum.

281 1640 323 1694 De
339 1643 483 1696 verborum
502 1641 598 1695 ordine
614 1641 755 1710 praeclare
772 1641 842 1694 enim
860 1651 918 1709 est,
943 1660 1024 1712 quem
1043 1640 1153 1694 Beierus
1170 1642 1203 1695 ad
1222 1641 1278 1696 Cic.
1298 1643 1331 1695 de

281 1725 340 1782 Oli.
359 1729 378 1780 l.
398 1749 424 1800 p.
442 1731 504 1782 2¹18.
524 1727 622 1782 mutari
640 1726 695 1780 vult
714 1726 743 1779 in
762 1731 809 1781 Pr.
827 1737 870 1780 est
887 1727 969 1793 enim,
988 1747 1043 1780 non
1062 1729 1190 1798 persuasit
1208 1728 1238 1782 B.
1250 1729 1332 1784 Orel-

279 1813 335 1880 lio,
368 1832 456 1886 neque
484 1813 570 1867 nohis.
620 1812 744 1867 Sufficiat
765 1812 886 1867 laudasse
912 1813 1047 1867 llandinm
1077 1815 1105 1868 in
1135 1816 1288 1871 Tursellino
1313 1817 1332 1871 l.

281 1920 308 1973 p.
326 1903 379 1955 399
397 1920 457 1974 sqq.
492 1901 608 1973 Kriiger.
634 1900 757 1956 Gramm.
782 1901 840 1956 Lat.
865 1901 898 1957 T.
918 1901 1076 1974 11.p.94¹t.
1113 1903 1211 1975 Reisig.
1230 1903 1333 1959 Vorles.

281 1989 327 2042 tib.
346 1990 403 2044 Lat.
421 1988 596 2062 Spraelrwiss.
611 2009 639 2061 p.
658 1991 720 2044 811.
755 1987 816 2042 Mr.

353 2097 466 2150 quornm
492 2095 554 2150 ego
578 2077 746 2130 anctoritate
763 2096 817 2130 non
841 2079 958 2147 uterer,]
987 2081 1063 2150 „Ego
1086 2078 1167 2150 vulgo
1191 2079 1333 2135 omissum:

282 2165 328 2220 sed
346 2175 384 2219 est
402 2164 430 2217 in
450 2164 516 2236 meis
539 2164 680 2231 omnibns,
705 2165 734 2219 in
760 2183 878 2237 quorum
909 2185 964 2219 uno
988 2167 1048 2223 add.
1074 2166 1102 2221 in
1127 2170 1231 2239 marg.“
1258 2166 1331 2220 Ald.

281 2254 367 2308 llllan.
404 2251 502 2324 Recepi
520 2271 568 2326 ego
586 2271 649 2308 cum
667 2251 719 2307 Or.
745 2253 832 2326 (qnod
857 2253 942 2325 recipi
959 2253 1063 2309 volebat
1087 2255 1166 2309 etiam
1185 2255 1286 2309 Gernlr.
1304 2256 1331 2308 in

283 2339 367 2408 Add.)
385 2359 414 2394 ex
433 2338 519 2395 Codd.
538 2339 604 2396 Oxx.
626 2340 657 2396 Ε.
677 2340 697 2395 Ι.
714 2340 750 2394 U.
767 2362 792 2411 η.
811 2359 836 2398 o.
853 2359 883 2405 ψ.
901 2339 961 2395 Cre.
979 2346 1005 2396 1.
1022 2346 1049 2397 ².
1077 2342 1155 2397 Drsd.
1175 2349 1199 2397 2.
1219 2346 1244 2398 3.
1261 2347 1286 2398 4.
1306 2348 1331 2398 5.

281 2428 341 2498 (sed
357 2427 401 2483 hie
417 2438 479 2482 ante
496 2426 562 2497 non)
589 2427 683 2482 Duisb.
701 2427 773 2481 Gud.
791 2427 825 2482 A.
845 2427 878 2484 Β.
906 2427 965 2482 Bas.
992 2428 1083 2482 Guell.
1107 2429 1176 2484 Edd.
1201 2429 1288 2497 Sulis,
1302 2431 1332 2483 P.

282 2517 354 2571 Vict.
370 2515 433 2568 Par.
448 2535 470 2569 s.
487 2534 512 2569 a·
530 2516 592 2570 Asc.
607 2519 686 2570 1511.
704 2516 774 2571 Rob.
793 2514 886 2588 Stepla.
905 2518 1011 2573 Camer.
1029 2516 1131 2571 Sturm.
1173 2515 1203 2570 ln
1226 2517 1335 2589 reliquis

281 2604 357 2659 deest
374 2602 506 2657 omnibus.
542 2603 622 2657 Drsd.
642 2605 666 2657 1.
689 2606 714 2657 3.
740 2615 810 2674 post,
825 2623 879 2656 non
905 2614 996 2657 uterer
1027 2604 1130 2658 addunt
1158 2603 1232 2670 nlla,
1259 2605 1332 2676 quod

281 2690 364 2762 plane
382 2701 421 2744 est
437 2708 674 2762 supervacaneum.
711 2689 776 2743 Vult
793 2708 843 2762 ego
861 2691 941 2745 etiam
959 2691 1047 2747 Bentl.
1082 2692 1140 2747 lltlr.

356 2798 409 2831 non
427 2779 545 2847 uterer,]
565 2776 714 2846 „Oratores
733 2777 822 2832 civiles
840 2777 962 2834 solebant
980 2780 1009 2833 in
1027 2781 1080 2835 suis
1098 2780 1264 2836 orationibus
1284 2800 1334 2852 po-

282 2866 412 2942 pulariter
428 2865 518 2937 loqui,
538 2884 702 2939 quamquam
719 2864 856 2937 eleganter
877 2877 903 2921 et
921 2866 1007 2935 culte,
1030 2868 1075 2922 sed
1094 2870 1140 2938 ita,
1158 2879 1188 2922 ut
1205 2868 1238 2922 ab
1258 2868 1331 2923 omni

281 2954 420 3011 doctrinae
438 2954 614 3008 ostentatione
638 2954 810 3008 abstinerent.
857 2953 895 3008 lta
920 2954 1032 3022 Cicero,
1054 2954 1260 3022 Demosthenes,
1290 2954 1335 3008 alii

282 3062 378 3097 omnes
394 3041 529 3096 solebante
553 3042 598 3096 sed
617 3052 706 3097 mmen
730 3041 798 3097 haee
816 3042 984 3098 consuetudo
1011 3043 1192 3114 exceptionem
1211 3042 1333 3110 habebat,

281 3132 302 3186 si
321 3141 510 3203 argumentum
528 3131 656 3186 orationis
682 3130 801 3204 aliquam
825 3132 965 3187 doctrinae
985 3133 1149 3187 mentionem
1175 3132 1334 3204 postulabat,

281 3229 328 3273 aut
346 3218 367 3271 si
385 3217 470 3272 oratio
488 3217 568 3272 siebat
585 3218 619 3272 ad
637 3218 739 3273 indices
756 3238 812 3272 non
831 3230 962 3290 agrestes,
986 3219 1033 3273 sed
1051 3220 1167 3292 quadam
1185 3222 1334 3275 urbanitate

282 3305 418 3378 praeditos
443 3315 470 3359 et
495 3304 589 3360 litteris
613 3305 725 3374 tinctos,
749 3325 802 3378 qua
831 3307 986 3378 exceptione
1013 3308 1111 3363 Cicero
1136 3327 1245 3381 qnoque
1272 3328 1334 3362 usus

281 3404 320 3448 est
337 3393 366 3446 in
385 3390 517 3446 Oratione
536 3398 587 3462 pro'
606 3390 692 3447 Sestio
723 3404 749 3447 et
773 3393 801 3446 in
828 3395 922 3466 primis
945 3394 974 3447 in
1001 3413 1040 3447 or.
1060 3413 1110 3465 pro
1128 3394 1226 3448 Archia
1246 3402 1332 3466 poeta.

279 3482 389 3552 Wytt.
425 3479 535 3550 Legitur
548 3479 578 3531 in
598 3480 657 3532 Cre.
677 3485 702 3533 2.
721 3478 816 3533 ordine
832 3480 951 3534 inverso:
977 3480 1002 3532 si
1026 3480 1090 3531 milri
1118 3478 1241 3531 labenda
1265 3491 1335 3532 esset

282 3568 372 3620 oratio
391 3567 466 3638 opud
482 3567 590 3638 aliquos
607 3577 729 3639 agrestes
735 3588 745 3629 ,-
762 3567 791 3620 in
810 3566 869 3622 Cra.
888 3571 914 3622 3.
930 3567 997 3618 llaec
1017 3565 1272 3629 dicendumst,
1304 3568 1333 3620 in

282 3655 363 3710 Drsd.
382 3657 406 3707 1.
423 3664 494 3707 esset
513 3655 597 3707 hoec
614 3655 721 3718 orati05
744 3656 824 3711 Drsd.
843 3661 869 3712 3.
886 3677 925 3713 or.
943 3656 1009 3707 inec
1028 3652 1090 3708 lrnb.
1107 3663 1177 3707 esset
1186 3674 1196 3715 ,·
1215 3652 1295 3707 Drsd.
1306 3658 1333 3711 t.

283 3743 360 3812 opud
378 3741 471 3794 alios
495 3753 633 3815 agrestsss
662 3743 744 3798 Drsd.
773 3745 850 3814 opud
874 3745 960 3798 ilios
987 3753 1027 3795 ut
1053 3753 1174 3815 agrestes
1204 3744 1271 3796 lineo
1298 3762 1336 3797 or.

282 3830 356 3884 Gud.
374 3830 406 3884 A.
425 3830 488 3886 aab.
506 3841 575 3885 esset
592 3832 653 3885 doc
670 3833 767 3886 oratio.
817 3832 878 3889 Bas.
903 3843 929 3887 et
949 3829 1040 3886 Guell.
1060 3850 1123 3886 eum
1143 3830 1223 3885 Drsd.
1244 3834 1268 3884 1.
1291 3830 1333 3885 ia-

282 3919 366 3974 ciunt.
402 3917 468 3975 Om.
487 3918 523 3977 U.
541 3937 570 3984 ψ.
587 3919 687 3976 liabent
705 3933 749 3976 est
766 3941 817 3993 pro
835 3932 914 3976 esset.
950 3920 1011 3978 Mr.

355 4025 438 4078 quum
455 4025 518 4060 vero
535 4008 611 4079 apud
624 4011 848 4079 prudentissimos
867 4010 989 4082 loquum]
1032 4010 1136 4064 Vocem
1155 4025 1217 4060 nero
1236 4003 1334 4059 omittit

281 4093 364 4149 Drsd.
382 4097 408 4150 5.
437 4112 501 4149 cum
518 4094 578 4150 Bas.
601 4095 675 4151 Alias
691 4098 797 4167 (neseio
820 4099 881 4168 ubi)
901 4097 953 4170 legi
981 4096 1045 4151 dicit
1072 4094 1134 4149 ΑΜ.
1158 4094 1233 4148 Man.
1259 4093 1336 4162 opud

283 4182 514 4238 doctissimos.
550 4182 619 4238 Cod.
642 4186 738 4241 Duisb.
765 4185 869 4241 exhibet
894 4186 1009 4258 loquor.
1054 4182 1146 4253 Pergit
1168 4179 1241 4234 Gud.
1259 4177 1291 4231 Α.
1315 4196 1333 4229 n
1421 4222 1424 4227 .

282 4269 390 4342 quibus.
426 4268 497 4325 Gud.
516 4270 546 4325 Β.
570 4270 650 4327 habet
668 4274 794 4325 ondita
817 4293 871 4327 non
887 4283 970 4339 sunt,
998 4289 1059 4326 cum
1087 4266 1167 4321 Drsd.
1185 4269 1226 4330 4.;
1251 4263 1331 4317 Drsd.

284 4359 308 4409 1.
327 4359 354 4411 3.
374 4357 500 4413 omittunt
517 4376 584 4431 egos
603 4357 662 4416 Cra.
681 4365 706 4416 1.
736 4359 815 4416 habet
840 4380 889 4414 cur
913 4378 962 4430 ego
985 4376 1025 4409 me
1051 4354 1185 4419 simulem,
1215 4352 1334 4425 itemque

285 4443 358 4498 Gud.
376 4443 409 4498 Α.
427 4444 472 4499 sed
490 4464 505 4501 a
525 4465 572 4519 pr.
591 4467 627 4500 m.
646 4449 788 4514 similem,
807 4460 837 4503 nt
854 4448 934 4502 habet
958 4446 1007 4500 Oa.
1028 4466 1056 4511 ψ.
1101 4442 1202 4496 Rursus
1220 4440 1336 4497 incredi-

312 4654 338 4825 l

330 4830 342 4863 1
