3450 5342
602 680 799 743 eananoxon
820 682 863 730 vt.
899 683 968 730 can.
987 685 1009 730 t.
1256 664 1328 739 273

280 863 331 915 pro
350 853 470 913 oportet,
496 862 526 896 ex
551 861 692 915 perperam
717 843 786 897 lecto
807 842 979 914 compendio.
1023 841 1095 900 Gud.
1116 846 1148 897 A.
1176 856 1202 898 et
1227 849 1284 903 Cre.
1304 854 1328 904 1.

279 942 347 984 tuos
365 941 487 1002 oportet,·
507 932 534 983 in
554 931 633 987 Drsd.
652 936 678 985 4.
699 944 737 985 est
754 951 783 985 se
800 933 889 1000 ipsum
907 931 1007 982 iudicet
1026 949 1083 982 esse
1103 932 1227 997 divitem,
1252 957 1330 1006 prava

280 1019 396 1073 lectione
419 1019 523 1073 duabus
550 1019 643 1090 glossis
664 1032 751 1075 aucta.
794 1020 825 1072 ln
851 1019 946 1072 Duisb.
973 1030 1012 1072 est
1034 1039 1087 1076 non
1114 1021 1249 1072 bominum
1276 1042 1332 1076 ser-

280 1126 380 1161 mone.
423 1106 493 1160 Gud.
513 1106 544 1160 Β.
568 1106 647 1161 babet
673 1118 707 1158 et
732 1126 785 1160 non
809 1107 877 1161 bom.
903 1105 970 1159 cod.
996 1107 1054 1161 Bas.
1081 1111 1188 1161 anianus
1213 1121 1329 1164 autem

280 1203 348 1246 tuus
366 1214 408 1264 op.
426 1195 494 1248 Edd.
512 1215 567 1266 pre.
586 1195 660 1250 Crat.
682 1195 774 1266 Magn.
794 1197 869 1249 Man.
889 1195 983 1249 Lamb.
1010 1208 1116 1252 nostrae
1142 1211 1201 1254 vett.
1229 1219 1330 1266 omnes,

281 1284 395 1354 exceptis
412 1284 480 1337 Rob.
497 1283 589 1356 steph.
606 1283 682 1355 Sylb.
701 1282 803 1337 Sturm.
822 1282 901 1351 (haec
927 1282 1006 1348 babet
1024 1295 1090 1337 tuus
1108 1293 1226 1355 oportet)
1254 1286 1331 1342 Grut.

281 1383 308 1424 et
325 1391 413 1444 seqq,
431 1371 530 1426 babent
548 1374 666 1426 Animus
683 1372 779 1427 enim.
823 1369 907 1438 Quod
930 1390 993 1424 vero
1021 1371 1108 1426 Rentl.
1132 1373 1196 1445 legit
1221 1376 1329 1440 indicet,

282 1459 316 1511 de
334 1479 364 1513 ea
382 1479 427 1527 re,
452 1461 581 1514 nimirum
607 1461 640 1514 de
660 1479 709 1513 usu
733 1459 879 1511 verborum
903 1459 1043 1510 indicendi
1061 1472 1087 1514 et
1105 1462 1258 1530 iudicandi,
1278 1465 1328 1518 vid.

283 1547 460 1618 disputantem
479 1549 511 1602 R.
528 1549 662 1601 Kloteium
681 1548 710 1600 in
728 1547 813 1600 labnii
832 1545 941 1613 Aqnall.
959 1545 1056 1601 Pbilol.
1068 1551 1146 1604 1832.
1165 1550 1186 1615 l,
1205 1554 1230 1604 1.
1249 1571 1274 1622 p.
1284 1555 1328 1608 ¹16.

286 1636 332 1706 qui
351 1636 415 1690 item
434 1637 498 1708 legit
515 1646 542 1687 te
560 1655 611 1706 pro
629 1654 665 1687 ee.
701 1635 760 1688 Mn.

353 1721 458 1792 oportet
477 1733 544 1775 tuoe
562 1734 589 1773 te
605 1723 717 1790 iudicet]
767 1721 849 1790 Quod
875 1722 908 1775 ad
928 1721 1039 1775 Bentleii
1066 1722 1208 1777 lectionem
1232 1727 1331 1779 indicet

280 1832 332 1884 pro
351 1811 453 1862 iudicet
471 1811 600 1882 pertinet,
630 1811 664 1863 de
695 1831 725 1863 ea
751 1829 797 1878 re,
824 1829 990 1882 quamquam
1018 1821 1139 1864 nostrum
1165 1802 1254 1866 locum
1275 1806 1329 1867 non

281 1899 431 1970 attigimus,
468 1899 550 1954 locuti
576 1918 667 1952 sumus
691 1899 724 1953 ad
751 1899 847 1954 Tusce.
868 1901 901 1953 V.
920 1904 964 1965 at,
984 1903 1027 1954 61.
1053 1899 1086 1953 Τ.
1105 1899 1149 1951 lll.
1174 1919 1199 1971 p.
1218 1901 1271 1954 124
1289 1921 1329 1974 sq.

280 1989 336 2041 Pro
355 1996 459 2056 oportet
479 2007 534 2041 una
551 1988 600 2041 Ed.
617 1987 702 2059 Lugd.
721 1988 801 2042 babet
819 1976 1011 2059 compendium
1030 2005 1095 2056 opg,
1124 1988 1195 2059 quod
1221 1987 1258 2039 six
1277 1988 1330 2060 legi

281 2085 367 2146 potest
385 2084 497 2144 oportet.
544 2076 585 2129 De
604 2075 739 2147 Borgessii
757 2076 872 2130 lectione
891 2076 930 2128 vel
949 2075 1037 2146 potius
1063 2075 1218 2129 defensione
1237 2076 1331 2130 lectio-

282 2163 323 2216 nis
340 2182 374 2214 se
391 2163 492 2214 iudicet
510 2183 566 2217 non
585 2175 624 2218 est
641 2164 713 2236 quod
733 2164 809 2236 plura
830 2164 960 2218 addamus
977 2175 1037 2236 post
1056 2182 1101 2229 ea,
1129 2182 1197 2234 quae
1222 2164 1255 2217 ab
1274 2165 1331 2220 aliis

281 2250 350 2304 dicta
369 2260 445 2316 sunt,
465 2269 532 2322 quos
547 2251 586 2304 vel
606 2251 747 2324 loquentes
763 2253 917 2306 induximus
935 2251 974 2305 vel
993 2251 1164 2307 laudavimus.
1200 2252 1253 2306 Sed
1263 2272 1332 2308 con·

282 2348 323 2390 tra
341 2337 397 2391 eius
415 2340 611 2394 correctionem
628 2340 823 2413 inscriptionis,
850 2360 903 2414 qua
929 2339 1003 2393 iubet
1021 2359 1071 2393 nos
1088 2339 1176 2411 legere
1194 2339 1332 2411 σώφρων

282 2444 333 2497 pro
352 2419 443 2489 eoois,
470 2446 555 2480 unum
574 2430 739 2482 monendum
765 2430 870 2483 videtur
896 2427 978 2493 illud,
1007 2426 1082 2497 quod
1108 2427 1207 2481 oblitus
1229 2430 1333 2483 videtur

281 2514 446 2579 dedoctus,
473 2513 632 2568 Ciceronem
647 2536 703 2570 non
727 2529 841 2573 tractare
868 2516 1027 2570 sententiam
1045 2514 1163 2585 aliquam
1182 2514 1332 2586 philosophi

279 2601 364 2667 alius,
387 2601 431 2654 sed
448 2599 596 2671 παράδοξον
614 2602 744 2659 Stoicum.
787 2604 979 2676 Unusquisque
1006 2602 1078 2655 enim
1105 2601 1194 2655 dicere
1218 2613 1332 2672 poterat,

279 2701 475 2760 temperantem
492 2690 546 2759 (vel
564 2691 741 2745 abstinentem
759 2691 798 2771 v'el
818 2702 974 2745 contentum
994 2702 1066 2743 sorte
1085 2688 1145 2756 sua)
1169 2688 1254 2741 solum
1278 2708 1332 2743 esse

279 2777 396 2831 divitem.
441 2777 525 2832 Stoici
543 2798 604 2831 vero
622 2778 651 2831 in
669 2779 722 2833 suis
740 2774 898 2848 παραδόξοις
926 2796 956 2830 ea
975 2779 1030 2830 duo
1055 2775 1195 2830 bominum
1225 2793 1332 2846 genera,

281 2883 351 2937 quae
369 2865 425 2919 sola
443 2867 635 2937 agnoscebant,
662 2868 800 2936 sopientes
818 2866 948 2918 nimirum
966 2877 993 2918 et
1010 2865 1124 2920 stultos,
1146 2864 1194 2916 sibi
1219 2863 1332 2916 invicem

282 2972 422 3026 opponere
439 2954 575 3022 solebant,
595 2955 634 3008 bis
652 2957 742 3009 omnia
761 2955 822 3008 vitia
841 2965 922 3025 atque
940 2952 1025 3017 mala,
1043 2951 1095 3005 illis
1113 2950 1221 3004 virtutes
1241 2969 1334 3005 omnes

283 3042 408 3112 bonaque
426 3045 517 3096 omnia
535 3043 729 3097 adscribebant.
747 3072 782 3083 -
805 3044 860 3096 Pro
879 3040 1053 3094 hominem
1071 3057 1156 3090 sermo
1174 3037 1224 3092 Os.
1238 3038 1269 3093 E.
1289 3060 1333 3092 ex-

283 3129 636 3187 hibettomintssermo.
672 3131 729 3184 Me.

355 3236 439 3289 neque
455 3219 633 3286 possessiones
652 3219 743 3285 tunes]
774 3216 841 3269 Cod.
859 3217 919 3270 Cea.
938 3219 964 3269 1.
980 3215 1059 3269 babet
1077 3233 1137 3279 nee,
1163 3233 1212 3285 pro
1231 3233 1333 3287 neque,-

283 3303 356 3357 Gud.
374 3303 407 3355 A.
430 3314 499 3364 ants
531 3303 652 3358 nnus
679 3322 748 3364 notes
777 3307 837 3356 Cre.
854 3307 883 3357 2.
914 3321 972 3355 eam
1004 3321 1096 3355 vocem
1121 3301 1201 3372 plane
1223 3302 1332 3369 omittite

283 3389 378 3442 Duisb.
397 3389 477 3442 babet
494 3390 554 3460 qui
567 3389 762 3458 possessionis
779 3406 872 3451 suae,
891 3387 962 3440 idem
973 3388 1001 3440 in
1014 3406 1112 3458 marg.:
1131 3387 1179 3441 At.
1188 3390 1334 3456 possessio-

282 3497 342 3530 nes
362 3486 454 3528 tuoe.
493 3476 584 3545 Pergit
602 3475 673 3528 idem
692 3476 762 3527 nituit
778 3473 829 3527 sibi
848 3474 937 3525 deesse
952 3482 1078 3544 putot,
1096 3472 1167 3524 niteit
1183 3473 1335 3540 emplius
1359 3502 1363 3517 ι

282 3573 398 3618 curat.
434 3561 493 3614 Cre.
512 3568 536 3615 2.
565 3562 639 3619 Gud.
655 3563 688 3617 A.
713 3572 741 3614 et
767 3562 849 3628 sitit,
882 3580 945 3615 cum
972 3558 1037 3612 Osx.
1053 3558 1085 3611 E.
1110 3557 1143 3611 N.
1179 3557 1250 3610 Tum
1271 3556 1337 3613 On.

283 3653 317 3705 U.
337 3672 364 3721 η.
383 3668 413 3712 ψ.
431 3649 512 3704 Drsd.
530 3654 556 3704 4.
577 3653 601 3705 3.
623 3654 648 3703 1.
668 3652 724 3722 qui
741 3650 819 3704 nitstt.
867 3646 927 3705 Cre.
943 3651 969 3703 3.
986 3645 1058 3700 Gud.
1078 3644 1110 3699 Β.
1127 3652 1160 3697 et
1181 3644 1242 3715 qui
1259 3644 1336 3699 nihil.

285 3742 386 3794 Vocem
406 3737 458 3790 siln'
482 3738 609 3792 omittunt
627 3737 698 3791 Gud.
717 3738 751 3792 A.
769 3737 799 3792 Β.
824 3737 906 3792 Drsd.
924 3740 950 3790 4.
977 3738 1034 3788 Cre.
1052 3737 1095 3799 8.;
1128 3731 1195 3787 eod.
1214 3729 1292 3783 Drsd.
1310 3732 1335 3785 3.

285 3828 365 3880 babet
382 3828 470 3878 deesse
489 3825 558 3887 sibi,·
587 3824 646 3880 Cre.
666 3829 692 3883 3.
718 3826 798 3880 Drsd.
818 3830 844 3880 4.
863 3823 936 3877 Gud.
954 3822 985 3876 B.
1012 3829 1130 3892 putot,
1156 3818 1243 3872 idem:
1269 3819 1339 3870 nibil

284 3913 402 3982 emplius
420 3923 518 3975 curot5
537 3925 575 3967 est
594 3915 673 3967 etiam
693 3924 774 3967 curet
793 3915 820 3966 in
840 3912 908 3967 cod.
928 3913 986 3964 Cre.
1004 3912 1031 3964 3.
1071 3907 1154 3960 Plane
1180 3907 1252 3959 abest
1270 3903 1295 3957 b.
1315 3923 1336 3955 v.

283 4022 298 4055 a
318 4000 397 4054 Drsd.
415 4005 441 4055 4.
461 3999 518 4054 lltlr.
538 4030 571 4042 -
591 4002 688 4068 „Duos
707 4004 761 4072 Qui
778 4003 808 4054 si
826 4001 877 4054 sibi
894 3998 965 4052 nitit
983 3998 1070 4048 deesse
1086 4002 1185 4064 putet,
1203 3990 1272 4044 ..itit
1289 4009 1338 4043 cu·

282 4085 479 4157 rot'omplios,
499 4089 621 4141 satiatus
640 4099 699 4151 eet‚·
719 4091 853 4162 quinque:
883 4088 931 4160 qui
954 4085 1010 4138 nit.
1036 4103 1059 4137 s.
1079 4082 1104 4133 ἀ.
1128 4089 1185 4149 pul
1193 4088 1241 4143 et,
1268 4076 1338 4129 nittt

283 4186 374 4228 curet
392 4176 473 4245 ompl.
490 4195 511 4228 s.
531 4187 571 4227 est
578 4197 588 4238 ,¹
609 4177 687 4230 Duo:
711 4188 745 4229 et
764 4181 812 4251 qui
829 4176 900 4230 nt'ltt'l
917 4195 939 4230 e.
960 4174 1103 4241 (1.1)14141,
1128 4167 1197 4219 1111111
1220 4165 1336 4235 1111111111

282 4272 379 4326 curae,
397 4281 420 4317 s.
437 4281 463 4316 e.
499 4262 589 4316 Unus:
619 4265 667 4336 qui
684 4265 755 4318 nihil
770 4264 822 4317 sibi
841 4265 929 4316 deesse
946 4269 1044 4330 putot,
1073 4254 1144 4307 nibil
1161 4259 1237 4304 curet
1255 4251 1337 4321 ampl,

282 4370 303 4403 e.
322 4368 364 4410 e.‚·
382 4349 465 4401 Tres:
489 4350 544 4403 nit.
567 4371 590 4406 s.
609 4352 635 4406 d.
652 4361 751 4422 putot,
779 4361 806 4403 et
834 4350 905 4402 nibil
926 4356 1007 4401 curat
1035 4341 1117 4411 otnpl.
1135 4360 1158 4394 s.
1176 4359 1199 4392 e.
1245 4337 1337 4395 Uuues

282 4439 330 4513 qui
345 4439 400 4492 nile·
419 4457 441 4492 s.
458 4438 483 4489 d.
501 4448 595 4507 putet,
613 4458 640 4493 n.
660 4450 735 4492 curet
768 4438 848 4508 ampl.
867 4442 1054 4491 saturatus
1074 4440 1118 4483 est.
1154 4427 1230 4480 Duo:
1249 4425 1337 4479 nine.

994 4519 1107 4594 18'
