3450 5342
664 697 861 745 rautnoxou
884 699 913 743 v.
954 697 1023 743 cnr.
1045 697 1066 741 1.
1316 675 1404 749 205.

338 866 445 913 Cernen.
477 860 587 913 Aldinae
607 862 685 913 tbtt.
719 862 795 913 1552.
819 858 884 928 Arg.
912 856 995 928 Lugd.
1026 856 1127 910 Sturm.
1153 860 1222 911 dud
1248 862 1306 916 Tui.
1332 865 1391 918 Par.

338 953 417 1004 15⁴3.
456 949 514 1001 ΜΓ.

650 1173 993 1250 ΡΑΒΑΠΟΧΟΝ
1026 1179 1075 1251 V.

447 1366 538 1454 Ὅτι
585 1369 691 1470 μόνος
726 1368 743 1451 ὁ
787 1369 895 1475 cothis
932 1367 1160 1475 ἐλεύθερος,
1206 1369 1274 1452 καὶ
1316 1378 1394 1455 παῖς

508 1502 641 1612 ἄφρων
668 1500 810 1589 δοῦλος.

456 1707 598 1792 [Solum
627 1708 831 1800 sapientem
864 1731 943 1774 esee
970 1706 1147 1795 liberum,
1181 1719 1215 1773 et
1250 1730 1392 1774 ornnem

511 1843 662 1910 stultum
690 1843 865 1930 servent]

415 2084 581 2149 Laudetur
605 2101 684 2147 vero
712 2085 765 2147 bic
791 2086 991 2165 imperator,
1018 2089 1075 2148 aut
1110 2084 1209 2147 etiam
1244 2084 1413 2164 appelle-r

338 2231 410 2301 tur,
433 2229 489 2288 aut
515 2224 580 2287 boc
602 2224 736 2289 nomine
763 2224 880 2304 diguus
906 2227 1046 2304 putetur.
1108 2223 1309 2302 Quomodo
1337 2228 1393 2287 aut

338 2364 391 2425 cui
417 2364 548 2427 tandem
574 2365 628 2427 bic
655 2366 759 2428 iibero
787 2364 977 2445 imperabit,
1017 2366 1073 2445 qui
1105 2382 1172 2429 non
1199 2368 1306 2446 potest
1332 2380 1391 2427 cu-

337 2501 526 2581 piditatibus
553 2502 620 2565 suis
648 2503 835 2582 imperare?
881 2502 1036 2566 Refrenet
1062 2501 1204 2582 primum
1232 2501 1392 2576 libidines,

335 2646 472 2722 spernat
499 2640 700 2720 voluptates,
724 2640 929 2704 iracundiam
955 2642 1082 2716 teneat,
1105 2641 1257 2703 co'e'rceat
1284 2636 1393 2702 evari-

334 2777 436 2852 tiam,
463 2779 588 2840 ceteras
616 2776 716 2840 animi
744 2776 835 2841 labes
862 2775 1018 2856 repellat:
1054 2779 1123 2838 tum
1154 2774 1287 2856 incipiat
1321 2773 1392 2837 aliis

336 2921 519 2999 imperare,
547 2936 648 2999 quum
675 2919 744 2999 ipse
768 2917 1019 2999 improbissimis
1046 2916 1205 2991 dominis,
1236 2913 1392 2979 dedecori

337 3072 378 3118 ac
402 3054 602 3135 turpitudini,
630 3072 747 3135 parere
771 3055 915 3119 desierit.
966 3054 1055 3118 Dum
1074 3053 1208 3134 quidem
1233 3052 1284 3115 bis
1309 3050 1391 3114 obe·

337 3192 414 3267 diet,
441 3207 508 3254 non
535 3190 635 3255 modo
662 3192 851 3272 imperator,
878 3190 936 3255 sed
962 3191 1046 3254 liber
1064 3189 1237 3255 habendus
1253 3190 1390 3254 omnino

335 3346 404 3393 non
428 3330 499 3392 erit.
551 3327 724 3391 Praeclare
748 3327 835 3389 cuim
863 3330 913 3389 est
938 3327 1003 3391 boc
1018 3329 1213 3406 usurpatum
1230 3342 1251 3387 a
1269 3325 1390 3389 doctis-

334 3465 447 3539 simis,
483 3455 636 3545 (quorum
672 3478 734 3540 ego
772 3460 968 3523 auctoritate
994 3476 1063 3523 uon
1090 3462 1217 3534 uterer,
1250 3460 1278 3521 si
1311 3460 1391 3523 mibi

336 3599 425 3682 apud
463 3599 592 3678 aliquos
635 3601 779 3677 agrestes
820 3598 905 3661 baec
945 3595 1098 3661 habenda
1140 3600 1225 3659 esset
1267 3597 1391 3659 oratio:

336 3752 437 3817 quum
466 3751 546 3797 vero
571 3732 658 3815 apud
684 3732 958 3815 prudentissimos
986 3733 1119 3813 icquar,
1157 3734 1275 3814 quibus
1309 3733 1391 3797 baec

334 3870 482 3935 inaudita
509 3886 576 3935 non
602 3875 695 3947 sunt,
721 3888 780 3935 cur
806 3889 870 3952 ego
894 3870 1064 3947 simulem,
1099 3888 1170 3948 me,
1197 3872 1224 3933 si
1253 3870 1331 3951 quid
1357 3870 1389 3934 in

335 4009 385 4071 bis
417 4006 530 4071 studiis
560 4024 684 4089 operae
711 4010 897 4091 posuerim,
933 4005 1147 4094 perdidisset)
1192 4007 1390 4071 dictumest
1499 3980 1504 4053 Ὗ

333 4142 434 4220 igitur
458 4142 500 4205 ab
527 4144 753 4208 eruditissimis
786 4145 883 4219 viris,
918 4145 979 4209 nisi
1012 4145 1213 4224 sapientem,
1250 4142 1386 4203 liberum

332 4294 406 4345 esse
434 4282 610 4345 neminem.
663 4281 751 4358 Quid
779 4286 827 4344 est
853 4282 942 4345 euim
967 4280 1123 4343 libertast
1164 4278 1311 4341 Potestas
1338 4278 1389 4340 vi·

331 4416 450 4491 rendi,
491 4423 526 4479 ut
552 4420 642 4482 veiis.
703 4420 784 4495 Quis
812 4418 911 4497 igitur
938 4417 1033 4491 vivit,
1060 4423 1095 4478 ut
1117 4413 1204 4489 vuit,
1239 4414 1300 4478 nisi
1332 4416 1386 4495 qui
