3450 5342
337 543 387 618 34
672 557 844 608 rensuum
874 557 1070 606 srorconuu.

343 723 617 804 ellipsispronominis
632 739 674 772 se:
694 737 757 773 nam
770 718 848 790 plene
862 716 1008 770 dicendum
1024 727 1089 784 erat,
1109 735 1189 789 quom
1208 727 1293 771 tomo
1314 738 1356 774 res
1373 740 1396 773 se

342 821 395 870 dici
405 817 498 887 poscit,
516 823 608 883 estque
623 809 675 862 hoc
688 806 809 861 Graecae
823 805 1035 859 consuetudinis:
1055 807 1178 872 tunm.
1196 808 1279 861 utus.
1318 809 1394 881 Apud

342 911 432 979 politas
455 899 550 956 similia
575 896 762 968 reperiuntur.
802 891 868 945 Hor.
887 891 938 964 Ep.
954 893 988 960 ll,
1007 898 1032 960 2,
1052 896 1084 947 ὃς
1113 893 1176 964 Cogi
1202 912 1281 962 posse
1309 907 1394 966 negot,

340 997 388 1065 (se.
411 991 480 1059 se.)“
510 988 615 1059 wyu.
659 981 865 1037 Weissenborn.
888 980 962 1050 (W.)
991 982 1018 1033 in
1046 978 1132 1035 labnii
1158 981 1267 1034 Annall.
1294 982 1394 1036 Philoll.

343 1086 425 1136 tcta.
443 1083 469 1133 4.
490 1097 516 1148 p.
531 1078 594 1128 448.
613 1084 735 1126 nostrum
754 1071 846 1125 locum
865 1069 944 1122 iniis
962 1069 1048 1140 ponit,
1072 1069 1169 1141 quibus
1186 1068 1288 1140 positus
1306 1071 1340 1124 sit
1354 1071 1393 1123 ln·

341 1169 457 1224 linitirus
475 1174 535 1237 post
559 1162 684 1229 verbum,
711 1159 785 1232 quod
810 1176 922 1229 poscere
949 1157 1070 1211 videatur
1095 1155 1343 1226 conjunctionem,
1368 1166 1393 1210 ιιι

342 1259 414 1310 iusto
432 1256 461 1306 in
480 1254 558 1304 Verr.
578 1250 622 1317 lll,
641 1253 685 1313 59,
704 1250 765 1302 136.
786 1246 846 1299 Fin.
864 1247 898 1311 V,
915 1250 958 1311 22,
977 1248 1028 1309 θὶς
1049 1255 1157 1314 persto,
1175 1243 1293 1314 Madvig.
1313 1244 1346 1297 ad
1364 1244 1392 1297 de

342 1345 424 1396 Finn.
449 1360 475 1412 p.
493 1341 562 1401 aas,
591 1337 677 1407 gestio
697 1336 751 1388 ttu.
772 1334 817 1400 tV,
837 1335 933 1399 11,1;
965 1333 1092 1385 admoneo
1117 1351 1169 1404 pro
1192 1329 1266 1384 Cael.
1285 1335 1331 1399 14,
1349 1336 1391 1393 dit

344 1449 434 1485 moneo
452 1428 485 1481 de
503 1426 570 1478 Fato
589 1428 614 1478 3.
654 1422 744 1492 Mn?

416 1519 561 1586 Nunquam
580 1512 727 1564 mehercule
745 1513 805 1584 ego]
832 1509 919 1565 Cndd.
938 1509 1034 1563 Duisb.
1052 1507 1124 1562 Gud.
1138 1507 1168 1560 Β.
1189 1505 1251 1562 Crr.
1271 1513 1297 1562 2.
1318 1507 1390 1561 Drsd.

344 1611 370 1662 1.
389 1611 415 1660 2.
433 1609 460 1658 4.
485 1602 536 1655 Οι.
555 1601 589 1654 N.
607 1620 632 1670 η.
652 1616 682 1662 ψ.
706 1599 788 1652 Bern.
811 1597 872 1651 Bas.
909 1596 1062 1650 Ε1.Ηιι1ι.ι
1089 1598 1236 1667 Nunquam
1256 1595 1391 1647 hercule

343 1713 408 1766 ego‚·
427 1690 478 1743 Os.
495 1688 526 1741 E.
545 1686 626 1741 Drsd.
645 1689 670 1742 d.
696 1685 746 1739 Ed.
764 1686 848 1740 Paris.
867 1688 947 1740 15⁰7.
976 1684 1063 1756 Lugd.
1077 1686 1158 1739 1515.
1183 1701 1326 1754 nunquam
1344 1699 1389 1734 me-

344 1780 461 1833 hercle
478 1796 541 1848 ego,
560 1795 623 1829 cum
640 1773 690 1828 Ed.
709 1772 794 1826 Suffr.
812 1771 1137 1834 Petr.Darentr.1515;
1163 1766 1251 1822 Codd.
1271 1766 1344 1822 Gud.
1363 1767 1390 1821 Α.

344 1869 394 1925 Ed.
412 1867 495 1921 Paris.
508 1885 528 1918 s.
543 1883 566 1917 a.
586 1880 725 1933 nunquam
743 1878 791 1930 ego
807 1859 912 1918 hercles
932 1857 1033 1913 Os..U.
1051 1872 1190 1929 nunquam
1207 1855 1326 1909 hercle
1342 1874 1392 1926 ego.

345 1957 440 2010 Graes.
460 1975 489 2007 ex
503 1951 656 2025 Coquitb.
671 1948 806 2019 rescripsit
825 1948 973 2018 Nunquam
991 1966 1041 2019 ego
1057 1947 1172 2006 hercule,
1190 1945 1307 1999 addens:
1326 1943 1392 2017 quod

345 2064 408 2097 sane
433 2062 489 2096 non
514 2039 745 2112 aspernabuntur,
760 2035 820 2108 qui
845 2054 924 2089 aures
948 2035 1047 2090 babent
1069 2033 1256 2089 Ciceronianis
1280 2033 1392 2087 numeris

345 2131 469 2184 imbutos.
504 2127 600 2198 Neque
621 2136 710 2179 tamen
735 2123 892 2177 obedientes
917 2122 1010 2178 babuit
1034 2123 1149 2177 editores
1168 2131 1327 2193 sequentes,
1351 2119 1390 2192 qni

345 2227 417 2270 recte
435 2217 463 2269 in
478 2213 646 2286 'optimorum
665 2211 798 2267 librorum
817 2229 950 2265 concensu
968 2211 1034 2264 nibil
1053 2221 1194 2264 noverunt.
1229 2209 1331 2262 Notum
1349 2228 1391 2263 su·

345 2317 398 2359 tem
424 2313 462 2356 est
489 2319 545 2354 esse
572 2319 588 2353 a
611 2297 743 2353 Cicerone
771 2297 944 2352 iu-Oratore
961 2303 1006 2365 tt,
1026 2302 1089 2353 111.
1113 2297 1245 2368 scripturn
1270 2295 1390 2349 libentius

345 2392 456 2442 dixerim
478 2385 692 2449 mehercule,
719 2405 801 2458 quom
827 2387 996 2440 nsehercules.
1040 2385 1094 2438 Sed
1119 2386 1226 2437 hercule
1253 2385 1319 2438 item
1342 2385 1391 2436 fre·

346 2496 430 2550 quens
449 2486 487 2529 est
499 2473 633 2538 Ciceroni,
654 2473 727 2545 quod
747 2474 786 2527 vel
804 2473 886 2528 lerica
906 2475 1013 2529 docent.
1025 2503 1061 2514 -
1080 2473 1122 2526 Ad
1134 2473 1294 2527 sententiam
1309 2473 1389 2544 wyte

345 2568 372 2620 in
392 2565 502 2619 srlsolis:
527 2561 644 2629 „Cicero
662 2562 794 2628 oratorie,
818 2582 871 2617 nec
895 2576 988 2636 aperte
1014 2575 1102 2618 tamen
1126 2563 1313 2617 definitionem
1331 2562 1388 2616 boni

346 2653 457 2725 quaerit.
492 2651 551 2705 Hoc
569 2651 641 2705 eninr
660 2651 730 2721 agit,
756 2660 786 2704 ut
803 2650 941 2719 ostendat,
960 2671 1005 2718 ea,
1025 2670 1094 2723 quae
1111 2651 1193 2722 vulgo
1211 2654 1284 2705 bona
1303 2651 1391 2706 dicun·

346 2753 398 2806 tnr,
417 2758 472 2792 non
492 2757 547 2791 esse
565 2738 646 2806 bons,
666 2737 744 2792 soluti
761 2740 876 2808 pecunia
896 2749 921 2790 et
940 2757 1033 2792 omnes
1051 2739 1237 2810 possessiones,
1261 2760 1330 2812 qnae
1347 2737 1390 2792 ali·

346 2829 419 2900 quod
437 2827 553 2897 pretium
570 2824 682 2879 babent:
708 2836 782 2877 tecto
801 2826 962 2896 magnifico:
987 2827 1163 2882 habitationes
1180 2846 1279 2899 magna
1298 2835 1390 2883 arteet

345 2915 495 2984 sumptibus
513 2914 606 2966 laetae.
653 2911 729 2983 Opes
745 2923 835 2966 autem
853 2902 971 2985 intelbge
990 2915 1138 2987 potentiam
1157 2917 1390 2987 auctoritatemque

344 3001 373 3053 in
392 2999 556 3070 republica,
576 3018 645 3070 quae
659 3001 745 3053 oritur
763 3019 792 3053 ex
811 3000 915 3069 divitiis,
933 3003 1064 3069 amicitiis,
1083 3003 1252 3057 clientibus.“
1265 3032 1301 3044 -
1317 3001 1390 3056 Gete-

346 3107 407 3142 rum
425 3098 498 3140 recte
516 3085 618 3139 Geruli.
636 3098 729 3141 contra
749 3087 855 3143 Graevii
874 3091 1017 3144 verborum
1037 3089 1253 3157 collocationem,
1271 3110 1321 3163 ego
1338 3097 1390 3160 post

345 3192 485 3245 nunquam
503 3176 635 3245 ponentis,
654 3177 767 3240 monuit,
786 3179 893 3231 heremo
911 3179 944 3233 ad
963 3198 1102 3251 nunquam
1120 3179 1266 3251 pertinere.
1301 3178 1389 3249 Neque

347 3261 486 3315 adiuvatur
505 3261 612 3316 Graevii
635 3266 765 3318 sententia
791 3284 838 3331 eo,
867 3267 940 3337 quod
966 3266 995 3319 in
1020 3264 1079 3319 Crs.
1104 3278 1196 3319 nostro
1217 3269 1243 3319 t.
1268 3286 1284 3320 a
1308 3264 1388 3336 prima

346 3370 428 3405 manu
448 3361 487 3404 est
504 3350 584 3405 lectio
604 3350 711 3408 Codicis
734 3353 874 3409 Pithoeani
900 3372 1038 3426 nunquam
1056 3373 1105 3425 ego
1122 3353 1245 3407 hercule:
1274 3360 1387 3407 correcto

344 3450 382 3493 est
399 3458 414 3491 a
434 3457 515 3491 manu
534 3441 659 3509 secunda,
679 3454 709 3496 ut
731 3461 781 3497 nos
802 3442 963 3508 exhibemus,
981 3442 1016 3495 ita
1036 3452 1135 3506 tamen,
1155 3452 1186 3494 ut
1201 3459 1250 3512 ego
1268 3438 1387 3499 deletum,

344 3547 400 3581 non
419 3527 595 3600 postpositum
613 3529 654 3584 sit.
691 3530 751 3584 Mr.
1244 3575 1247 3579 «

415 3617 570 3686 Numquam
587 3617 734 3670 nuhercule
751 3637 800 3690 ego
819 3619 883 3685 etc]
905 3616 942 3668 Ex
959 3615 1114 3670 Stoicorum
1132 3615 1264 3688 opinione
1282 3610 1387 3667 admittit

343 3702 415 3754 bona
434 3702 531 3755 animi:
558 3703 662 3776 reliqua
679 3705 732 3758 sire
751 3705 887 3777 corporis,
909 3705 962 3758 sire
980 3703 1106 3757 fortunae
1124 3722 1155 3756 es
1172 3720 1289 3755 nomem
1307 3701 1387 3753 bono·

343 3807 404 3842 rum
423 3788 586 3843 excludenda
605 3810 661 3845 esse
679 3793 825 3848 contendit.
860 3793 883 3845 F
889 3810 959 3846 ace.

416 3879 508 3949 Neque
524 3881 655 3948 pecunias
672 3880 797 3949 istorum]
824 3882 927 3934 Vocem
950 3894 1035 3951 neque
1060 3888 1121 3950 post
1142 3896 1191 3949 ego
1209 3875 1310 3931 omittit
1327 3868 1387 3927 Cod-

340 3963 450 4018 Suerin.
486 3963 517 4017 ln
536 3968 664 4039 escerptis
681 3966 810 4039 Eybianis
827 3988 872 4040 ap.
890 3967 941 4021 Or.
959 3966 988 4019 in
1006 3984 1082 4037 seqq.
1108 3975 1146 4019 est
1170 3983 1256 4036 neque
1276 3964 1387 4035 foeta·

339 4051 433 4121 Pergit
458 4050 508 4105 Οι.
528 4052 548 4107 l.
572 4055 720 4127 magnifico
744 4057 929 4119 domorum,
957 4053 1031 4125 quod
1054 4064 1094 4107 est
1117 4052 1282 4124 glossatoris.
1322 4048 1386 4103 Tun

342 4137 422 4192 Drsd.
439 4142 465 4194 1.
486 4159 545 4192 nse
563 4160 640 4210 opes:
659 4162 720 4197 mor
738 4142 820 4196 Drsd.
833 4147 860 4196 4.
876 4157 961 4211 neque
978 4159 1090 4193 omues
1107 4158 1164 4194 eos.
1199 4139 1293 4193 Verba
1310 4147 1386 4205 usque

342 4242 390 4278 eos
407 4244 491 4298 usque
509 4228 543 4281 ad
564 4228 718 4297 voluptates
733 4229 829 4283 desunt
846 4226 876 4282 in
891 4225 959 4280 Cod.
976 4224 1049 4283 Gud.
1085 4227 1129 4281 Ad
1146 4247 1171 4281 r.
1186 4226 1318 4296 pecunias
1332 4219 1386 4273 Fre·

254 4372 257 4377 .
337 4308 408 4380 sylv·
427 4312 505 4369 llaec:
536 4312 672 4380 „Nomine
687 4316 863 4388 meoniorum
882 4314 988 4372 divitiae
1011 4313 1214 4387 intelliguntur,
1242 4315 1386 4385 quaesunt
