3450 5342
339 668 411 741 150
669 689 842 736 rsusnoxi
870 688 1065 738 sromonuu.

338 872 399 908 cum
419 851 497 906 Drsd.
515 854 557 915 5.,
577 847 643 902 On.
659 846 690 900 E.
710 846 730 899 Ι.
755 847 853 902 babent
872 867 934 902 cum
953 847 1033 902 Drsd.
1049 851 1075 901 4.
1101 847 1280 901 multitudine
1307 866 1386 920 ergo

335 948 505 1011 peccatorum
521 945 654 1007 praestat.
691 934 743 988 Sed
763 955 812 1007 pro
829 945 956 1005 praestat
970 935 1070 990 babent
1083 947 1214 1006 peccatur
1227 948 1291 991 octo
1305 936 1386 990 codd.

338 1027 414 1090 Aldi;
437 1035 546 1096 peccat,
570 1043 658 1089 unus;
677 1025 816 1093 peccavit,
833 1043 911 1077 sinus.
952 1026 1088 1077 Peccator
1110 1035 1148 1078 est
1173 1024 1254 1079 etiam
1273 1024 1303 1077 in
1323 1022 1385 1077 Cod.

338 1113 444 1168 Suerin.
463 1124 489 1167 et
506 1112 571 1167 Oxx.
589 1132 615 1181 η.
635 1131 659 1165 o.
678 1129 708 1174 ψ.
727 1111 807 1165 Drsd.
825 1115 850 1164 2.
888 1110 934 1164 Sic
951 1111 1030 1165 etiam
1049 1111 1100 1164 Th.
1119 1110 1231 1180 Bentlej.
1249 1123 1275 1165 et
1295 1111 1385 1164 deinde

338 1204 478 1275 dignum
496 1209 547 1255 est.
583 1198 613 1252 ln
632 1199 712 1253 Drsd.
732 1204 758 1252 2.
787 1199 949 1253 omittuntur
967 1200 1046 1252 rerba
1069 1200 1098 1252 in
1113 1201 1205 1270 patris
1222 1229 1258 1240 —
1274 1218 1384 1269 peccon-

338 1303 412 1351 tur.,·
430 1298 525 1359 peceut
543 1286 571 1340 in
590 1287 670 1342 Drsd.
689 1291 716 1342 1.
736 1299 762 1341 et
781 1292 806 1342 3.
855 1288 933 1342 Unus
951 1288 1013 1341 Atti
1042 1308 1091 1359 pro
1115 1306 1197 1359 eoque
1218 1286 1300 1341 babet
1317 1306 1382 1358 ergo,

338 1377 416 1431 Suer.
437 1394 550 1448 eaqtm
576 1385 633 1429 tum
651 1374 730 1428 Drsd.
749 1379 775 1428 4.
796 1377 892 1428 maiori
905 1394 1011 1445 poeno,·
1037 1374 1109 1428 Gud.
1129 1374 1161 1428 Α.
1179 1393 1263 1446 eoque
1280 1375 1382 1446 dignius

337 1475 379 1519 est
396 1463 495 1517 maiore
512 1465 578 1530 (om.
593 1465 698 1532 poena).
734 1461 785 1518 Ox.
804 1484 830 1533 η.
849 1465 947 1517 omittit
963 1473 1014 1520 est.
1056 1460 1107 1515 Οι.
1125 1479 1155 1524 ψ.
1180 1461 1271 1533 pergit
1297 1463 1382 1532 cipro

338 1552 398 1614 sed‚·
426 1547 506 1604 Drsd.
523 1553 553 1603 4.
575 1566 644 1621 quoe
667 1569 731 1601 riori
748 1552 843 1622 cuique
861 1569 948 1623 quae
971 1561 1091 1620 peccato.
1138 1549 1220 1603 Drsd.
1239 1552 1266 1603 5.
1295 1546 1383 1601 omittit

336 1650 446 1709 peccato
453 1657 463 1699 ,·
482 1637 553 1691 Gud.
562 1638 595 1690 A.
612 1634 690 1690 babet
702 1637 739 1688 sit
748 1655 835 1706 poena
842 1658 853 1699 ,-
873 1638 953 1692 Drsd.
964 1643 991 1692 4.
1004 1638 1103 1692 omittit
1115 1646 1237 1706 spectare
1244 1656 1255 1697 ,·
1275 1635 1352 1688 Drsd.
1360 1638 1381 1688 5.

280 1772 296 1793 ,
338 1727 419 1782 babet
435 1737 598 1797 exspectare.
616 1723 676 1776 Mr.
713 1729 873 1788 „Praestat,
894 1726 911 1777 i.
929 1745 953 1779 e.
973 1725 1199 1797 praeponderat.“
1218 1723 1241 1775 F
1248 1721 1381 1792 rcsyts.

408 1818 443 1866 In
457 1814 548 1883 patris
566 1813 625 1863 vito
642 1812 781 1878 violando]
819 1811 929 1880 „Dictio
947 1813 1075 1865 violando
1094 1813 1185 1866 abesse
1204 1821 1311 1883 poterat
1327 1829 1380 1863 sen·

339 1904 420 1957 tentia
438 1902 522 1966 salva,
540 1912 567 1954 et
584 1901 687 1971 ingrata
706 1898 765 1952 heic
784 1911 822 1953 est
836 1900 962 1966 auribus,
988 1920 1052 1955 cum
1069 1901 1156 1954 statim
1175 1900 1275 1953 iterum
1293 1916 1381 1970 sequa-

338 1991 408 2041 tur.“
426 1988 568 2042 Gruter.
616 1986 757 2040 Neminem
777 1985 909 2040 Gruterus
937 1989 1129 2060 obsequentem
1151 1997 1247 2041 nactus
1265 1997 1312 2040 est.
1354 1985 1382 2036 Et

338 2074 442 2129 merito.
478 2075 535 2128 Mr.

409 2165 456 2235 qui
473 2165 591 2216 erudivit
612 2192 644 2202 -
665 2164 799 2235 —dignus
824 2165 886 2231 esc]
923 2165 965 2218 Ad
992 2165 1069 2218 verba
1095 2163 1201 2218 confert
1226 2163 1308 2235 Borg.
1332 2162 1382 2216 cte.

339 2250 372 2303 dc
389 2250 444 2303 lnv.
463 2250 482 2316 Ι,
501 2255 551 2306 542
570 2252 646 2320 apud
663 2271 727 2323 quos
745 2254 877 2305 educatus
896 2254 947 2317 sit,
966 2272 984 2304 o
1002 2251 1099 2325 quibus
1119 2252 1263 2313 eruditum
1287 2251 1320 2303 de
1336 2249 1382 2303 Or.

339 2338 370 2403 ΙΙ,
389 2340 435 2392 28:
465 2357 541 2411 quem
561 2340 710 2410 procrearit
735 2352 762 2392 et
788 2341 925 2407 eduxerit;
951 2340 984 2393 nd
1011 2341 1114 2394 Famm.
1134 2339 1180 2407 Vl,
1199 2344 1232 2394 b:
1260 2341 1302 2391 ito
1319 2339 1382 2389 euim

339 2436 438 2491 notus,
455 2426 498 2477 ito
514 2427 663 2479 eductus
680 2447 708 2480 es
726 2427 789 2497 (Or.
809 2448 871 2482 cum
890 2429 982 2482 bamb.
1001 2440 1027 2482 et
1043 2430 1114 2481 Crat.
1122 2429 1280 2494 educatus).
1309 2426 1381 2479 llom.

340 2511 438 2584 Odyss.
456 2513 487 2579 ΙΙ,
506 2519 568 2569 131.
593 2508 609 2585 ἦ
627 2513 655 2578 μ’
672 2517 780 2585 i'rsps,
799 2511 816 2587 ἦ
833 2515 860 2580 μ’
878 2520 987 2589 ἔθρεψα
1014 2516 1098 2586 (miro
1116 2534 1209 2569 errore
1229 2535 1281 2587 pro
1298 2510 1382 2581 iiiii:

339 2599 382 2666 ΙΙΙ,
401 2605 444 2655 28:
463 2609 584 2668 γενέσθαι
601 2625 629 2656 τε
647 2610 776 2676 epactam
792 2626 830 2662 τε.
867 2608 947 2659 Sedes
965 2618 991 2659 et
1010 2607 1103 2658 domus
1113 2605 1266 2676 iunguntur
1276 2604 1310 2657 de
1322 2604 1381 2674 Rep.

339 2689 370 2754 ΙΙ,
388 2694 415 2747 5.
433 2691 479 2757 Vl,
497 2695 546 2757 123
566 2694 643 2747 Verr.
663 2694 695 2760 ΙΙ,
714 2699 765 2760 os,
784 2697 858 2749 sedes
877 2716 908 2750 sc
928 2696 1088 2748 domicilium
1105 2694 1142 2747 ib.
1161 2693 1194 2760 ΙΙ,
1212 2697 1246 2756 3;
1273 2693 1347 2745 sedes
1362 2703 1383 2744 et

338 2781 401 2849 agri
416 2779 452 2832 ib.
465 2779 511 2846 ΙΙΙ,
524 2785 567 2836 55.
585 2811 618 2819 -
656 2783 742 2853 Wytt.
760 2783 793 2835 ad
813 2803 835 2835 v.
854 2785 1012 2855 dignoscet
1030 2782 1181 2836 annotavit:
1207 2779 1383 2847 „subaudien-

339 2863 403 2919 dum
418 2869 573 2936 parricida,
590 2869 662 2938 quod
681 2871 709 2922 in
728 2871 946 2924 antecedentibus
963 2890 1019 2924 non
1038 2871 1146 2943 quidem
1159 2871 1257 2924 diserte
1275 2868 1382 2942 positum

340 2965 392 3019 cst,
412 2955 457 3007 sed
476 2954 658 3023 intelligitur.“
677 2985 710 2993 -
747 2955 821 3008 Idem
840 2958 873 3009 ad
891 2980 913 3011 v.
931 2960 960 3010 in
976 2960 1052 3011 vita.-
1081 2958 1156 3026 „i.e.
1185 2959 1213 3012 in
1241 2957 1382 3012 actionibus

339 3040 451 3104 nostris,
468 3039 495 3092 in
515 3041 638 3094 societate
655 3054 680 3096 et
700 3044 893 3098 consuetudine
911 3065 974 3099 cum
992 3047 1050 3102 aliis
1066 3047 1230 3101 bominibus.
1268 3046 1314 3101 Sic
1332 3048 1382 3099 vito

340 3135 365 3177 et
383 3124 411 3176 in
429 3125 481 3179 boc
499 3127 632 3197 paradoso
651 3132 721 3183 etin
740 3133 835 3185 ceteris
853 3153 931 3205 saepe
951 3135 1075 3191 dicitur.“
1112 3135 1187 3189 ldem
1206 3136 1240 3189 ad
1255 3156 1278 3189 v.
1292 3136 1380 3187 liceat:

339 3212 432 3277 „Licet
453 3213 553 3286 aliquid
580 3219 690 3288 proprie
720 3218 817 3275 dicitur
843 3224 876 3275 de
905 3224 1008 3295 legibus
1033 3225 1167 3288 civilibus,
1195 3244 1265 3295 quae
1289 3221 1381 3294 aliquid

340 3302 505 3372 permittunt,
522 3324 573 3358 nec
591 3316 678 3359 tamen
697 3307 799 3376 iubent,
820 3312 1040 3384 quandoquidem
1054 3312 1185 3366 eiusmodi
1196 3313 1268 3365 actio
1285 3320 1381 3383 specta·

340 3399 398 3456 tur,
418 3402 446 3445 ut
466 3410 534 3463 quae
551 3394 633 3465 possit
652 3394 690 3448 rel
710 3397 840 3452 committi
860 3399 898 3452 vel
918 3401 1016 3455 omitti:
1039 3421 1102 3454 uam
1121 3413 1191 3456 extra
1210 3401 1284 3473 leges
1302 3399 1380 3454 civiles

339 3480 487 3532 secuudum
505 3478 591 3552 legem
611 3485 776 3550 naturalem,
795 3487 898 3541 ratione
917 3489 1024 3560 quidem
1044 3490 1213 3556 Stoicorum,
1233 3490 1298 3544 nibil
1319 3489 1380 3551 licet,

338 3564 355 3616 i.
374 3586 397 3620 c.
417 3568 480 3621 nibil
500 3569 566 3623 adeo
585 3570 741 3626 indifferens
760 3586 813 3640 est,
837 3587 866 3628 ut
885 3578 965 3647 possit
992 3589 1038 3631 aut
1061 3577 1147 3631 omitti
1176 3589 1223 3633 aut
1249 3575 1380 3639 committi,

338 3654 383 3707 sed
403 3656 441 3709 lex
460 3658 549 3710 omnia
569 3658 608 3711 vel
627 3660 701 3713 iubet
718 3661 757 3713 vel
776 3665 869 3716 vetat.“
889 3667 917 3718 Μ
924 3685 943 3716 r.

409 3743 544 3814 Quicquid
560 3763 612 3797 non
630 3757 749 3814 oportet,
765 3750 853 3801 scelus
869 3754 946 3820 esse]
985 3754 1087 3806 Vocem
1106 3773 1158 3805 non
1170 3754 1270 3808 omittit
1281 3751 1380 3808 Gudli.

339 3826 370 3881 ln
388 3827 448 3883 Cn.
466 3833 491 3884 3.
518 3830 579 3884 loco
599 3832 670 3885 verbi
695 3845 798 3903 oportet
821 3838 953 3909 scriptum
977 3852 1015 3894 cst
1040 3844 1078 3908 ὅς.
1103 3840 1176 3894 Gud.
1195 3841 1227 3894 B.
1254 3841 1379 3894 habetne

339 3915 410 3971 lieet.
452 3916 507 3970 Pro
525 3919 700 3988 praecedento
725 3922 806 3974 liceat
825 3936 862 3978 est
879 3927 958 3981 ctiam
979 3928 1042 3980 iicet
1066 3929 1093 3982 io
1113 3927 1162 3982 Ox.
1184 3931 1203 3981 Ι.
1241 3932 1271 3983 ln
1291 3927 1380 3981 Cret.

339 4015 399 4074 post
414 4015 519 4074 oportet
538 4005 646 4062 additur
657 4000 762 4078 ¹fucere.
798 4013 919 4086 Pergunt
936 4017 1023 4069 scelus
1034 4027 1074 4070 est
1087 4015 1171 4070 Codd.
1185 4016 1244 4070 Crc.
1258 4024 1284 4072 2.
1303 4017 1380 4082 Ora).

273 4090 276 4103 '
338 4091 416 4148 Drsd.
434 4098 459 4148 1.
478 4096 503 4149 3.
520 4098 547 4149 4.
589 4095 619 4149 ln
646 4097 725 4153 Drsd.
744 4105 769 4155 5.
794 4113 833 4155 est
854 4103 941 4156 scelus
965 4123 1021 4156 esse
1047 4105 1205 4162 dicemus.
1254 4104 1380 4159 Scribitur

338 4184 440 4250 neptas
458 4183 485 4237 in
504 4182 589 4237 Codd.
607 4187 666 4241 Cra.
685 4192 709 4242 1.
728 4193 753 4241 2.
774 4194 801 4245 3.
838 4190 951 4244 Drsd.i
972 4203 997 4245 et
1015 4195 1041 4247 3.
1078 4193 1142 4247 Duo
1161 4195 1322 4264 posteriores
1337 4190 1379 4245 ed·

339 4266 406 4323 dunt
422 4291 487 4325 esse.
529 4273 631 4329 Laudat
649 4278 734 4332 Wetc.
755 4279 788 4332 ad
806 4281 965 4333 sententiam
984 4279 1040 4334 Cic.
1057 4280 1108 4335 Or.
1135 4301 1186 4353 pro
1205 4280 1291 4334 Balbo
1309 4283 1335 4346 3,
1352 4282 1377 4331 8:

337 4356 441 4410 Fecisse
458 4362 625 4431 Pompeium,
650 4367 722 4437 quod
746 4368 771 4418 ei
785 4368 880 4438 facere
897 4388 950 4421 non
968 4368 1142 4422 licuerit?
1175 4370 1249 4441 quod
1271 4369 1378 4441 gravius

338 4452 394 4511 nl,
419 4462 501 4521 qm
518 4448 542 4501 ei
559 4449 591 4501 id
600 4451 714 4522 sactum
732 4454 767 4507 ab
789 4476 819 4509 eo
845 4456 959 4522 diceret,
985 4458 1058 4529 quod
1073 4478 1125 4512 non
1154 4458 1376 4527 oportuisset.
