3450 5342
338 680 410 752 146
657 696 830 744 rsnsooxs
858 694 1055 743 srorconusr.

337 864 364 917 in
384 863 435 916 his:
454 861 529 913 nudo
547 860 602 912 isto
621 860 645 911 si
663 875 763 925 ponor,
783 857 799 908 i.
814 875 837 908 e.
857 856 914 909 sine
933 856 1122 922 adiunctione,
1143 855 1176 909 de
1197 874 1279 910 cansa
1299 859 1385 912 caedis.

337 951 427 1021 Pergit
445 946 520 1019 loqui
540 946 717 1011 adversarius,
753 944 857 1010 dicens,
887 964 916 996 es
941 944 985 998 itta
1015 944 1143 1016 opinione
1174 944 1209 997 de
1234 945 1386 1016 aequalitate

337 1047 508 1110 peccatorum
527 1036 610 1106 sequi,
628 1033 841 1104 Saguntinorum
855 1031 935 1085 fnisse
953 1032 1141 1104 parricidium:
1159 1033 1234 1105 quod
1254 1052 1312 1087 esse
1329 1054 1386 1089 con-

337 1136 376 1179 tra
395 1143 501 1178 sensum
521 1130 693 1176 communem
713 1132 738 1174 et
756 1121 891 1174 iniustum.
910 1120 1048 1192 hincergo
1064 1118 1186 1192 insetttgi,
1205 1121 1280 1175 idem
1295 1122 1384 1177 sactum

338 1214 402 1267 alias
420 1230 476 1264 esse
494 1209 653 1277 honestum,
673 1208 737 1263 alias
753 1208 911 1264 sceleratum
931 1212 1000 1263 etc“
1036 1208 1112 1261 Ern.

409 1302 483 1368 Ergo
499 1307 527 1348 et
543 1296 654 1366 potenti
664 1298 868 1369 nonnunquam]
899 1296 941 1349 Ad
956 1295 1061 1349 Ernesti
1079 1307 1171 1351 annot.
1185 1307 1261 1351 recte
1273 1297 1384 1350 animad-

339 1382 534 1449 vertitGernh,
552 1381 643 1438 iocum
662 1382 719 1436 eius
738 1381 800 1437 noti
819 1384 1015 1456 impeditiorem
1033 1403 1088 1437 esse
1106 1384 1223 1451 sactum,
1242 1387 1383 1456 rectiusque

338 1472 499 1528 Wetzelium
529 1470 594 1525 haec
619 1471 709 1524 omnia
733 1471 795 1524 inde
820 1491 836 1523 a
856 1471 940 1523 Nudo
958 1471 1013 1523 isto
1033 1481 1082 1525 etc.
1127 1472 1256 1526 Ciceroni
1279 1472 1383 1525 tribuere

338 1556 519 1633 respondenti.
538 1588 572 1599 -
610 1560 699 1612 Verba
719 1569 746 1609 et
762 1560 873 1628 parenti
891 1557 986 1612 omissa
1006 1570 1068 1613 sunt
1087 1560 1114 1612 in
1133 1559 1202 1614 Cod.
1224 1563 1284 1614 Cra.
1304 1564 1333 1624 1;
1361 1559 1382 1610 in

338 1649 432 1702 eodem
452 1659 490 1701 est
508 1647 603 1698 audivi
622 1665 672 1718 pro
690 1646 787 1710 adimi,
804 1647 832 1698 in
852 1645 904 1703 Os.
923 1646 942 1699 l.
962 1648 1038 1717 eripi.
1074 1647 1213 1712 „Poenam
1232 1649 1261 1700 in
1283 1648 1383 1720 parrici-

338 1737 385 1790 das
402 1736 451 1805 (ita
470 1735 551 1806 Borg.
570 1735 598 1786 in
617 1732 722 1802 annot.)
740 1733 843 1805 legibus
870 1735 998 1788 Romanis
1016 1735 1201 1801 constitutam,
1232 1735 1323 1807 legant
1344 1735 1382 1787 ha-

338 1844 399 1878 rum
418 1842 509 1877 rerum
528 1822 625 1876 curiosi
643 1822 720 1875 Rosc.
747 1822 839 1874 Amer.
863 1825 898 1878 25
918 1823 976 1894 sq.“
1007 1821 1073 1875 Add.
1099 1821 1131 1874 Η.
1154 1821 1185 1876 E.
1211 1821 1381 1875 Dirirsenii

338 1911 465 1966 Manuaie
489 1910 636 1963 Latinitatis
660 1909 788 1963 Fontium
823 1909 890 1962 iuris
915 1908 1005 1963 Civilis
1039 1910 1117 1963 Rom.
1150 1930 1173 1961 r.
1200 1909 1382 1971 Parricidium,

339 2018 365 2069 p.
385 2001 446 2052 680.
466 1999 491 2049 b.
528 1997 606 2051 Nunc
625 1996 685 2049 add.
703 1996 734 2048 E.
754 1995 944 2063 Kaercber,
963 1998 991 2051 in
1012 1997 1092 2051 Beitr.
1110 2018 1132 2049 s.
1151 1996 1209 2052 Lat.
1230 1997 1345 2069 Etymol.
1363 2015 1382 2048 u.

342 2085 479 2157 Lexicogr.
499 2082 517 2136 l.
534 2084 600 2137 Lter'.
620 2088 645 2139 8.
681 2083 779 2157 stuttg.
798 2088 877 2140 1844.
910 2085 970 2140 Mr.

411 2182 438 2223 et
457 2190 532 2225 servo
550 2191 629 2242 saepe
647 2173 704 2226 sine
721 2172 823 2225 iniuria
842 2192 895 2225 non
911 2175 1022 2243 possen]
1061 2175 1161 2228 Vocem
1180 2185 1209 2226 et
1220 2174 1318 2228 omittit
1327 2173 1383 2227 Cod.

340 2258 398 2313 Cre.
419 2261 451 2323 13
469 2257 539 2311 idem
558 2278 621 2312 cum
637 2259 717 2312 Drsd.
734 2264 761 2314 4.
782 2259 880 2315 omittit
897 2279 991 2331 saepe,¹
1021 2260 1099 2313 Drsd.
1116 2263 1142 2313 1.
1162 2272 1189 2314 et
1206 2265 1232 2316 3.
1253 2262 1347 2315 habent
1362 2270 1383 2311 et

340 2366 443 2417 saepe
461 2366 569 2399 servo.
605 2344 670 2399 Ora.
684 2346 703 2398 Ι.
723 2368 748 2416 p.
768 2348 845 2399 vita
861 2349 956 2418 eripi
975 2368 1030 2401 non
1047 2359 1136 2418 potest
1155 2366 1219 2401 cum
1237 2349 1383 2402 Drsd.4.-

342 2434 480 2506 „Antiqno
499 2434 557 2487 inre
576 2435 762 2487 Romanorum
782 2434 884 2488 domini
904 2434 931 2487 in
958 2455 1094 2489 servorum
1120 2455 1216 2490 necem
1235 2447 1382 2508 potestatem

341 2522 499 2576 babuerunt.
537 2527 654 2576 Auctore
672 2522 826 2577 Modestino
846 2523 916 2576 libro
934 2523 1035 2595 Digest.
1054 2528 1098 2578 48.
1124 2525 1156 2577 ad
1181 2524 1270 2597 legem
1290 2528 1382 2579 Corne·

341 2610 403 2665 iiam
422 2612 456 2665 de
473 2611 596 2678 Sicariis,
616 2621 674 2682 post
693 2610 778 2682 legem
798 2611 952 2664 Petroniam
972 2623 998 2665 et
1016 2611 1129 2665 Senatus
1148 2613 1272 2666 consutta
1292 2614 1381 2665 adeam

339 2701 426 2771 legem
445 2699 614 2771 pertinentia,
634 2699 750 2753 dominis
769 2710 883 2771 potestas
901 2699 987 2752 ablata
1007 2711 1053 2766 est,
1072 2701 1104 2753 ad
1123 2700 1220 2754 bestias
1234 2701 1382 2772 depugnan-

342 2790 387 2842 das
408 2807 457 2841 suo
476 2787 587 2840 arbitrio
606 2806 694 2839 servos
711 2787 824 2839 tradere.
860 2786 962 2840 Oblato
981 2799 1069 2840 tamen
1085 2788 1166 2843 iudici
1184 2808 1270 2855 servo,
1290 2790 1310 2840 si
1328 2788 1382 2838 iusta

341 2875 444 2928 domini
464 2873 572 2945 querela
591 2873 638 2937 sit,
659 2892 762 2944 poenae
782 2875 909 2927 tradetur.
956 2875 1122 2941 Hadrianus,
1151 2887 1181 2930 ut
1208 2878 1237 2929 in
1264 2878 1320 2928 eius
1342 2874 1381 2925 rita

340 2959 432 3013 Aelius
450 2958 608 3028 Spartianus
628 2958 719 3025 tradit,
748 2961 782 3026 [c.
801 2963 845 3013 18.
871 2981 897 3031 p.
917 2965 960 3014 81.
987 2963 1028 3016 ed.
1047 2962 1180 3017 Schrevet.
1206 2964 1272 3035 ibiq.
1292 2962 1381 3016 Canu-

340 3047 417 3111 bon]
438 3062 526 3096 servos
551 3062 570 3094 c
595 3043 707 3098 dominis
726 3047 810 3098 occidi
834 3049 937 3113 vetuit,
964 3069 1060 3123 eosque
1084 3051 1165 3103 iussit
1196 3053 1321 3103 damnari
1341 3066 1381 3118 per

339 3132 454 3197 iudices,
472 3131 496 3182 si
514 3130 590 3201 digni
607 3138 721 3185 essent.“
739 3134 812 3189 Frc.
831 3135 924 3206 Syiv.
961 3137 1030 3192 Add.
1048 3136 1170 3191 Dirisen.
1190 3139 1208 3191 Ι.
1226 3139 1243 3193 i.
1263 3161 1289 3212 p.
1299 3141 1354 3193 884.
1362 3154 1380 3186 ³·

341 3215 395 3270 Sed
414 3216 465 3268 rid.
480 3236 549 3288 quae
567 3210 699 3290 congessit
717 3222 750 3274 de
768 3225 849 3276 servis
867 3244 1016 3299 eorumque
1046 3227 1116 3299 apud
1135 3228 1276 3281 Romanos
1299 3224 1380 3281 condi·

340 3308 413 3359 tione
433 3308 630 3360 Crenaerus
648 3308 676 3361 in
695 3309 839 3382 Antiquitt.
856 3313 964 3367 Romm.
986 3334 1011 3386 p.
1031 3318 1159 3369 34-24.
1184 3315 1226 3368 ed.
1245 3320 1271 3368 2.
1291 3312 1380 3386 praeci·

340 3414 393 3467 pne
419 3395 452 3449 de
472 3396 645 3450 dominorum
664 3396 692 3450 in
711 3418 799 3452 servos
817 3400 876 3453 iure
896 3422 922 3473 p.
932 3405 966 3456 64
975 3422 1013 3474 sq.
1033 3413 1058 3455 et
1076 3402 1106 3454 F.
1125 3400 1296 3457 Crenaers
1308 3401 1380 3454 Dent·

340 3482 402 3537 sche
428 3482 562 3538 Schriften
581 3483 627 3550 lV,
647 3488 672 3538 1.
722 3487 779 3551 Zur
802 3488 896 3541 Roem.
923 3488 1018 3544 Gesch.
1044 3490 1100 3543 und
1124 3488 1379 3548 Alterthnmskunde;

340 3571 405 3644 ibiq.
424 3571 444 3625 Ι.
463 3570 555 3627 Bticte
573 3573 624 3626 ani
637 3574 680 3627 die
698 3572 831 3628 Sitaverei
850 3576 887 3628 im
907 3576 978 3630 alten
996 3578 1075 3630 Rom.
1092 3598 1120 3648 p.
1138 3581 1248 3632 1-74.
1286 3580 1337 3631 Mr.

411 3661 504 3726 Servo]
541 3659 690 3728 „Quamvis
713 3660 830 3714 dominis
854 3664 882 3716 in
908 3683 1046 3717 serrorum
1075 3666 1138 3719 ritas
1165 3665 1206 3719 ins
1231 3677 1310 3732 esset,
1334 3678 1378 3715 1¹⁰⁰

341 3755 431 3798 tamen
450 3764 483 3798 eo
500 3746 558 3799 iure
574 3749 631 3800 sine
651 3766 741 3800 caussa
755 3759 782 3802 et
800 3750 903 3809 ratione
923 3753 960 3805 uti
980 3754 1132 3825 poterant.⁴'
1168 3752 1264 3807 Facc.

414 3834 504 3884 Conso
522 3833 609 3904 igitur
628 3835 710 3902 doec,
740 3855 792 3888 non
810 3849 913 3891 notura
932 3841 1078 3913 distinguit
1086 3842 1106 3908 :]
1143 3839 1208 3905 „Est
1229 3839 1307 3894 huius
1329 3855 1378 3891 sett-

342 3917 438 3971 tentiac
455 3916 522 3972 haec
539 3920 589 3973 viss
617 3921 699 3976 Recte
718 3943 769 3978 nec
796 3945 830 3979 ne
849 3928 909 3999 quis
928 3939 1065 4000 parentem
1084 3928 1242 3996 interficiat,
1266 3947 1319 3984 non
1341 3941 1379 3998 pet

341 4006 425 4077 ipsam
445 4017 568 4061 naturam
587 4009 761 4066 iudicandum
780 4026 832 4079 est,
850 4016 868 4069 i.
888 4037 911 4070 e.
933 4017 1004 4070 nude
1023 4028 1049 4070 et
1067 4016 1095 4068 in
1114 4018 1264 4083 abstracto,
1281 4016 1325 4071 sed
1340 4029 1378 4085 per

339 4112 455 4148 oausam
504 4093 590 4150 Causa
614 4109 702 4154 sutem
729 4101 781 4157 hoc
809 4105 871 4159 loco
899 4105 978 4159 habet
1002 4103 1137 4176 duplicem
1163 4105 1379 4176 significationen·

340 4181 462 4236 Primum
481 4183 554 4236 enim
573 4196 649 4240 notat
664 4188 706 4254 id,
738 4192 810 4263 quod
828 4192 908 4263 vulgo
928 4192 1025 4247 dicitur
1043 4193 1242 4248 circumstantia
1262 4193 1279 4246 i.
1299 4212 1321 4245 e.
1336 4198 1378 4242 sn·

340 4280 382 4323 tus
400 4282 426 4324 et
444 4270 563 4326 conditio
582 4293 688 4343 rerum,
707 4278 735 4330 in
755 4299 806 4352 qua
826 4279 921 4352 aliquis
939 4291 977 4334 est
995 4281 1028 4334 de
1046 4281 1177 4335 eiusmodi
1195 4281 1268 4336 iacto
1293 4275 1378 4333 delibe-

340 4372 416 4422 rans,
444 4356 524 4412 reluti
553 4362 675 4434 exemplo
699 4365 732 4418 de
758 4365 912 4438 Saguntinis
937 4388 992 4422 non
1021 4368 1178 4440 simpliciter
1206 4368 1376 4442 quaerebatur,

340 4440 405 4511 qnid
424 4452 519 4497 natura
537 4446 657 4511 iuberet,
691 4469 754 4504 nsm
773 4453 838 4507 haec
864 4456 982 4510 vetabat:
1010 4456 1055 4508 sed
1075 4476 1168 4523 cansa,
1199 4459 1217 4511 i.
1236 4478 1258 4510 e.
1278 4466 1376 4524 tempto
