3450 5342
523 1502 526 1508 ·
648 1468 1033 1554 Pnannarlo.

773 1672 903 1683 ...—

316 1876 536 2002 Quindecim
562 1921 638 1981 sunt
653 1919 741 1998 anni,
768 1921 810 1984 eri
834 1938 911 2002 quo,
939 1938 1039 2002 quum
1055 1920 1248 1985 Tusculanis
1267 1917 1370 1984 oden·

316 2040 364 2103 dis
397 2055 451 2102 me
488 2039 712 2117 accingerem,
751 2038 955 2104 edendorum
987 2041 1084 2106 simul
1117 2038 1370 2105 Paradoxorum

316 2157 489 2222 consilium
523 2156 605 2238 cepi.
673 2155 773 2221 Cuius
808 2159 937 2223 consilii
971 2176 1072 2225 causa
1102 2176 1169 2224 non
1203 2174 1270 2222 una
1297 2154 1368 2220 luit.

316 2277 550 2343 Ollerebantur
587 2274 667 2338 mibi
703 2275 822 2340 eodem
860 2280 1010 2361 tempore
1044 2297 1064 2344 a
1092 2277 1257 2364 Creuzero
1290 2290 1368 2337 meo

316 2404 382 2461 tres
407 2395 544 2462 Codices
567 2398 826 2480 manuscripti,
854 2414 923 2462 ncn
947 2398 995 2463 illi
1021 2398 1154 2479 quidem
1180 2392 1368 2478 pervetusti,

316 2516 375 2580 sed
400 2517 540 2594 saeculi,
567 2518 602 2578 ut
627 2515 774 2596 videtur,
801 2518 906 2600 quinti
932 2518 1070 2598 decimi,
1095 2515 1279 2591 chartacei,
1309 2511 1368 2576 sed

314 2636 463 2701 nondum
488 2636 600 2701 collati
624 2638 656 2698 et
681 2637 789 2717 primo
815 2637 972 2719 adspectu
1000 2655 1092 2720 spem
1115 2635 1271 2702 facientes
1293 2632 1367 2696 lore

315 2762 353 2820 nt
380 2754 504 2837 aliquid
537 2753 613 2819 inde
647 2755 758 2821 bonae
789 2755 892 2837 frugis
919 2775 939 2822 a
964 2757 1062 2837 nobis
1081 2753 1216 2836 excerpi
1241 2754 1369 2832 posset:

317 2890 403 2956 quae
428 2890 503 2956 spes
530 2888 598 2937 non
622 2873 720 2954 plane
747 2873 870 2939 fefellit.
923 2875 1132 2939 Accedebant
1147 2873 1274 2953 aliquoi
1298 2866 1370 2931 edi-

316 2997 422 3058 tiones
450 2997 596 3071 vcteres,
623 2993 744 3071 abiis,
770 2995 825 3074 qui
852 2995 961 3060 adbuc
986 2994 1157 3059 ediderant
1182 2989 1368 3064 Paradene,

317 3131 385 3178 non
412 3115 587 3195 inspectae,
615 3131 715 3195 quum
741 3114 775 3176 in
800 3115 884 3178 meis
910 3115 1012 3192 libris,
1034 3117 1104 3178 tum
1118 3111 1251 3179 aliunde
1277 3108 1369 3186 mibi,
1398 3166 1403 3197 ‚

316 3234 510 3316 praesertim
548 3250 591 3296 ex
623 3232 821 3297 bibliotheca
864 3227 1150 3313 Heidelbergensi',
1191 3231 1370 3294 liberaliter

318 3354 460 3432 oblatae,
487 3352 605 3433 quibus
629 3368 691 3432 pro
706 3370 743 3416 re
762 3354 842 3416 nata
862 3355 982 3416 uterer.
1034 3351 1100 3417 Sed
1123 3351 1188 3417 alia
1213 3352 1284 3414 erat
1311 3365 1368 3412 ea-

317 3490 383 3554 que
410 3469 543 3551 gravior
569 3485 686 3547 causa,
723 3486 788 3549 qua
815 3471 983 3549 permotus
1009 3470 1138 3535 iunctos
1162 3468 1260 3533 edere
1287 3483 1370 3531 con·

315 3590 487 3654 stitueram
512 3584 634 3664 libros,
657 3603 742 3666 quus
767 3585 854 3649 dixi:
883 3586 1016 3665 eadem,
1044 3589 1181 3670 opinor,
1208 3604 1292 3670 quae
1309 3602 1368 3651 ecs

315 3710 517 3788 coniungere
542 3706 635 3770 iussit
662 3703 848 3770 Schiilzium
877 3710 908 3771 et
935 3705 1105 3788 Orelllum,
1133 3712 1165 3772 et
1190 3708 1277 3771 bunc
1295 3707 1369 3788 qui-

317 3828 393 3891 dem
419 3841 487 3888 non
513 3823 651 3888 seorsim
675 3824 778 3888 modo
799 3825 926 3903 editos,
951 3825 1009 3889 sed
1035 3827 1152 3906 eliam,
1180 3826 1269 3909 quod
1291 3826 1369 3891 item

316 3948 441 4011 lecerat
466 3942 653 4022 Sebiitzius,
688 3943 721 4007 in
748 3961 887 4025 operum
912 3941 1080 4009 Ciceronis
1115 3947 1262 4010 omnium
1297 3946 1368 4009 edi-

236 4131 240 4138 ,
316 4070 416 4132 tione.
468 4065 660 4145 argumenti
682 4065 838 4129 nimirum
856 4070 927 4128 erat
948 4065 1110 4146 quaedam
1130 4067 1223 4147 quasi
1241 4083 1365 4144 cogna-

317 4190 382 4264 tio,
409 4206 475 4267 qua
496 4189 605 4250 motus
631 4184 698 4249 iam
724 4186 876 4249 trecentis
903 4184 972 4248 lere
1006 4185 1127 4249 abbinc
1160 4185 1253 4249 annis
1286 4186 1368 4250 seri-

315 4306 379 4387 psit
413 4305 540 4370 lason
566 4302 770 4369 Denores
806 4301 963 4384 Cyprius,
1001 4303 1034 4365 in
1062 4298 1302 4368 Institutione
1330 4300 1373 4367 in

321 4418 378 4489 M.
427 4419 541 4488 Tullii
586 4415 778 4486 Ciceronis
821 4415 1101 4510 Philosophiam
1140 4417 1185 4484 de
1221 4418 1298 4488 vila
1334 4431 1368 4486 el
