3450 5342
625 708 819 756 ιιιιυοιιοιι
846 711 876 756 v.
905 710 974 757 cm.
993 710 1041 756 nr.
1279 691 1352 765 255

299 890 376 923 nuru
391 869 495 939 coegit,-
524 866 630 921 Suerin.
655 869 754 920 servire
771 887 815 921 eas
834 868 937 938 coegit,
963 866 1034 920 Gud.
1055 867 1087 919 Α.
1104 865 1135 921 Β.
1160 888 1227 923 serv·
1249 876 1353 945 ,cogit

298 979 351 1012 eos.
372 959 445 1010 Fre.
468 955 626 1025 Sylvius,
645 955 690 1027 qui
710 955 743 1008 de
761 954 869 1008 veritate
889 953 1009 1008 lectionis
1029 955 1123 1008 veteris
1146 976 1188 1008 res
1213 958 1295 1028 (quae
1315 973 1354 1013 ta-

300 1066 362 1098 men
384 1047 456 1098 abest
475 1044 526 1097 iam
545 1044 579 1096 ab
598 1044 657 1096 Asc.
676 1046 756 1097 1511.
784 1043 852 1096 Vict.
878 1042 952 1108 all),
981 1063 1035 1095 non
1062 1042 1217 1109 dubitabat,·
1244 1044 1354 1115 esplicat

299 1153 358 1184 res.-
377 1132 413 1197 „i
433 1151 456 1183 e.
474 1129 574 1201 gloriae
593 1130 795 1200 acprovinciae
814 1130 972 1201 cupiditas.“
1017 1129 1101 1198 Quasi
1120 1149 1182 1184 vero
1202 1130 1298 1186 Cicero
1319 1134 1352 1186 ita

299 1223 375 1293 loqui
391 1219 488 1274 soleat!
523 1220 583 1274 Mr.

371 1310 419 1380 qui
436 1307 488 1358 sibi
504 1327 561 1360 esse
579 1306 737 1377 amplissimi
756 1307 916 1359 videbantur
924 1309 943 1375 :]
970 1307 1005 1375 „i
1025 1327 1048 1360 e.
1067 1307 1095 1360 L.
1114 1307 1272 1376 Lucullum,
1293 1307 1354 1365 Cos.

297 1395 458 1450 Consulatus
476 1395 548 1449 enim
564 1395 742 1466 amplissimus
762 1394 931 1464 magistratus
949 1407 1014 1450 erat.
1061 1394 1162 1449 Plurali
1187 1407 1275 1450 autem
1302 1418 1352 1469 pro

297 1484 424 1554 singulari
443 1503 506 1536 usus
524 1495 578 1549 est,
604 1494 632 1536 ut
652 1483 686 1535 sit
708 1481 882 1536 intellectio.“
907 1482 985 1538 Frc.
1007 1483 1097 1553 Sylv.
1143 1486 1352 1540 Intellectionem

297 1591 379 1642 quam
405 1571 484 1637 dicit,
511 1569 629 1640 intellige
654 1567 826 1640 συνεκδοχήν,
855 1571 889 1623 de
919 1590 972 1642 qua
997 1571 1097 1642 optime
1123 1575 1260 1645 praecepit
1278 1574 1312 1628 G.
1333 1577 1351 1628 1.

296 1659 406 1714 Vossius
424 1661 621 1712 Commentarr.
639 1657 750 1711 Rhetor.
770 1659 800 1712 P.
818 1658 849 1713 ll.
870 1677 930 1730 cap.
949 1663 975 1713 8.
994 1659 1040 1713 115.
1060 1659 1107 1713 lV.
1136 1680 1161 1731 p.
1179 1665 1230 1716 135
1250 1683 1290 1733 sq.
1309 1664 1352 1717 ed.

294 1748 326 1800 L.
349 1747 407 1800 Bat.
435 1748 515 1800 1545.
542 1751 569 1800 4.
588 1773 622 1784 -
658 1742 745 1797 Codd.
770 1742 830 1796 Crz.
849 1748 875 1797 1.
901 1745 995 1800 Duisb.
1024 1746 1084 1800 Bas.
1110 1746 1200 1802 Guell.
1229 1748 1301 1803 Gud.
1320 1751 1354 1802 Α.

294 1833 376 1885 Drsd.
395 1835 419 1886 3.
438 1836 467 1884 5.
485 1831 532 1883 Ed.
553 1833 613 1885 Asc.
632 1833 711 1885 1511.
736 1832 894 1901 amplissimi
912 1852 978 1886 esse.
1021 1835 1124 1889 Vocem
1148 1834 1199 1887 sibi
1224 1837 1350 1892 omittunt

295 1920 371 1973 Man.
392 1924 472 1976 1555.
492 1932 518 1973 et
536 1919 596 1972 Atd.
617 1921 701 1984 15523
728 1919 839 1971 verbum
861 1938 995 1973 essenon
1021 1920 1100 1976 habet
1119 1922 1200 1978 Drsd.
1218 1928 1243 1977 4.
1271 1924 1352 1996 idque

294 2010 370 2061 abest
388 2009 421 2060 ab
441 2008 509 2061 Edd.
529 2010 596 2060 Ven.
617 2009 695 2061 14⁹2.
715 2009 793 2060 1514.
830 2008 939 2078 Legitur
957 2008 1120 2062 videbantur
1136 2029 1193 2064 esse
1212 2011 1240 2063 in
1254 2009 1313 2066 Cra.
1327 2017 1352 2067 2.

297 2097 378 2149 Drsd.
398 2099 421 2150 1.
458 2096 517 2148 Mn.

369 2201 480 2235 munera
499 2184 632 2250 mittem]
653 2184 719 2238 cod.
737 2181 810 2236 Gud.
830 2183 860 2235 B.
882 2184 988 2236 mittere
1005 2184 1034 2237 in
1053 2188 1126 2252 uari,
1156 2206 1225 2257 quae
1242 2188 1353 2259 scriptio

296 2282 355 2324 orta
375 2282 413 2324 est
430 2289 459 2323 es
478 2269 592 2323 lectione
611 2272 718 2323 mittere
735 2288 846 2322 munera
866 2269 952 2324 Codd.
971 2274 1030 2327 Cra.
1049 2276 1075 2327 1.
1094 2273 1173 2327 Rern.
1194 2275 1259 2329 Edd.
1276 2279 1348 2333 Crat.

295 2359 389 2429 Magn.
408 2357 482 2410 llllan.
500 2358 571 2411 1155.
589 2368 741 2412 nostrarum
759 2357 819 2412 Ald.
838 2362 916 2414 1511.
935 2362 1012 2413 1552.
1031 2359 1131 2416 Sturm.
1150 2362 1224 2435 sylb.
1238 2364 1349 2418 Lambb.

295 2445 378 2500 Goth.
391 2445 424 2498 fl.
442 2444 530 2499 Wolf.
567 2444 597 2498 ln
617 2446 702 2499 Codd.
720 2446 801 2500 Drsd.
819 2450 845 2499 4.
864 2449 890 2500 5.
909 2457 947 2500 est
971 2458 1004 2499 et
1030 2451 1148 2519 coegit
1167 2451 1273 2502 mittere
1291 2466 1351 2503 mu-

294 2552 371 2589 nera.
414 2533 506 2603 Pergit
530 2533 596 2585 cod.
618 2533 698 2585 Drsd.
716 2537 743 2586 4.
766 2533 795 2585 ia
823 2551 880 2584 una
899 2544 975 2585 nocte
993 2535 1083 2587 venire
1101 2536 1139 2585 ad
1158 2555 1218 2588 eum
1238 2536 1350 2600 domans,

294 2620 413 2674 Drsd.&
433 2620 529 2673 omittit
546 2621 651 2672 domum
657 2640 667 2681 ,·
686 2621 758 2674 idem
777 2621 870 2674 aberat
888 2641 903 2673 a
923 2625 947 2674 1.
969 2640 1004 2676 ιιι.
1026 2622 1054 2674 15
1075 2641 1129 2675 555
1149 2621 1219 2675 Atdi.
1239 2622 1349 2687 Gud.B.

292 2708 377 2761 habet
400 2716 572 2779 nocteque:
601 2706 693 2761 Cral
720 2729 796 2780 apr.
816 2727 851 2762 ιιι.
878 2727 937 2761 nea
965 2720 1004 2761 tu
1033 2710 1121 2761 venire
1147 2728 1287 2762 munera
1313 2712 1351 2762 ad

293 2816 371 2860 erum,
388 2794 471 2849 altem
489 2796 601 2850 correxit
619 2805 701 2848 noctu
719 2823 755 2837 -
774 2795 889 2849 domum.
925 2796 997 2849 Tum
1016 2794 1089 2849 Gud.
1102 2796 1136 2848 Α.
1153 2796 1304 2865 supplicare
1322 2808 1349 2848 et

290 2885 407 2955 precari.
443 2882 493 2937 Ox.
510 2901 540 2945 ψ.
559 2884 703 2952 deprecari.
750 2882 857 2937 Sues-in.
880 2885 969 2937 venire
995 2894 1091 2948 noctu,
1115 2883 1220 2937 inverso
1246 2875 1340 2936 ordine

295 2973 356 3025 Cre.
374 2976 400 3024 2.
419 2970 517 3025 omittit
536 2971 657 3042 denique.
693 2968 724 3022 ln
742 2969 822 3022 Drsd.
840 2974 866 3024 5.
885 2981 922 3023 est
941 2971 1053 3044 denique
1068 2971 1255 3041 praeclare
1282 2990 1347 3040 sup-

289 3058 403 3127 plicare.
440 3056 481 3110 Ad
501 3058 580 3111 verba
599 3057 689 3111 laudat
706 3058 788 3129 Borg.
807 3059 864 3112 Cic.
884 3058 917 3111 de
936 3058 1024 3112 Amic.
1044 3061 1094 3113 162
1120 3057 1228 3128 precari
1253 3057 1288 3109 ab
1304 3059 1348 3110 in-

295 3147 393 3216 digna,
419 3146 580 3214 supplicare.
624 3147 685 3203 Rus.
714 3146 781 3217 Lup.
800 3147 819 3198 l.
843 3166 870 3216 p.
885 3151 934 3199 tu:
965 3146 1111 3215 supplicem
1135 3146 1250 3215 precari.
1288 3145 1347 3199 Mr.

294 3232 447 3304 „Equidem
473 3231 558 3285 nolim
584 3233 675 3286 abesse
694 3234 799 3286 domum
823 3234 958 3305 (quamvis
976 3233 1062 3286 deleat
1081 3231 1195 3302 Bentl.):
1220 3232 1350 3286 servitutis

291 3320 365 3374 enim
384 3318 510 3383 ollensio,
529 3319 619 3372 nescio
638 3320 785 3390 quomodo,
805 3320 854 3373 ltac
872 3320 961 3374 addita
980 3339 1044 3373 voce
1061 3322 1203 3389 augetur.“
1220 3319 1348 3373 Gernls.

365 3410 442 3476 Quae
462 3400 580 3457 servitus
598 3416 654 3470 est,
671 3406 696 3456 si
713 3405 780 3456 haec
797 3403 909 3457 libertas
922 3407 969 3473 —]
989 3407 1092 3459 Vocem
1106 3415 1148 3455 est
1160 3405 1257 3459 omittit
1275 3404 1347 3458 Gud.

290 3497 325 3548 Α.
364 3491 456 3561 Pergit
473 3489 524 3543 Os.
542 3499 578 3541 at
596 3491 636 3550 εἰς
664 3490 715 3544 Os.
731 3509 761 3554 u.
779 3491 829 3542 hoc
848 3508 898 3562 pro
922 3491 1003 3553 Isaac,
1029 3508 1092 3543 cum
1112 3488 1184 3543 Gud.
1202 3490 1235 3544 B.
1278 3490 1348 3543 Tum

291 3580 354 3634 Cra.
375 3582 401 3631 1.
420 3577 554 3629 extimari.
573 3601 575 3605 ·
591 3578 650 3630 Cra.
670 3583 694 3631 2.
711 3587 801 3648 potest
819 3577 979 3630 existimari.
998 3575 1112 3628 5115.-
1147 3573 1258 3643 „Quid'
1290 3593 1348 3627 cum

289 3667 490 3738 cupiditatum:
509 3662 557 3717 Sic
575 3682 654 3718 unus.
689 3664 782 3734 Quid?
801 3684 861 3717 cum
879 3664 1053 3735 cupiditatis,
1072 3671 1142 3717 octo.
1178 3659 1272 3732 Quid?
1287 3679 1348 3715 eum

293 3756 444 3826 cupiditas,
472 3762 581 3823 septem.
627 3753 722 3823 Quid?
751 3773 811 3806 cum
830 3754 1010 3822 cupiditates,
1039 3770 1117 3805 unus.
1162 3750 1237 3820 Quid
1254 3750 1351 3818 dicam,

288 3862 351 3896 cum
371 3841 521 3910 cupiditas,
540 3841 638 3894 unus.“
656 3839 729 3894 Atd.
748 3840 800 3895 lVla
811 3861 837 3894 5.
875 3840 922 3895 Est
933 3838 1094 3910 cupiditatis
1111 3839 1138 3891 in
1152 3836 1237 3892 codd.
1256 3837 1347 3893 Guell.

291 3931 352 3983 Cra.
370 3933 396 3982 4.
416 3934 441 3981 2.
466 3925 532 3980 On.
560 3927 579 3981 1.
604 3927 637 3980 Ν.
663 3945 694 3990 ψ.
718 3928 813 3983 Duisb.
839 3929 912 3982 Gud.
940 3927 972 3980 Α.
992 3927 1023 3979 Β.
1052 3926 1132 3980 Drsd.
1152 3931 1177 3978 2.
1201 3930 1227 3979 4.
1257 3927 1346 3981 variet.

289 4015 383 4087 Magn.
399 4015 467 4068 Edd.
487 4015 557 4068 Vict.
576 4026 602 4068 et
620 4014 688 4068 1155.
706 4015 813 4088 Steph.;
837 4017 865 4070 iu
886 4017 947 4070 Asc.
967 4018 1046 4069 1511.
1066 4025 1105 4066 est
1129 4013 1282 4065 dominatus
1300 4033 1348 4066 cu·

287 4104 411 4175 piditass
438 4103 467 4155 in
486 4101 566 4154 Drsd.
585 4105 611 4154 1.
630 4105 655 4156 3.
676 4103 829 4158 dominatus
847 4103 1024 4174 cupiditatis,·
1055 4100 1135 4155 Drsd.
1154 4105 1181 4156 5.
1209 4100 1347 4169 cupidita-

289 4189 365 4242 tibus
377 4190 539 4241 dominatus.
574 4188 712 4243 Bentlsius
728 4190 830 4245 exhibet
849 4191 941 4262 Quid?
960 4209 1019 4242 cum
1037 4189 1224 4260 cupiditas
1242 4187 1347 4240 domi-

289 4288 380 4329 natu
407 4277 536 4339 excessit;
561 4276 589 4327 in
608 4275 657 4330 Ox.
676 4276 708 4330 E.
735 4289 772 4331 est
796 4280 935 4347 cupiditas
963 4277 1133 4336 dominatum
1162 4273 1211 4328 Ox.
1230 4274 1262 4327 N.
1278 4275 1346 4327 illa

289 4363 447 4432 cupiditas
466 4363 628 4418 donsinatus.
665 4363 706 4417 Ad
725 4365 885 4418 sententiam
905 4365 978 4421 Fre.
998 4363 1156 4434 Sylvius:
1186 4382 1267 4429 „cum
1288 4365 1346 4434 quis

290 4447 435 4521 pecuniam
454 4459 499 4503 aut
517 4448 659 4520 imperium
679 4469 735 4504 non
755 4451 829 4522 cupit
841 4450 964 4522 amplius,
982 4451 1027 4503 sed
1045 4451 1156 4523 adeptus
1174 4450 1345 4506 estiniuste.“
