3450 5342
336 667 411 741 360
755 685 916 733 ssxcuusus
944 685 979 731 x.

337 851 386 905 sed
402 861 493 902 tamen
511 848 581 900 servi
599 847 730 900 atrienses
749 857 814 898 actu
832 847 895 916 pari
920 844 1000 897 stult.
1020 859 1087 896 suae
1106 851 1190 908 sunt,
1219 859 1291 914 quos
1314 843 1391 914 signu,

338 959 404 1013 quos
422 935 536 990 tabulae
552 947 603 993 etc.

408 1040 532 1112 Herwag.
576 1043 670 1113 Atque
695 1069 730 1080 -
753 1040 826 1112 sam.
851 1038 999 1091 stultorum
1018 1055 1040 1090 e.
1069 1036 1108 1090 ul.
1134 1035 1209 1088 luut.
1236 1046 1271 1087 ut
1299 1054 1322 1089 s.
1344 1034 1390 1088 vid.

336 1129 420 1195 serui,
438 1146 462 1182 ε.
480 1138 501 1183 t.
518 1147 542 1181 s.
561 1129 706 1192 atrienses,
731 1137 795 1179 autu
814 1126 877 1195 puri
901 1125 980 1180 stult.
1008 1134 1090 1191 sunt,
1117 1141 1189 1195 quos
1213 1125 1308 1196 signa.
1352 1120 1389 1175 sic

303 1243 307 1247 ·
338 1217 415 1272 etiam
435 1215 541 1270 Camer.
560 1215 605 1270 sed
624 1215 720 1270 omisso
739 1224 771 1267 ut
791 1224 852 1285 post
869 1223 963 1285 atque.
1296 1205 1299 1211 '

411 1337 479 1392 ses.
498 1336 560 1393 Au.
579 1339 659 1391 ιω.
678 1340 758 1392 1⁵52.
774 1336 888 1390 Lamus.
910 1321 991 1389 Goth.
1008 1332 1118 1389 sturm..

410 1442 506 1513 Atque
524 1450 557 1492 ut
581 1441 610 1492 in
629 1458 728 1513 magna
751 1441 864 1512 familia
891 1440 1086 1493 stultorum
1103 1447 1172 1491 sunt
1191 1438 1233 1491 ul.
1259 1438 1342 1502 lunt..
1364 1447 1390 1488 ut

338 1528 389 1582 sibi
406 1529 546 1592 videntur,
565 1529 648 1595 servi,
673 1530 733 1581 sed
749 1540 840 1581 tumen
859 1528 930 1581 servi
947 1528 1095 1592 atrienses,
1126 1543 1169 1577 ae
1187 1534 1229 1578 tu
1247 1525 1313 1596 pari
1328 1522 1389 1577 stul·

339 1617 418 1684 titia,
438 1636 504 1688 quos
522 1616 617 1687 signa,
637 1637 703 1689 quos
721 1612 832 1669 tabulae
850 1629 900 1670 etc.

409 1722 459 1776 Ed.
477 1722 539 1775 Par.
576 1723 643 1776 543:

408 1811 503 1881 Atque
521 1724 600 1861 ut1in
618 1787 803 1881 mugnu'fuin.
821 1807 909 1863 stult..
927 1815 991 1859 sunt
1009 1803 1059 1856 ulii
1075 1803 1148 1857 iaut.
1168 1811 1217 1870 (ut
1236 1801 1292 1855 sibi
1307 1801 1387 1853 uiden-

339 1899 399 1962 tur)
417 1898 527 1963 servi,
551 1897 600 1949 sed
623 1906 714 1949 tumen
732 1896 840 1961 servi,
865 1894 1024 1956 Attienses,
1049 1909 1082 1943 ac
1107 1901 1157 1942 tu:
1185 1891 1254 1960 puri
1276 1887 1387 1942 stultitia

339 1984 434 2036 servi
453 1995 519 2036 sunt
537 2003 604 2056 quos
621 1985 717 2056 signu,
738 2004 804 2058 quos
822 1983 949 2040 tabulae.
968 2000 1034 2052 quos
1053 1978 1193 2031 caelatum
1212 1997 1276 2051 urg.
1294 1988 1342 2033 etc.

409 2103 476 2158 Edd.
496 2103 751 2162 Atd.1548.Bou1.
772 2103 899 2160 Cratand.

410 2192 505 2262 Atque
523 2223 558 2232 -
576 2194 736 2260 stultorum,
760 2205 826 2246 sunt
845 2192 895 2245 alii
917 2194 987 2245 luut.
1009 2193 1056 2256 (ut
1074 2188 1125 2242 sibi
1144 2188 1216 2257 vid.)
1236 2190 1321 2254 serui,
1346 2186 1386 2239 sed

339 2286 429 2327 tamen
446 2278 525 2330 servi.
550 2280 692 2334 Attienses
710 2301 743 2334 uc
761 2291 808 2349 tu,
825 2283 889 2352 pari
906 2279 1030 2335 stultitia
1047 2286 1148 2343 sunt,
1168 2295 1239 2349 quus
1257 2287 1307 2331 etc.

410 2379 459 2433 Ed.
479 2380 548 2437 And.
565 2383 673 2438 Talaei:

412 2470 522 2542 Atque,
547 2482 580 2523 ut
597 2473 627 2525 in
653 2492 753 2545 magna
766 2474 895 2545 familia,
922 2483 987 2528 sunt
1005 2471 1056 2523 atii
1073 2470 1163 2535 luut.,
1192 2471 1241 2534 (ut
1260 2468 1382 2532 sitivit.)

339 2557 418 2625 servi,
437 2558 486 2611 sed
501 2569 590 2613 tamen
606 2561 677 2613 serui
693 2561 825 2615 atrienses
842 2579 876 2615 ae
894 2572 926 2614 tu
943 2560 1006 2631 puri
1023 2556 1149 2610 stultitia
1169 2566 1248 2622 sunt,
1267 2575 1330 2629 quus
1341 2565 1381 2608 etc.

410 2680 478 2734 Edd.
496 2681 588 2734 Lamb.
608 2679 705 2736 Colon.
722 2682 753 2736 Η.
773 2683 860 2737 Wott.
880 2695 906 2737 et
924 2700 1008 2752 marg·
1028 2679 1098 2733 And.
1116 2678 1177 2736 Tat.

411 2771 506 2843 Atque
524 2798 558 2808 —-
572 2770 688 2841 familia
706 2781 771 2822 sunt
790 2771 840 2821 alii
857 2772 943 2834 qut.,
962 2779 993 2821 ut
1012 2767 1065 2820 sibi
1082 2767 1230 2824 videntur,
1249 2768 1325 2832 servi,
1342 2766 1381 2818 sed

340 2859 517 2923 tamensem,
529 2867 562 2909 ut
573 2857 721 2910 atrienses:
739 2859 789 2910 ulii
806 2859 984 2930 inferiore
1003 2856 1095 2918 loco,
1114 2865 1154 2906 ut
1174 2852 1383 2906 mediastini:

340 2944 508 3003 siestulti
526 2944 657 3015 quidem
675 2965 799 3013 omnes,
827 2959 864 2999 ut
891 2958 938 3012 tu,
962 2963 1068 3016 pares
1095 2942 1188 2994 inter
1212 2961 1248 2994 se
1272 2941 1383 2994 stulti·

340 3030 369 3080 ti
374 3048 392 3080 a
409 3040 505 3092 sunt,
525 3030 574 3081 sed
587 3031 673 3082 maior
689 3050 779 3084 eorum
798 3035 922 3087 stultitia
941 3043 997 3100 est,
1017 3049 1084 3104 quos
1102 3031 1198 3102 signa,
1216 3042 1269 3085 eie.

384 3191 386 3194 .
414 3147 465 3201 Ed.
483 3147 678 3220 Sylburgianat

413 3235 507 3307 Atque
527 3247 601 3288 ut-
605 3239 721 3310 familia
739 3241 894 3307 stultorum,
915 3252 980 3294 sunt
990 3242 1039 3294 alii
1057 3242 1128 3295 laut.
1141 3254 1175 3295 ut
1188 3242 1242 3296 sibi
1260 3241 1382 3302 viduant,

341 3323 389 3375 sed
405 3332 495 3376 tamen
512 3326 596 3390 serui,
627 3328 772 3396 atrienses,
801 3349 839 3381 nc
858 3331 1028 3401 topiarii,
1057 3330 1198 3382 stultitiae
1225 3351 1306 3398 suae,
1330 3346 1382 3402 quos

340 3411 419 3482 signa
437 3424 488 3466 etc.
984 3409 992 3421 ³

409 3517 477 3570 Edd.
499 3518 577 3574 Grut.
593 3520 700 3576 Schrev.
718 3521 863 3576 Gronovii:

410 3606 505 3677 Atque
522 3618 555 3660 ut
573 3610 601 3661 in
620 3629 653 3664 m.
672 3612 820 3664 stultorum
834 3612 948 3684 familia
967 3622 1033 3664 sunt
1051 3612 1101 3662 ulii
1121 3612 1195 3667 Iaut.
1215 3615 1262 3677 (ut
1287 3611 1334 3666 sibi
1350 3611 1383 3662 ui·

340 3691 451 3755 deutur)
470 3695 556 3760 servi,
573 3696 621 3747 sed
638 3706 728 3750 tumen
746 3701 824 3763 servi,
842 3701 973 3753 atrienses
988 3718 1021 3751 ac
1035 3700 1148 3769 topiarii
1163 3702 1382 3755 stultitiuesuue:

340 3797 406 3847 quus
424 3780 504 3849 signu
522 3807 558 3820 -
576 3792 626 3834 etc.

410 3881 478 3936 Edd.
496 3883 591 3939 Graev.
608 3886 691 3940 Verb.
713 3887 809 3944 Olivet.
828 3892 893 3945 Ern.
912 3894 991 3948 Face.
1008 3893 1092 3966 Borg.
1111 3894 1228 3948 Nobbii:

409 3973 503 4044 Atque
522 3985 554 4026 ut
573 3974 602 4027 in
626 3993 725 4048 magna
737 3978 813 4049 sum.
830 3991 894 4033 sunt
914 3982 964 4033 ulii
981 3983 1071 4048 taut,
1105 3993 1138 4033 ut
1157 3983 1211 4035 sibi
1229 3985 1300 4048 vid„
1316 3979 1383 4039 servi,

338 4058 385 4109 sed
401 4068 490 4110 tumen
515 4062 601 4127 serui,
625 4064 758 4118 atrienses
775 4085 808 4118 ac
826 4068 952 4138 topiarii:
978 4069 1042 4138 pari
1068 4071 1201 4122 stultitia
1225 4082 1307 4138 sunt,
1329 4084 1384 4140 quos

338 4145 417 4215 signu
435 4158 485 4200 etc.

408 4270 436 4321 ln
457 4269 635 4325 diiudicandis
653 4274 769 4328 virorum
788 4277 943 4332 criticorum
960 4281 1013 4332 sive
1031 4281 1170 4334 sententiis
1190 4282 1243 4335 sive
1258 4299 1384 4335 cominen-

338 4353 368 4404 tis
379 4356 478 4451 ‘paucis
487 4357 595 4429 defungi
615 4359 711 4416 iicebit.
748 4364 797 4416 Vix
808 4377 846 4422 est
858 4367 930 4438 quod
940 4368 1068 4434 dicamus,
1090 4367 1198 4440 placere
1210 4391 1287 4444 posse
1296 4366 1383 4424 nemini

337 4450 466 4494 tutionem
482 4445 502 4493 V
512 4445 619 4501 icturi
631 4450 653 4514 i,
674 4449 885 4524 camerarii,
905 4456 1041 4530 Langii,
1061 4471 1089 4512 ut
1104 4460 1212 4514 mireris
1224 4462 1312 4527 etiam,
1326 4458 1383 4510 viros
