3450 5342
498 681 736 731 eaomeouuut
763 682 805 727 tt)
835 680 1005 730 CICERONIS
1032 683 1217 733 ramnum.
1319 683 1384 730 XXV

639 839 1066 921 .PROLEGOMENA

837 1007 879 1052 AB

374 1206 378 1213 ,
461 1064 824 1237 Ι(ῑιοΕιιοΝιε
854 1109 1211 1204 rensuum.

377 1266 382 1271 Ι
404 1270 533 1338 Editurus
550 1283 624 1338 hunc
636 1284 757 1338 libellum
777 1304 809 1339 eo
826 1287 949 1352 consilio,
966 1296 997 1340 ut
1014 1283 1144 1338 haherent
1158 1283 1271 1337 lectores
1288 1284 1388 1354 optima

332 1391 459 1444 quaeque
478 1391 533 1425 uno
550 1374 624 1442 quasi
644 1373 787 1426 oculorum
806 1374 904 1428 obtutu
923 1373 1082 1445 spectanda,
1102 1391 1171 1443 quae
1190 1371 1277 1423 adhuc
1294 1389 1310 1423 a
1330 1371 1390 1424 viris

333 1459 492 1513 doctissimis
509 1471 595 1513 essent
621 1459 660 1512 rel
679 1472 785 1532 reperta
814 1462 853 1514 rel
873 1461 1050 1515 coniectando
1074 1460 1190 1530 prolata,
1223 1459 1310 1512 lacere
1336 1476 1390 1511 non

334 1547 426 1618 potui,
446 1547 512 1619 quin
531 1550 611 1600 etiam
627 1547 793 1619 inquirerem
812 1549 839 1602 in
858 1568 904 1615 ea,
935 1568 1004 1621 quae
1023 1548 1126 1601 dudum
1146 1548 1178 1600 ab
1207 1546 1315 1599 aliis-de
1332 1549 1392 1596 Po-

334 1634 498 1686 radoaorum
517 1634 607 1689 libello
636 1636 758 1688 universe
783 1636 886 1708 prolata
913 1647 1014 1703 essent,
1043 1648 1068 1689 et
1088 1655 1162 1689 nunc
1186 1654 1248 1690 cum
1278 1635 1390 1687 maxime

335 1739 388 1791 pro
407 1722 474 1774 reris
491 1720 667 1788 haberentur,
686 1723 776 1777 addito
796 1743 857 1776 meo
875 1725 1058 1796 qualicunque
1076 1724 1184 1777 iudicio.
1221 1722 1304 1790 Quod
1323 1723 1387 1775 dum

334 1807 427 1860 facere
445 1807 569 1876 instituo,
595 1820 747 1882 temporum
779 1811 902 1864 ordinem
928 1812 1004 1883 aequi
1030 1811 1124 1877 libuit,
1147 1811 1183 1865 ita
1212 1812 1335 1882 quidem,
1363 1823 1392 1862 ut

338 1894 421 1948 totius
445 1895 631 1968 disputationis
657 1899 731 1969 quasi
758 1899 963 1953 fundamentum
985 1919 1015 1952 ea
1042 1899 1255 1970 praemitterem,
1283 1916 1352 1969 quae
1378 1916 1392 1950 a

337 1982 622 2053 wyttenbachio
641 1986 668 2038 in
687 1986 784 2041 scholis
802 1999 889 2042 esseut
907 1988 991 2058 posita
1011 1986 1212 2058 elegantissime,
1232 1983 1324 2055 hisque
1343 2003 1393 2037 an-

339 2083 491 2138 necterem,
510 2091 579 2144 quae
597 2073 630 2125 de
648 2075 752 2127 nomine
769 2075 869 2144 libelli,
886 2077 919 2130 de
938 2086 1070 2146 tempora,
1089 2075 1122 2126 de
1137 2074 1258 2137 consilio,
1278 2072 1410 2142 deniquex

339 2157 373 2209 de
391 2171 551 2228 argumento
569 2162 647 2215 etde
666 2163 898 2233 inscriptionibus,
927 2163 966 2216 rel
985 2163 1070 2216 aliena
1091 2162 1129 2215 vel
1149 2173 1255 2227 nostra,
1281 2160 1314 2213 ad
1338 2180 1394 2212 rem

339 2245 429 2300 facere
449 2247 611 2300 riderentur.
653 2247 692 2302 lta
713 2249 796 2322 igitur
814 2248 1128 2322 wyttenbachius:
1147 2248 1188 2315 „E
1213 2246 1396 2301 Ciceronianis

340 2334 415 2388 libris
433 2334 477 2388 hic
496 2354 565 2389 unus
583 2338 706 2391 omnium
725 2340 894 2393 brevissimus
917 2341 1042 2411 idemque
1069 2339 1143 2410 quasi
1168 2337 1311 2408 sapientiae
1338 2334 1395 2388 elo-

342 2423 522 2494 quentiaeque
540 2424 672 2478 delibatus
690 2426 740 2479 flos
758 2440 807 2481 est:
828 2429 930 2500 quippe
947 2427 1014 2481 illud
1033 2428 1060 2480 in
1081 2446 1112 2478 eo
1131 2425 1234 2495 agitur,
1261 2435 1289 2476 ut
1308 2422 1393 2495 philo-

341 2509 450 2581 sophiae
470 2511 577 2564 moralis
595 2512 702 2567 decreta
722 2517 835 2570 manime
853 2518 977 2570 sublimia
1004 2528 1029 2568 et
1048 2533 1128 2586 supra
1153 2512 1288 2583 vulgarem
1308 2510 1396 2563 homi·
1424 2513 1426 2517 '

341 2617 409 2650 num
436 2619 543 2652 sensum
569 2611 732 2674 captumque
757 2606 855 2675 posita,
883 2605 1011 2658 orationis
1036 2599 1269 2656 commendatione
1297 2597 1397 2668 proba·
1503 2606 1504 2612 ’

341 2685 406 2737 hilia
425 2686 582 2741 reddantur.
619 2689 673 2741 Sed
692 2690 725 2743 de
743 2702 858 2762 tempore
878 2704 903 2746 et
922 2694 955 2746 de
974 2711 1071 2763 genere
1089 2689 1170 2743 libelli
1196 2687 1317 2741 nondum
1337 2686 1398 2739 satis

341 2783 380 2826 est
397 2773 519 2843 expedita
537 2776 615 2831 ratio.
652 2774 693 2830 Ae
710 2781 828 2851 primum
848 2782 958 2852 quidem
977 2781 1010 2833 de
1029 2790 1158 2846 tempore,
1183 2795 1238 2847 quo
1257 2774 1300 2826 hic
1319 2774 1396 2827 libel-

341 2861 382 2913 lus
400 2862 517 2932 scriptus
534 2873 586 2928 est,
607 2882 662 2917 non
681 2877 720 2921 est
736 2867 929 2934 dubitandum,
949 2869 1014 2940 quin
1034 2878 1099 2921 tunc
1117 2863 1204 2917 adhuc
1223 2861 1397 2926 vixeritCato,

343 2950 444 3021 quippe
463 2949 496 3002 de
515 2968 547 3005 eo
565 2951 661 3006 diserte
680 2952 792 3021 Cicero,
813 2967 840 3009 ut
860 2956 893 3009 de
912 2957 984 3022 rivo,
1012 2953 1139 3027 loquitur.
1184 2951 1284 3015 Porro,
1314 2969 1397 3021 quum

344 3037 441 3092 Cicero
460 3039 567 3106 scribit,
592 3060 620 3093 se
646 3042 737 3112 paulin
755 3055 831 3097 antea
858 3047 944 3098 maius
968 3064 1036 3116 opus
1061 3040 1094 3096 ad
1114 3041 1227 3092 Brutum
1257 3038 1398 3108 scripsisse,

344 3127 425 3196 idque
443 3128 493 3191 „in
511 3130 594 3180 Bruti
609 3131 737 3181 nomine“
756 3134 952 3204 comparuisse,
983 3132 1107 3204 prolecto
1135 3147 1191 3180 non
1215 3126 1296 3179 alium
1313 3126 1399 3196 signi·

344 3212 406 3267 sicat
423 3213 532 3280 librum,
553 3215 604 3268 nisi
623 3221 742 3270 Brutum
758 3238 779 3273 ss
794 3220 825 3272 de
842 3222 929 3273 Oloris
943 3219 1104 3273 Oratoribus
1114 3215 1148 3286 l).
1185 3215 1267 3286 Atqui
1287 3216 1400 3285 scriptus

345 3313 382 3356 est
401 3301 446 3355 hic
463 3302 545 3370 liber,
577 3304 688 3372 Brutus,
715 3327 739 3359 a.
759 3309 793 3362 U.
813 3329 837 3363 c.
855 3315 924 3375 tot,
954 3307 1094 3362 Ciceronis
1117 3304 1278 3374 sexagesimo
1303 3302 1399 3374 primo,

336 3389 562 3469 insumemus,
591 3412 674 3464 quum
695 3394 794 3449 Caesar
811 3398 935 3451 aduersus
953 3397 1124 3468 Scipionem,
1150 3393 1285 3446 Petreium
1311 3403 1337 3444 et
1357 3391 1400 3442 lu·

417 3593 441 3657 ’)
461 3588 563 3644 lason
582 3592 759 3662 Denores,
785 3597 813 3648 in
842 3596 956 3648 lnstitut.
982 3595 1008 3647 in
1025 3592 1175 3647 Ciceronis
1200 3588 1398 3661 Philosophiam

345 3664 376 3715 de
396 3662 521 3716 M⁰¹lb¹¹³
538 3663 622 3736 (Lll‘h
640 3669 720 3720 ΠΗ·
738 3668 777 3736 8.)
796 3688 821 3739 p.
835 3672 870 3721 25
883 3688 922 3739 sq.
941 3664 1177 3727 atinensentiehat,
1198 3662 1303 3714 dicens:
1323 3664 1401 3727 „Pu-

346 3735 449 3817 radoxa
469 3734 534 3786 nihil
553 3735 624 3818 aliud
642 3751 717 3802 sunt,
737 3759 817 3810 quam
837 3759 887 3792 ceu
906 3739 982 3791 index
1013 3739 1120 3809 quidam
1149 3733 1256 3788 brevior
1282 3744 1306 3786 et
1325 3732 1399 3816 quasi

346 3805 1400 3947 tttittntt‘tltdilituit„ltili?ittiititfflssstttit0⁵3.

348 3966 409 4000 cero
429 3949 458 4000 in
477 3968 571 4002 eorum
593 3952 757 4019 praefatione
778 3954 885 4006 dicenss
911 3954 982 4004 iliud
1005 3954 1135 4004 rumorum
1160 3951 1316 4020 uigiliarum
1342 3966 1402 3997 nsu-

349 4038 412 4076 twss
439 4039 494 4090 quo
512 4020 624 4092 intelligi
643 4023 698 4076 vult
718 4026 904 4088 Uescularius,
932 4024 1031 4094 pariter
1053 4024 1091 4073 orl
1112 4026 1227 4074 Brutum
1251 4019 1285 4071 de
1308 4017 1399 4070 iisdem

348 4092 427 4143 rebus
444 4093 498 4144 iam
517 4093 637 4162 scriptas,
656 4106 683 4148 et
700 4092 753 4148 hoc
768 4095 968 4148 Paradosorum
983 4093 1142 4165 opusculum
1161 4090 1275 4145 alterum
1295 4088 1401 4141 alterius

349 4179 479 4215 summam
499 4165 634 4234 quandam
654 4185 708 4218 esse
728 4166 875 4219 breviorem
888 4186 1004 4219 asserere
1021 4166 1149 4218 videtut·.“
1185 4162 1238 4215 Sed
1255 4158 1402 4212 det‘uscu-

349 4232 431 4298 lanis,
458 4255 623 4307 quamquam
641 4237 674 4289 ad
697 4236 809 4290 Brutum
829 4238 947 4308 scriptis,
975 4257 1029 4289 non
1051 4246 1153 4307 poterat
1182 4233 1286 4312 dicere,
1311 4247 1355 4280 eas
1372 4230 1401 4280 in

350 4304 433 4356 Bruti
457 4310 560 4358 normae
583 4308 770 4376 cnrnpuruisse.
816 4308 930 4380 Scripsit
956 4320 1045 4363 tamen
1073 4307 1152 4359 etiam
1179 4300 1345 4354 Faccrolatus
1368 4300 1400 4354 ad

349 4376 427 4429 verba
450 4379 579 4430 ariolorum
598 4379 753 4448 vigiliarum
771 4399 852 4448 opus:
872 4373 1252 4448 „TusculanasQuaestiones,
1272 4373 1353 4425 libros
1370 4374 1403 4425 de

349 4446 461 4501 Finibus
480 4460 505 4503 et
525 4449 557 4502 de
575 4449 676 4503 Natura
697 4448 845 4503 Deorum.“
