3450 5342
615 692 813 742 rinaooxon
835 693 866 739 v.
897 692 966 741 our.
990 693 1012 739 ι.
1135 720 1138 724 -
1265 671 1338 749 213

287 854 442 926 typothetae
472 862 591 908 errorem
624 852 671 905 avi
695 871 746 924 pro
772 852 832 903 cui:
864 849 1040 904 Gernbardus
1067 849 1121 903 duo
1154 848 1338 924 interrogandi

283 961 359 1030 signa
380 958 413 1011 de
431 979 479 1012 suo
498 957 605 1011 addidit.
641 955 710 1009 lllud
728 955 775 1008 avi
793 973 855 1010 cum
875 955 1052 1026 exscripserit,
1077 954 1147 1008 bene
1171 964 1262 1009 tamen
1281 978 1335 1013 noo

284 1046 420 1117 exscripsit
437 1045 548 1099 similem
567 1045 594 1097 in
615 1043 665 1096 Ed.
681 1042 830 1097 Graeciano
848 1062 983 1109 errorem,
1003 1062 1058 1115 quo
1077 1042 1173 1116 aliquis
1186 1043 1277 1116 ,possit
1294 1045 1337 1099 in·
1450 1103 1453 1109 ,

284 1133 361 1197 duel,
393 1143 422 1186 ιιι
446 1132 536 1187 credat
554 1132 652 1184 :lidum
674 1129 748 1183 Man.
777 1141 804 1183 et
825 1128 914 1201 ipsum
937 1130 1031 1201 legisse
1056 1141 1082 1184 et
1108 1131 1136 1185 in
1155 1130 1337 1204 duodeviginti

285 1217 432 1274 Codicibus
460 1220 588 1291 reperisse
615 1219 735 1291 referent
759 1237 810 1290 pro
841 1218 978 1290 refrenet,
1004 1218 1077 1290 quod
1102 1217 1223 1290 proximi
1248 1221 1338 1292 sequi-

283 1317 329 1359 tor
347 1306 423 1359 linea.
469 1305 522 1360 Sed
551 1306 650 1360 babent
675 1305 804 1378 quomodo
829 1314 936 1363 autem,
965 1304 1063 1359 omisso
1082 1307 1139 1371 cui,
1166 1302 1255 1361 Codri.
1271 1306 1337 1361 Oroi.

283 1412 309 1447 a.
328 1410 370 1458 ψ.;
390 1413 442 1465 qua
459 1395 534 1446 modo
552 1406 669 1446 autem
688 1403 740 1446 aut
758 1393 817 1459 oui,
835 1411 897 1447 cum
916 1403 1018 1465 septem
1039 1391 1091 1446 illis
1106 1392 1240 1463 Manutii,
1265 1394 1336 1449 erbi-

282 1481 330 1535 het
353 1480 420 1535 Cod.
445 1480 505 1535 Cra.
529 1485 569 1546 1.;
602 1481 629 1535 in
655 1479 714 1534 Cra.
735 1484 761 1534 2.
785 1490 837 1533 est:
873 1481 1003 1552 quomodo
1033 1490 1085 1532 aut
1113 1482 1255 1534 taudem
1284 1486 1335 1541 cui.

282 1567 363 1620 Drsd.
381 1573 406 1621 Ἄ.
427 1568 506 1622 babet
524 1589 577 1641 quo
598 1570 673 1622 modo
689 1577 823 1638 potest,
852 1569 901 1640 qui
918 1588 970 1621 non
985 1577 1091 1637 potest,
1109 1570 1211 1624 omissis
1234 1572 1336 1628 mediis.

282 1652 363 1708 Drsd.
383 1658 407 1709 3.
424 1660 452 1711 4.
471 1655 542 1710 Gud.
561 1656 591 1710 B.
611 1676 663 1729 quo
682 1656 757 1708 modo
774 1656 893 1726 igitur
911 1667 962 1708 aut
981 1655 1033 1711 oui.
1068 1656 1150 1712 Drsd.
1169 1663 1194 1713 5.
1220 1659 1336 1730 impera-

284 1741 455 1796 bitanimo
473 1742 598 1795 libero·
633 1741 693 1794 Bas.
713 1741 757 1792 cui
774 1741 856 1794 libero
875 1743 984 1794 tandem
1002 1744 1055 1798 bio.
1092 1743 1122 1796 M
1132 1765 1153 1797 r.

358 1831 403 1881 cui
421 1859 453 1869 -
473 1830 565 1897 libero]
603 1829 742 1899 „Antiquo
760 1828 819 1881 iure
840 1828 1027 1884 Romanomm
1045 1832 1126 1886 servis
1144 1832 1259 1886 militare
1277 1851 1333 1885 uon

281 1920 390 1975 licebat.
426 1917 518 1989 ltaque
536 1918 654 1972 secundo
673 1917 744 1970 bello
764 1917 863 1988 punico
883 1929 942 1989 post
969 1937 1086 1990 pugnam
1106 1923 1275 1974 Cannensem
1293 1919 1336 1972 in.-

282 2007 346 2079 opia
364 2006 510 2059 liberorum
530 2005 670 2058 hominum
690 2014 751 2059 octo
771 2004 852 2058 millia
872 2005 997 2060 iuvenum
1023 2007 1180 2061 validiorum
1200 2027 1228 2061 ex
1255 2007 1336 2061 servi-

283 2094 328 2148 tiis
345 2094 419 2165 prius
446 2105 570 2147 emerunt
588 2105 613 2147 et
631 2094 753 2148 libertate
773 2094 923 2161 donarunt,
952 2114 1032 2166 quam
1052 2096 1225 2163 armaverint,
1251 2106 1281 2150 ut
1299 2108 1337 2150 est

282 2181 357 2252 apud
379 2181 481 2234 Litium
508 2181 579 2235 libro
598 2182 678 2234 Xllll.
705 2182 741 2249 [c.
760 2183 816 2248 bi]
866 2183 985 2236 Auctore
1011 2182 1147 2238 Martiano
1173 2182 1265 2239 lurisc.
1290 2184 1335 2238 lib.

282 2269 386 2342 Digest.
404 2271 448 2324 tt.
466 2269 529 2337 [Tit.
549 2270 620 2324 XVl.
640 2270 668 2322 L.
688 2271 744 2338 11.]
764 2269 798 2323 de
817 2288 846 2323 re
867 2269 986 2337 militari,
1004 2269 1039 2322 ab
1057 2272 1128 2324 omni
1145 2270 1246 2324 militia
1264 2273 1335 2324 serui

280 2356 474 2429 probibentur,
491 2358 595 2429 alioqui
612 2358 700 2427 capue
714 2358 879 2429 puniuntur.
915 2356 1065 2430 Imperator
1082 2359 1180 2430 igitur,
1199 2358 1249 2412 nisi
1266 2358 1335 2411 libe·

283 2445 334 2510 ris,
359 2463 415 2497 non
433 2444 556 2515 imperat.
592 2443 646 2498 Sed
667 2465 699 2498 ne
716 2446 773 2517 ipse
790 2444 900 2517 quidem
917 2446 1063 2517 imperator
1079 2464 1134 2499 esse
1152 2456 1255 2517 potest,
1284 2445 1334 2499 nisi

282 2530 353 2584 liber
372 2531 412 2584 sit.
449 2531 516 2584 Nam
536 2550 617 2585 nemo
635 2533 782 2604 imperator
800 2545 853 2600 est,
873 2534 919 2606 qui
938 2533 1106 2604 magistratus
1129 2531 1249 2585 nonsit:
1275 2551 1334 2587 me-

282 2619 409 2690 gistratos
425 2629 513 2671 autem
532 2617 596 2671 solis
614 2619 714 2673 civibus
732 2621 901 2674 mandator.“
918 2621 993 2674 Fre.
1013 2619 1033 2673 S
1040 2621 1104 2692 ylv.
1141 2618 1183 2673 Ad
1198 2638 1255 2671 rem
1267 2639 1335 2674 con-

280 2707 336 2760 fert
355 2704 456 2757 Gornb.
475 2705 642 2760 Lactantium
663 2706 683 2774 l,
701 2711 727 2773 ll,
747 2713 773 2762 5.
803 2709 933 2777 [monitus
960 2709 1088 2763 nimirum
1109 2728 1123 2762 a
1150 2709 1212 2764 Frc.
1232 2707 1332 2780 Sylvio,

281 2793 331 2868 qui
351 2793 519 2847 Lactantium
538 2793 608 2848 libro
626 2795 685 2848 Div.
708 2798 769 2849 lnst.
787 2800 813 2850 1.
830 2797 948 2852 scribere
965 2797 1010 2862 ait,
1028 2796 1170 2852 llerculem
1186 2816 1242 2850 non
1256 2794 1336 2849 luisse

280 2885 397 2948 fortem,
416 2882 477 2952 quia
497 2882 685 2954 cupiditatibus
703 2882 757 2937 suis
774 2886 908 2956 imperare
927 2904 982 2939 non
1003 2885 1132 2956 potuerit:
1151 2885 1214 2952 sed,
1233 2883 1254 2937 si
1271 2883 1335 2937 tanti

282 2981 335 3036 est,
362 2981 446 3024 toturn
465 2969 530 3024 illud
550 2981 632 3042 caput
648 2970 814 3043 legendum]
860 2972 934 3026 ldem
958 2992 988 3027 ex
1006 2973 1080 3025 Livio
1097 2968 1180 3039 Xllll,
1199 2974 1243 3025 di.
1269 2969 1336 3041 (sci-

280 3059 345 3113 licet
362 3068 391 3111 ut
409 3058 536 3128 probaret
554 3078 608 3112 non
629 3058 733 3114 licuisse
750 3060 831 3114 serris
852 3060 980 3129 militare)
999 3060 1078 3114 affert
1093 3059 1200 3126 locum,
1220 3077 1275 3130 quo
1295 3057 1335 3111 le-

281 3147 354 3218 gitur
385 3145 486 3216 legatos
511 3144 695 3216 Syracusanos
722 3146 825 3200 dixisse:
865 3148 951 3199 milite
978 3157 1062 3220 atque
1086 3144 1176 3219 equite
1202 3164 1230 3198 se
1258 3146 1334 3202 scire,

280 3234 336 3288 nisi
354 3233 468 3286 [lomoni
485 3233 632 3304 Latinique
650 3235 776 3302 nominis,
807 3255 860 3289 non
878 3239 922 3289 uti
937 3235 1066 3305 populum
1084 3237 1243 3288 Romanum.
1279 3231 1333 3285 Sed

281 3332 354 3377 recte
373 3319 558 3374 animadvertit
576 3320 657 3390 Borg.
674 3321 712 3374 ibi
730 3341 782 3376 nec
799 3323 833 3374 de
851 3321 942 3374 liberis
960 3322 1019 3392 egil,
1049 3339 1101 3374 nec
1119 3321 1152 3374 de
1172 3320 1266 3374 serviss
1289 3338 1334 3372 er-

281 3412 350 3465 rarit
369 3428 446 3471 vero,
472 3407 544 3480 quod
563 3407 738 3462 Franciscunr
758 3408 838 3462 etiam
856 3406 977 3477 Sylvium
1008 3406 1192 3478 reprehendit,
1220 3405 1295 3477 quasi
1314 3407 1334 3459 is

282 3515 394 3570 quoque
413 3494 487 3546 illum
507 3494 571 3546 Livii
591 3493 696 3560 locum,
724 3494 790 3548 nihil
809 3494 862 3549 huo
880 3494 1038 3557 facientem,
1067 3491 1217 3563 respexerit.
1266 3490 1334 3543 Nul-

280 3588 339 3641 lum
359 3584 431 3636 enim
450 3582 546 3647 alium,
566 3601 647 3653 quarn
666 3583 748 3651 Xllll,
767 3587 811 3638 5¹1.
829 3580 941 3651 intelligi
960 3578 1041 3633 roloit
1067 3579 1089 3630 F
1091 3597 1129 3633 rc.
1147 3576 1218 3649 Sylv.
1236 3577 1334 3648 [capite

281 3675 329 3728 illo
346 3684 409 3726 extr.
427 3670 452 3742 5.
471 3672 513 3722 11.
534 3669 574 3722 ed.
595 3669 759 3741 Dralrenb.],
778 3682 807 3725 ut
824 3689 855 3724 er
875 3668 976 3735 verbis,
998 3687 1065 3740 quae
1085 3665 1230 3737 excerpsit,
1249 3684 1333 3738 appa-

281 3772 324 3814 ret
344 3761 491 3813 manifesto.
526 3759 585 3812 Mr.

356 3849 551 3919 cupiditatibus
570 3850 627 3901 suis
644 3849 796 3918 imperare]
833 3849 897 3902 Duo
914 3846 988 3910 Ouo,
999 3864 1070 3913 auu,
1089 3856 1115 3899 et
1133 3842 1191 3898 Crz.
1200 3847 1233 3910 1.,
1252 3844 1334 3899 omil-

280 3947 345 3993 tunt
362 3938 436 3998 suis,·
457 3937 562 3990 inverso
580 3937 675 3990 ordine
692 3937 791 3993 habent
817 3940 875 3991 suis
897 3933 1092 4007 cupiditatibus
1111 3931 1197 3987 codd.
1226 3931 1332 3987 Suerin.

280 4024 344 4078 Cra.
353 4026 379 4078 3.
389 4023 467 4077 Drsd.
477 4027 502 4077 1.
512 4030 536 4078 2.
546 4028 572 4078 3.
581 4029 607 4079 4.
620 4024 729 4079 GudB.
742 4026 800 4080 Bas.
813 4025 952 4097 ErcAEyb.
977 4023 1029 4078 Sed
1043 4022 1098 4076 noli
1113 4022 1175 4076 inde
1188 4020 1260 4075 litem
1272 4038 1333 4073 mo-

279 4131 344 4165 vere
363 4112 517 4182 pronomini
536 4114 680 4184 possessivo
699 4114 809 4167 minime
828 4115 922 4169 otioso.
959 4113 1002 4165 Ad
1012 4112 1176 4165 locutionem
1190 4106 1333 4164 commode

280 4199 389 4256 confert
406 4199 488 4272 Borg.
507 4200 578 4254 Lael.
598 4207 646 4255 22:
674 4204 794 4255 Primum
813 4198 1084 4274 cupiditatibus
1101 4198 1151 4263 iis,
1177 4194 1273 4266 quibus
1291 4212 1333 4244 ce·

280 4289 336 4341 teri
354 4289 489 4354 serviunt,
506 4288 674 4360 imperabunt
684 4310 694 4351 ‚·
714 4291 746 4343 de
764 4290 832 4362 llep.
848 4289 870 4358 I,
889 4292 948 4345 34:
981 4305 1041 4338 cum
1059 4287 1099 4348 is,
1117 4283 1165 4354 qui
1182 4283 1333 4349 imperat

279 4378 362 4442 aliis,
381 4380 472 4431 servi
480 4390 490 4429 t
509 4380 565 4449 ipse
582 4377 651 4429 nulli
671 4377 894 4447 cupiditati‚·
913 4377 948 4428 ib.
959 4372 992 4438 ll,
1002 4377 1046 4426 25.
1078 4370 1120 4423 De
1139 4365 1332 4435 Finn.111‚22:

278 4465 395 4520 Rectius
412 4469 480 4519 eninr
500 4463 747 4537 appellabitur
765 4482 824 4527 rex,
850 4480 931 4535 priam
960 4459 1137 4532 Tarquinius,
1165 4458 1211 4528 qui
1230 4475 1276 4509 nec
1295 4480 1331 4520 se,
