3450 5342
404 655 478 728 354
825 675 990 723 excursus
1015 677 1047 721 x.

477 838 537 890 Ob.
558 837 620 888 Git
625 857 639 889 n
649 837 726 888 nius
744 835 784 904 (in
805 833 992 888 Conlectaueis
1009 835 1041 885 «ιιι
1061 834 1092 886 Τ.
1114 835 1272 891 Lucretium
1294 840 1394 911 [bugd.
1415 843 1465 896 Bar.

407 932 485 982 1595.
506 929 541 994 8.]
572 947 597 996 p.
617 929 682 979 ttt:
712 924 888 976 Restitnsmus
913 923 1114 975 l’ararlosorum
1146 924 1237 978 locum
1271 928 1463 998 perdifficilem,

408 1017 507 1087 quique
527 1014 624 1067 multos
643 1012 756 1066 exercuit
777 1012 846 1064 viros
870 1011 995 1064 eruditos.
1053 1010 1097 1063 Ait
1122 1010 1232 1067 Cicero:
1261 1018 1361 1088 Atque
1388 1029 1416 1069 ut
1441 1020 1465 1069 in

409 1122 507 1174 magno
521 1102 635 1173 familia
654 1112 718 1153 sunt
736 1100 949 1156 sibilantium,
969 1110 999 1149 nt
1019 1098 1073 1150 sibi
1089 1101 1231 1166 ridentur,
1250 1106 1339 1167 servi,
1360 1106 1407 1155 sed
1424 1116 1465 1156 te·

409 1211 465 1243 rnen
484 1191 572 1249 servi,·
592 1191 669 1259 puris
687 1189 826 1242 stultitiae
844 1199 925 1252 sunt,
952 1207 1018 1259 puers
1037 1200 1088 1243 ete.
1107 1188 1142 1241 its
1161 1200 1211 1243 ret.
1229 1190 1296 1258 lib.,
1327 1192 1379 1245 nisi
1399 1195 1463 1265 quod

407 1299 457 1350 pro
474 1281 537 1349 pari
554 1278 663 1332 fecerim
681 1278 772 1346 puris,
793 1277 934 1347 adsumpto
952 1297 980 1341 s,
1009 1276 1082 1347 qnod
1102 1277 1158 1329 sine
1177 1277 1264 1331 dubio
1292 1281 1411 1350 perierat
1427 1285 1463 1350 (ιιι

405 1386 483 1438 saepe
501 1365 587 1432 alias),
607 1364 680 1435 quod
699 1366 784 1417 statim
804 1366 897 1418 eadem
916 1376 1052 1434 exceperat
1063 1364 1088 1416 id
1103 1365 1212 1418 verbum
1224 1365 1327 1423 littera.
1366 1368 1462 1422 Deinde

406 1455 465 1519 illa,
492 1453 606 1524 quaein
629 1451 740 1522 vulgatis
768 1464 794 1506 et
820 1453 950 1506 veteribus
974 1451 1047 1504 libris
1073 1452 1143 1505 varie
1166 1465 1286 1509 entant:
1318 1459 1460 1520 Atrienses,

408 1554 488 1604 actu,
506 1559 539 1591 uc
557 1551 605 1600 tu,
624 1549 700 1602 acto,
718 1540 818 1605 abieci,
839 1552 868 1592 ut
886 1560 901 1592 e
920 1539 1004 1611 glossa
1026 1540 1154 1609 prolecta.
1192 1540 1260 1609 Quo
1281 1543 1461 1596 enimatrien-

408 1648 450 1680 ses
468 1628 526 1694 bic,
546 1628 591 1698 qui
611 1627 680 1680 haud
700 1629 755 1679 scio
774 1647 808 1679 an
829 1627 929 1681 luerint
946 1626 1124 1694 honestiores,
1151 1647 1215 1682 cum
1235 1629 1376 1702 Ulpianus
1400 1634 1417 1686 l.
1434 1632 1460 1686 C.

406 1738 451 1771 eos
470 1719 496 1770 in
517 1716 677 1769 mediastinis
696 1728 826 1769 numeret.
866 1716 898 1769 Et
911 1728 939 1768 ut
950 1715 1047 1768 luerint
1058 1736 1087 1769 es
1097 1716 1286 1772 honestiorum
1301 1739 1415 1773 numero
1425 1722 1459 1788 (es

406 1826 460 1877 qno
474 1815 545 1858 certe
557 1816 632 1857 erant
646 1804 811 1870 columellae,
825 1805 976 1859 cancellarii
994 1824 1040 1857 seu
1050 1805 1212 1870 tabelliones,
1226 1819 1347 1874 actores,
1361 1809 1458 1880 dispen-

405 1907 504 1950 satores
522 1896 583 1960 etc.)
606 1896 669 1948 binc
694 1905 797 1961 tamen,
823 1905 851 1948 ut
878 1914 957 1947 canes
975 1913 989 1947 e
1010 1893 1120 1961 balneo,
1151 1895 1271 1967 pellendi
1289 1911 1362 1954 sunt.
1397 1900 1457 1952 Sen-

373 2007 375 2011 ·
407 1986 487 2038 tentia
507 1995 595 2036 autem
622 1982 773 2054 planissima
792 2003 868 2036 nnnc
891 1994 943 2036 est:
979 1981 1016 2034 Ut
1043 1983 1121 2051 tales,
1147 1984 1279 2056 inquam,
1312 1987 1381 2039 servi
1405 1996 1456 2039 sunt

406 2072 491 2127 stulti:
509 2072 580 2143 paris
598 2070 721 2124 stultitiae
740 2082 815 2137 sunt,
834 2071 859 2123 id
882 2082 935 2136 est,
952 2071 1030 2137 item,
1050 2089 1095 2123 seu
1114 2071 1222 2135 itidem,
1250 2093 1300 2126 seu
1319 2074 1455 2128 consimili·

408 2172 448 2212 ιιι·
466 2159 537 2212 stulti
555 2170 630 2224 sunt,
650 2178 718 2230 quos
736 2158 841 2212 tabulas
861 2160 949 2230 pictae
968 2169 1016 2212 etc.
1034 2158 1146 2212 nimium
1166 2159 1315 2215 delectant.
1328 2163 1452 2233 namquia

406 2245 595 2317 supellectilem
615 2245 712 2298 babent
731 2247 885 2313 lautiorem,
916 2247 1024 2318 qnidam
1054 2267 1081 2299 se
1100 2247 1219 2300 esserunt
1247 2249 1277 2300 in
1303 2270 1331 2302 re
1359 2250 1452 2322 publica

407 2333 468 2396 riri,
488 2333 525 2384 uti
545 2334 610 2384 servi
631 2333 657 2385 in
677 2333 776 2387 familia
794 2355 876 2407 opera
896 2336 1038 2406 fungentes
1056 2336 1209 2389 honestiore
1225 2338 1416 2408 superbiunt.“

478 2421 496 2475 l.
517 2418 707 2475 Gruterus:
727 2423 833 2488 „Locus
852 2423 1041 2487 versatissimus,
1060 2423 1081 2475 si
1101 2424 1264 2494 quisquam,
1283 2425 1312 2479 in
1324 2423 1450 2479 Cicerone.

406 2507 460 2560 Nos
479 2509 732 2579 repraesentavimus
750 2511 895 2563 editionem
917 2510 1026 2563 Victorii
1047 2512 1190 2578 [atrienses
1208 2530 1244 2564 oe
1263 2514 1378 2583 topiarii
1394 2513 1451 2566 stul·

405 2598 484 2648 titius
503 2599 580 2665 sune]
600 2598 718 2669 proxime
737 2598 907 2652 accedentem
924 2597 956 2651 ad
975 2598 1136 2670 exemplario
1154 2598 1263 2653 calamo
1283 2611 1400 2654 exarata:
1416 2599 1450 2653 cni

405 2695 430 2738 et
456 2685 640 2756 acquiescebat
665 2685 833 2739 Gulielmius.
880 2685 963 2738 Aldus
994 2704 1078 2756 nepos
1103 2687 1218 2759 pedibus
1249 2689 1309 2743 ibat
1340 2691 1367 2742 in
1396 2708 1449 2743 con·

403 2775 531 2827 iecturam
550 2774 665 2840 Gifanii,
686 2775 750 2842 [rid.
769 2773 830 2826 Atti
850 2784 940 2827 annot.
961 2773 989 2826 in
1009 2776 1199 2848 annotatione,
1222 2795 1297 2847 quae
1323 2778 1399 2830 lrsbet
1415 2795 1449 2827 ra·

404 2861 522 2914 rietatem
542 2861 701 2930 Codicum,]
733 2881 814 2934 quarn
841 2862 963 2929 expressit
987 2862 1015 2913 in
1043 2863 1112 2916 notis
1135 2864 1189 2916 suis
1212 2862 1369 2932 Sulsridus,
1393 2881 1447 2936 quae

404 2949 547 3003 rideantur.
583 2950 641 3019 Ego
661 2961 720 3019 post
737 2961 776 3002 ιοι
793 2949 891 3001 ariolos
910 2949 1035 3018 capillum
1055 2970 1110 3003 non
1129 2951 1266 3006 ‹timinot‘

474 3036 493 3089 Ι.
513 3035 545 3089 G.
566 3035 753 3088 Graevius:
781 3035 871 3102 „Cum
897 3037 924 3089 in
944 3038 1098 3091 Victoriana
1129 3051 1155 3093 et
1174 3039 1341 3096 Gruteriana
1360 3043 1446 3113 legetur

402 3125 457 3177 sine
478 3125 605 3176 sententia
625 3127 756 3175 atrienses
776 3142 808 3175 uc
829 3125 940 3194 topiarii
958 3125 1096 3177 stultitiae
1116 3146 1196 3192 suus,
1219 3150 1289 3201 quos
1308 3133 1387 3204 signa
1403 3149 1443 3186 -ι

402 3232 452 3266 nec
471 3212 565 3265 melius
583 3212 611 3264 in
630 3214 730 3282 optima
751 3212 856 3284 langii:
876 3214 954 3264 servi.
1003 3215 1144 3268 Atrienses
1172 3236 1206 3268 ec
1231 3229 1266 3270 tu
1283 3221 1350 3288 puri
1367 3218 1445 3271 stulti-

402 3302 443 3350 tia
461 3311 539 3365 sunt,
561 3313 673 3373 utraque
696 3313 784 3354 tamen
804 3300 909 3372 vestigia
929 3320 1005 3354 verae
1030 3300 1153 3357 lectionis
1178 3306 1312 3373 retineat,
1339 3303 1444 3375 rescripsi

401 3407 429 3439 es
449 3400 577 3460 utraque:
598 3391 683 3454 servi,
702 3391 834 3442 atrienses
852 3407 886 3440 ue
905 3391 1028 3458 topiarii,
1052 3393 1117 3459 puri
1135 3392 1264 3444 stultitia
1284 3406 1364 3451 serit,
1391 3411 1443 3466 quor

400 3477 491 3546 signa,
511 3496 577 3548 quos
596 3477 706 3529 tabulae
726 3490 775 3532 etc.
811 3474 954 3531 Haeduae
974 3497 1051 3531 voces
1067 3481 1179 3550 topiarii
1198 3492 1227 3535 et
1241 3484 1323 3551 peri,
1349 3492 1443 3552 propter

400 3561 504 3614 easdem
524 3562 622 3616 litteras
640 3582 734 3617 vocum
752 3566 836 3634 pierii
853 3577 881 3618 et
896 3567 974 3635 peri,
993 3586 1071 3619 causa
1091 3569 1202 3622 luerunt
1221 3581 1313 3624 tantae
1330 3572 1443 3641 deprau-

400 3649 485 3701 tionis.
522 3649 551 3701 ln
572 3650 629 3703 aliis
647 3652 793 3706 Codicibus
814 3653 948 3724 perierant
968 3656 1095 3724 topiarii,
1122 3667 1152 3708 ut
1176 3677 1206 3708 cx
1225 3658 1364 3729 Langisna
1389 3675 1443 3710 con·

401 3745 464 3797 stat,
483 3737 509 3785 in
531 3736 587 3788 aliis
604 3741 681 3804 peri,
701 3752 731 3793 nt
748 3742 776 3792 in
798 3743 960 3799 Victoriana.
998 3744 1033 3795 Es
1053 3755 1167 3814 utraque
1179 3765 1271 3798 reram
1288 3747 1442 3816 scripturam,

400 3833 429 3873 ιιι
448 3821 581 3886 existimo,
610 3824 654 3876 bic
679 3828 840 3882 restituimus
864 3843 890 3884 et
917 3833 1112 3902 resposuimus,
1146 3832 1236 3886 detero
1266 3851 1370 3905 quoqne
1388 3849 1441 3883 eunt

400 3909 501 3980 Langio
521 3911 601 3962 verbo
620 3913 767 3965 stulterum
792 3916 865 3986 [post
885 3919 1010 3990 furnilin]
1035 3940 1104 3992 quae
1129 3922 1299 3992 ineptissime
1326 3919 1441 3977 inculcata

400 3999 449 4051 suit
469 4017 482 4050 n
503 3998 617 4052 librariis
635 4012 660 4055 et
678 4002 823 4058 editoribus
842 4006 869 4059 in
890 4007 965 4061 initio
985 4010 1098 4081 periodi.
1144 4009 1228 4076 Quod
1249 4012 1361 4064 obducit
1376 4008 1440 4061 Gita-

399 4086 457 4138 nius
477 4087 608 4138 atrienses
627 4109 682 4141 ιιυιι
701 4090 780 4144 luisse
798 4114 886 4148 servos
905 4097 1069 4150 honestiores
1096 4097 1154 4150 aliis
1173 4098 1283 4166 dicens,
1309 4102 1371 4171 quia
1396 4116 1441 4149 me·

398 4173 516 4225 diastinis
534 4188 733 4244 accenseantur,
753 4181 778 4232 id
796 4202 857 4234 vero
874 4196 911 4237 est
931 4184 1005 4239 turite
1024 4197 1049 4238 et
1067 4185 1171 4238 dudum
1181 4188 1320 4260 explosum
1342 4211 1357 4241 s
1376 4189 1441 4240 Lanr.

397 4259 525 4328 l‘ignorio
549 4262 576 4313 in
596 4262 798 4320 Commentario
826 4270 858 4322 ele
885 4270 1001 4325 Sertis.“
1050 4275 1083 4340 [v.
1112 4275 1276 4346 Pignorium
1303 4278 1335 4331 de
1360 4275 1441 4334 Senis

397 4345 447 4400 Ed.
468 4347 551 4401 Amst.
571 4354 648 4406 1614.
668 4359 711 4407 12.
732 4377 756 4426 p.
774 4361 828 4411 458
847 4363 898 4432 ιφ]

465 4434 496 4484 T·
517 4437 563 4489 Po
573 4459 589 4507 p
599 4458 647 4493 ura
666 4444 707 4510 (in
720 4444 787 4498 libro
798 4447 831 4499 ‹te
850 4452 938 4522 operis
958 4470 1103 4518 serrorum,
1123 4472 1149 4523 p.
1161 4457 1197 4507 93
1208 4475 1268 4527 sqq.
1307 4456 1354 4508 Ed.
1371 4453 1440 4506 tirsi.
