3450 5342
608 689 801 737 rimooxos
830 691 874 738 ιν.
905 692 974 741 cto.
990 694 1012 739 1.
1261 676 1332 752 169

283 849 346 902 loco
368 847 409 901 sel
434 848 504 903 dicta
532 848 570 902 vel
600 848 713 903 dicenda
741 860 818 915 sunt,
845 846 876 903 iu
894 854 1048 906 Excursum
1076 863 1198 911 nostrum
1227 870 1332 913 sextum

282 936 428 990 reiicienda
447 936 576 991 visasint.
619 934 712 989 Unum
731 934 757 989 h.
776 935 793 991 l.
813 934 899 1004 addo,
923 940 952 992 in
971 957 1026 991 uno
1046 936 1107 993 Atti
1126 940 1186 995 cod.
1211 955 1270 1013 post
1287 947 1334 998 de-

283 1033 396 1074 mentem
414 1022 533 1078 additum
549 1042 603 1079 esse
618 1023 722 1077 inclito:
742 1043 757 1076 a
773 1022 881 1079 duobus
896 1026 987 1081 abesse
1004 1036 1106 1081 etanta
1121 1025 1257 1085 incanum.
1276 1032 1334 1089 Me.

356 1111 558 1163 tolerantia
580 1104 669 1165 metm
687 1112 885 1171 humanarum,
910 1114 1171 1184 contemptione
1189 1114 1335 1189 fortunae]

283 1197 331 1262 „ld
345 1208 382 1250 est
400 1198 523 1269 patientia
542 1218 635 1253 earum
653 1217 753 1265 rerum,
773 1216 843 1269 quae
857 1196 981 1254 adversae
1000 1200 1154 1257 hominibus
1169 1200 1337 1263 mentuunt.

284 1285 317 1337 de
336 1283 395 1340 Oli.
412 1285 531 1354 [2⁰,66.]
570 1287 689 1354 Omnino,
708 1286 804 1358 inquit,
820 1285 911 1358 fortis
927 1289 1035 1341 animus
1052 1300 1080 1341 et
1098 1309 1215 1363 magnus
1231 1290 1337 1347 duatus

284 1371 363 1422 rebus
380 1373 493 1425 maxime
512 1374 645 1439 cernitur,
669 1393 785 1447 quarum
803 1391 859 1425 una
883 1375 912 1428 in
935 1394 1024 1429 rerum
1049 1389 1224 1432 externarum
1248 1380 1336 1451 ‹lespi-

284 1459 382 1510 oientia
397 1461 524 1529 ponitur,
544 1481 628 1533 quam
642 1480 804 1531 persuasum
821 1461 859 1512 sit
877 1463 948 1514 nitnt
963 1462 1109 1530 hominen,
1127 1466 1180 1518 nisi
1197 1466 1271 1539 quoti
1286 1467 1337 1520 lto-

283 1557 388 1598 nestum
413 1549 588 1620 decorumque
612 1551 665 1616 sit,
698 1559 750 1600 aut
775 1549 907 1601 admirari
932 1560 985 1603 aut
1008 1561 1130 1620 expetere
1152 1564 1280 1622 oportere.
1300 1585 1335 1596 -

284 1636 505 1704 contemptionem
524 1636 596 1711 apud
614 1634 775 1690 Ciceronem
793 1655 887 1707 saepe,
914 1649 1092 1707 contemptum
1110 1659 1172 1693 raro
1190 1640 1242 1695 dici
1261 1640 1335 1696 inve-

283 1722 366 1776 nias.“
393 1723 416 1774 F
423 1741 470 1776 rc.
487 1721 578 1794 Sylv.
610 1723 823 1793 '„Transpone:
849 1725 981 1792 sapientis
1007 1725 1113 1778 animus
1136 1755 1171 1766 -
1190 1738 1336 1780 oontem-

282 1811 379 1862 tione
396 1828 484 1861 rerum
494 1810 683 1873 humanarum,
704 1808 906 1860 tolerantia
919 1810 1052 1880 fortunae
1062 1841 1096 1850 -
1109 1823 1230 1883 saeptas,
1246 1815 1335 1866 vince-

283 1895 350 1948 tur?
370 1895 438 1948 Nam
450 1915 557 1967 semper
573 1895 670 1949 Cicero
688 1895 752 1948 dicit
770 1914 812 1948 res
823 1897 959 1950 humanas
977 1909 1203 1965 contemnere,
1221 1901 1336 1954 tolerare

278 1984 434 2053 fortunam.
465 1985 525 2037 Vid.
540 1985 573 2036 de
589 1984 666 2037 Orat.
676 1981 709 2049 ΙΙ,
724 1987 767 2037 84.
783 1984 816 2038 de
829 1983 915 2037 offic.
923 1981 976 2051 1,4,
984 1988 1028 2041 18.
1036 1991 1079 2040 ²0.
1089 1990 1132 2040 21.
1145 1998 1171 2041 et
1184 1987 1336 2042 Bentleium

283 2070 316 2122 ad
335 2070 432 2125 Tusce.
450 2071 581 2143 Dispnv,
597 2075 646 2124 28:
666 2071 724 2138 [Est
741 2069 795 2123 ibi:
813 2071 935 2123 hamana
947 2073 1035 2125 omnia
1050 2085 1270 2142 prementem,
1288 2073 1335 2127 utet

284 2156 388 2212 Bubul.
404 2178 466 2212 cum
485 2158 622 2213 nonnullis
633 2157 726 2229 legisse
743 2157 846 2211 videtur
862 2169 1026 2227 spernentem
1033 2180 1044 2220 ,-
1063 2160 1190 2214 nimirum
1209 2161 1236 2213 id
1247 2179 1335 2213 exem-

284 2244 335 2316 plis
352 2246 437 2301 allatis
455 2247 662 2302 commendabat
680 2244 825 2313 Bentleius,
845 2245 921 2298 cuius
941 2247 1142 2301 annotationem
1162 2248 1220 2302 vide
1237 2247 1266 2301 in
1285 2246 1334 2298 Ed.

285 2342 390 2400 nostra,
407 2334 440 2386 T.
459 2333 503 2387 lll.
523 2354 550 2405 p.
568 2335 663 2402 stt.]⁴‘
688 2331 866 2386 Ruhnken.
895 2332 928 2386 ad
946 2332 1027 2389 Rutit.
1053 2335 1119 2406 Lup.
1146 2356 1171 2406 p.
1188 2338 1249 2388 10⁸.
1285 2333 1335 2387 Se·

285 2421 418 2474 cuti-sunt
434 2421 591 2475 sententiam
611 2419 762 2473 Ruhnkenii
781 2419 934 2486 Schiitaius,
953 2418 1066 2487 Gernh.,
1084 2421 1210 2492 Borgers,
1230 2432 1255 2474 et
1273 2431 1335 2474 ante

283 2502 332 2562 hos
349 2510 404 2561 iam
424 2508 575 2562 Wetzelius.
612 2508 697 2576 Quasi
717 2527 788 2574 vero,
808 2508 882 2579 quod
901 2506 1006 2578 saepius
1024 2507 1087 2562 dixit
1105 2509 1211 2574 Cicero,
1230 2526 1335 2578 semper

283 2607 310 2650 et
328 2597 453 2650 omnibus
469 2596 536 2650 locis
553 2596 642 2650 dicere
661 2595 791 2647 debuerit.
828 2594 958 2662 Quamvis
970 2595 1041 2647 enim
1056 2594 1138 2666 Borg.
1148 2593 1214 2647 locis
1226 2613 1241 2646 a
1253 2592 1336 2646 Bent-

281 2682 336 2735 leio
355 2681 372 2733 l.
392 2681 410 2735 l.
436 2683 554 2736 collectis
577 2681 708 2735 addiderit
732 2680 829 2733 Tuscc.
846 2679 881 2748 ll,
899 2685 932 2739 t:
967 2687 1003 2734 Te
1027 2691 1130 2734 natura
1148 2711 1182 2721 -
1202 2682 1290 2733 altum
1308 2689 1336 2731 et

281 2770 436 2821 humana
462 2771 713 2840 despicientem
736 2770 849 2841 gennit,·
879 2769 907 2821 id
932 2789 988 2822 non
1012 2769 1137 2840 impedit,
1167 2787 1222 2841 quo
1248 2768 1336 2820 minus

283 2868 376 2911 nostro
397 2855 458 2910 loco
477 2858 510 2911 de
528 2877 617 2910 reram
634 2858 815 2909 humanarum
833 2857 1037 2910 tolerantia
1064 2857 1200 2929 loquatur.
1243 2854 1336 2924 Quid?

284 2944 358 3015 quod
376 2943 444 2998 alter
462 2945 538 2998 locus
555 2965 570 2998 a
588 2945 732 3015 Borgersio
751 2944 874 2998 laudatus
892 2944 1024 2999 Codicum
1044 2945 1181 3016 scriptioni
1200 2945 1282 2997 favet:
1302 2942 1335 2996 de

283 3028 364 3083 Finn.
382 3032 402 3097 l,
421 3037 468 3087 14:
493 3035 660 3103 Sapientiam
679 3051 736 3086 esse
760 3035 859 3100 solam,
885 3053 956 3105 quae
969 3035 1105 3104 fortunae
1138 3033 1237 3085 modice
1258 3032 1336 3104 serre
1417 3066 1427 3073 -

284 3119 379 3171 doceat
396 3120 528 3174 iniurias:
547 3140 610 3174 nam
629 3121 727 3173 modice
741 3122 820 3191 serre
838 3121 954 3173 iniurias
972 3132 1013 3174 est
1031 3140 1085 3173 non
1104 3119 1219 3173 multum
1233 3136 1336 3183 curere,

284 3206 360 3259 nihili
380 3209 533 3275 aestimare,
560 3228 617 3262 non
635 3218 739 3262 tantum
764 3206 887 3261 tolerare.
933 3209 1027 3280 Neque
1052 3207 1124 3261 aliud
1153 3206 1217 3278 quid
1242 3205 1335 3259 suadet

283 3295 390 3361 tertius,
415 3315 496 3368 quem
514 3296 618 3361 laudat,
641 3295 716 3347 locus
733 3294 766 3346 de
784 3294 864 3346 Finn.
883 3295 930 3361 lV,
949 3299 975 3348 ἵ.
1001 3295 1047 3347 ubi
1073 3303 1111 3347 est
1133 3293 1249 3344 iniurias
1269 3292 1336 3361 for-

282 3395 367 3435 tunae
386 3401 570 3452 superare,
589 3381 662 3456 quod
682 3392 753 3434 certe
773 3381 857 3432 maius
879 3381 1018 3451 quidpiam
1037 3391 1088 3446 est,
1109 3397 1190 3449 quam
1209 3377 1334 3429 tolerare.

282 3467 434 3524 Commode
453 3470 531 3522 etiam
551 3468 601 3521 Or.
619 3467 709 3520 laudat
726 3465 936 3532 Tuscc.lll,1ti,
948 3469 999 3518 34:
1018 3467 1137 3516 damano
1149 3464 1243 3532 serre,
1262 3463 1335 3532 quod

282 3557 355 3609 idem
376 3568 413 3609 est
431 3557 465 3609 ad
488 3558 542 3609 Art.
561 3556 621 3620 XV,
640 3559 674 3607 20
694 3554 756 3619 (sed
772 3554 892 3604 humana
905 3553 1046 3624 serendo).
1082 3549 1164 3618 Quod
1181 3558 1269 3601 autem
1288 3549 1336 3601 de·

284 3647 322 3700 dit
340 3645 462 3698 Nobbius
480 3645 585 3697 inverso
610 3643 721 3710 ordine,
751 3641 889 3713 ceteroqui
908 3650 937 3693 ut
956 3637 1058 3692 Gernh.
1077 3636 1224 3690 tolerantia
1237 3635 1336 3706 fortu-

284 3750 349 3799 nae,
369 3752 457 3785 rerum
475 3734 655 3784 humanarum
673 3731 881 3800 contemptione,
911 3730 938 3782 in
958 3748 990 3781 eo
1008 3728 1084 3781 illum
1111 3745 1210 3779 errasse
1236 3725 1336 3778 iudicat

286 3819 335 3873 Or.
361 3840 423 3874 cum
448 3821 559 3874 fortasse
577 3819 707 3873 Codicum
738 3818 881 3872 lectionem
900 3829 967 3872 esset
984 3817 1160 3872 restituturus.
1209 3817 1334 3868 Ceterum

284 3909 509 3980 wyttenbachius
528 3929 636 3982 quoque
654 3929 669 3962 a
687 3906 839 3962 Ruhnkenii
859 3908 981 3983 partibus
998 3905 1081 3972 stetit,
1099 3905 1207 3969 iisdem,
1238 3903 1335 3975 quibus

283 3993 343 4062 ille,
362 3998 510 4050 rationibus
527 3998 631 4051 ductus.
667 3995 804 4050 Bentleius
822 3995 951 4049 coniecit:
969 3993 1081 4065 Sapiens
1099 3992 1181 4045 animi
1201 3991 1335 4060 magnitu-

284 4083 363 4151 dine,
382 4086 506 4151 consilio,
525 4085 686 4151 tolerantia,
704 4103 794 4138 rerum
812 4085 993 4136 humanarum
1011 4081 1219 4151 contemptione,
1245 4078 1335 4129 virtu·
1400 4120 1403 4125 .

284 4174 358 4228 tibus
376 4177 488 4248 denique
506 4175 640 4242 omnibus,
659 4175 744 4229 deleta
763 4193 827 4228 voce
840 4173 986 4246 sor-tunae.
1023 4170 1083 4223 Mr.

356 4264 514 4333 tolerantia]
558 4265 621 4318 Duo
647 4263 721 4317 finxit
740 4263 838 4318 Cicero
863 4283 879 4316 a
898 4258 1033 4315 tolerandi
1060 4258 1140 4309 verbo
1159 4251 1334 4316 Substantisa,

284 4352 412 4405 toleratio
429 4364 455 4406 et
472 4353 635 4406 tolerantia:
661 4363 776 4423 utroque
792 4351 873 4406 umet
892 4359 996 4402 tantum
1015 4363 1077 4397 usus
1095 4353 1147 4396 est:
1186 4339 1275 4412 priore
1302 4338 1334 4391 de

288 4437 369 4491 Finn.
387 4439 420 4505 ll,
440 4443 491 4507 29;
510 4440 673 4511 posteriore,
691 4439 743 4494 hoc
763 4440 832 4496 loco.
868 4438 928 4492 Mr.
