3450 5342
336 671 411 744 256
664 690 838 738 mnanoxa
872 688 1064 736 srotconuu.

335 856 376 908 ‚td
396 855 473 907 verba
494 853 574 924 Borg.
593 850 641 905 Or.
673 869 721 921 pro
741 850 822 901 domo
841 852 888 902 35:
920 849 1093 900 Exstinctum
1118 858 1160 899 est
1190 851 1249 900 iam
1274 850 1346 902 illud
1364 881 1390 889 —

336 943 424 996 Aliud
441 951 563 993 exortum
581 951 631 993 est.
667 939 732 990 Ern.
752 949 892 1008 reputans,
918 937 1059 990 excedendi
1080 937 1191 988 verbum
1222 937 1288 990 alibi
1318 938 1389 991 aci-

336 1050 433 1085 cerone
452 1049 506 1083 non
526 1029 560 1082 ita
579 1027 717 1098 usurpari,
739 1027 850 1098 explicat
869 1025 966 1093 ‚,abiit‚
984 1026 1087 1078 desiit.“
1125 1025 1186 1078 lllr.

406 1129 433 1169 et
452 1118 524 1169 alius
542 1126 584 1167 est
603 1115 725 1167 dominus
742 1124 853 1166 exortus
871 1133 904 1163 ex
923 1114 1084 1165 conscientia
1101 1117 1292 1183 peccatorum]
1317 1115 1388 1168 Utili-

336 1218 376 1258 ter
393 1205 465 1275 leges
483 1204 515 1256 ad
535 1203 561 1256 b.
582 1204 597 1255 Ι.
623 1203 704 1256 llenr.
724 1200 851 1272 Stephani
880 1199 1109 1254 schediasmatum
1139 1201 1156 1254 i.
1174 1223 1198 1255 e.
1220 1201 1387 1256 Observatio-

337 1313 402 1346 num
422 1303 448 1345 et
465 1290 597 1343 Emendd.
618 1290 677 1342 libri
689 1291 775 1360 quarti
795 1291 914 1360 capas.
930 1289 1025 1357 (Paris.
1044 1292 1122 1342 1589.
1143 1288 1183 1358 8.)
1201 1310 1230 1362 p.
1242 1294 1386 1346 tat-tto.

336 1381 382 1432 ubi
402 1379 477 1432 locus
506 1391 597 1432 noster
622 1396 683 1430 cum
713 1377 842 1430 similibus
870 1375 1008 1430 Ciceronis
1033 1376 1149 1430 aliorum
1176 1378 1341 1449 scriptorum
1365 1390 1386 1431 et

337 1467 504 1520 Graecorum
530 1477 556 1518 et
574 1466 773 1531 Romanorum,
801 1476 974 1535 comparatur
999 1475 1026 1516 et
1054 1464 1180 1517 nonnulli
1207 1466 1384 1518 emendantur.

336 1552 638 1624 wyttenbachius
656 1553 689 1605 ad
708 1552 735 1605 b.
754 1552 771 1604 Ι.
788 1551 870 1604 baec:
888 1570 969 1618 „nam
989 1551 1145 1605 incidebant
1163 1553 1190 1605 in
1213 1554 1318 1607 crimen
1335 1572 1384 1606 am-

337 1644 415 1709 bitus,
433 1643 453 1694 si
477 1643 563 1713 palam
582 1640 664 1707 lieret,
686 1660 731 1695 eos
750 1639 891 1710 largitione
911 1640 1094 1711 magistratum
1113 1640 1228 1712 adeptos
1241 1661 1304 1695 esse.
1339 1639 1383 1693 Ce-

336 1743 423 1784 terum
440 1729 633 1783 'conscientiam
652 1728 758 1782 sceleris
775 1728 993 1801 marimamssesse
1011 1727 1113 1798 peccati
1139 1746 1258 1799 poenam
1277 1729 1382 1799 itemque

336 1821 460 1874 timorem
479 1817 569 1871 iudicii
590 1816 716 1882 humani,
736 1816 790 1868 iam
812 1815 947 1886 Epicurus
965 1815 1043 1883 dixit,
1062 1815 1146 1885 magis
1164 1816 1247 1868 etiam
1265 1814 1309 1867 alii
1328 1833 1381 1885 pro·

337 1907 477 1959 videntiam
497 1924 552 1958 non
572 1903 701 1958 tollentes.
738 1902 801 1959 vid.
819 1902 890 1957 Plut.
909 1902 981 1956 Mor.
1008 1921 1034 1973 p.
1053 1905 1133 1956 11⁰4.
1177 1903 1247 1956 ltem
1266 1902 1381 1957 liutbu-

337 2014 387 2064 pus
406 1994 438 2045 de
463 1993 569 2063 Figuris
595 1990 679 2044 Sentt.
699 1989 728 2042 L.
753 1989 772 2041 l.
793 2008 816 2042 c.
835 1991 881 2042 2.“
927 1987 1040 2043 Confert
1065 1987 1151 2060 Borg.¹
1175 1987 1236 2043 Cic.
1262 1991 1337 2043 Verr.
1354 1989 1379 2052 V,

337 2086 391 2135 29.:
411 2083 457 2133 An
475 2091 514 2142 te,
535 2081 564 2130 id
583 2079 656 2151 quod
666 2078 732 2146 fieri
750 2078 832 2142 solet,
863 2077 1025 2128 conscientia
1050 2077 1175 2128 timidum
1199 2078 1380 2147 suspiciosum·

337 2187 387 2240 que
400 2166 548 2238 faciebat?
567 2196 601 2208 -
649 2165 780 2218 Voculam
810 2175 837 2216 et
863 2165 961 2218 omittit
979 2165 1044 2216 cod.
1062 2165 1144 2217 Drsd.
1164 2169 1189 2218 5.
1197 2183 1205 2228 3
1240 2184 1330 2219 vocem
1346 2173 1379 2215 est

337 2255 405 2308 cod.
422 2254 493 2306 Gud.
513 2261 545 2306 A.
563 2252 684 2306 Eandem
703 2263 763 2324 post
780 2252 902 2304 dominus
929 2252 1072 2324 repositam
1099 2252 1180 2307 babet
1209 2254 1278 2308 cod.
1297 2252 1378 2306 Duisb.

338 2341 369 2394 ln
389 2340 447 2394 Cra.
460 2344 483 2394 1.
503 2341 600 2412 legitur
616 2352 785 2411 peccatorum
804 2341 975 2394 conscientia.
1013 2342 1069 2394 Vos
1089 2343 1170 2393 timor
1188 2341 1264 2395 deest
1282 2341 1309 2393 in
1321 2339 1379 2394 cot.

338 2428 416 2481 Drsd.
434 2432 459 2481 5.
496 2427 556 2481 llllr.
1191 2419 1192 2423 ¹

408 2535 490 2587 quom
509 2525 549 2567 est
567 2515 617 2566 illu
635 2515 747 2579 misera,
773 2531 855 2586 quom
883 2514 953 2566 dura
971 2516 1118 2584 servitus!]
1157 2520 1267 2588 „Quam
1283 2529 1324 2570 est
1339 2518 1378 2569 illa

338 2603 444 2657 misero.
482 2602 527 2655 Sic
546 2601 717 2674 quindecim,
736 2602 764 2653 in
784 2619 901 2671 quorum
922 2620 978 2654 uno
996 2602 1069 2655 deest
1086 2604 1145 2655 illa.
1165 2632 1199 2644 -
1246 2610 1330 2677 Quam
1345 2615 1377 2656 est

259 2748 261 2753 ,
337 2692 387 2743 itta
405 2692 528 2747 miseria,
557 2710 635 2744 unus.
679 2679 722 2760 ’ῥς
741 2701 781 2741 cst
805 2690 861 2740 ista
887 2689 1009 2753 miseria,
1029 2709 1107 2744 unus.
1154 2697 1196 2764 Qg
1214 2695 1322 2745 estilla
1338 2693 1378 2744 mi·

337 2782 421 2842 seria,
441 2782 537 2833 unus.“
557 2778 629 2832 Atd.
647 2777 735 2830 Man.
753 2807 787 2815 —
825 2777 893 2829 Cod.
912 2775 1027 2831 Crz.2.:
1050 2797 1131 2851 quam
1159 2790 1202 2832 est
1226 2782 1278 2834 itta
1303 2782 1378 2832 duro

339 2868 492 2933 domino,
511 2885 613 2937 quam
631 2866 774 2927 misero,
793 2883 893 2935 quam
914 2866 994 2917 diro
1012 2867 1148 2918 servitus!
1168 2866 1242 2922 Gud.
1262 2872 1294 2923 A.
1311 2888 1378 2942 quon

336 2966 378 3007 est
397 2958 425 3005 iu
443 2954 493 3005 illa
512 2953 627 3004 miseria.
675 2951 746 3004 Gud.
765 2952 796 3005 B.
828 2973 909 3025 quam
929 2963 970 3006 est
989 2955 1039 3005 illa
1059 2955 1169 3006 miseria
1176 2977 1186 3016 ,·
1226 2975 1287 3009 mox
1312 2973 1378 3028 quum

337 3050 376 3092 est
394 3040 444 3089 illo
462 3040 595 3102 servitus,
620 3038 717 3090 omisso
744 3038 822 3091 duro.
859 3040 910 3094 Ox.
928 3060 956 3105 u.
981 3041 1059 3095 babet
1077 3044 1148 3095 dura
1168 3044 1308 3098 timoris
1331 3061 1378 3096 ser·

338 3126 426 3189 vitus,
447 3143 507 3177 cum
526 3124 619 3196 glossa.
654 3124 713 3178 ΜΓ.

408 3211 629 3266 Adolescentibus
637 3213 732 3283 pratillo
742 3214 939 3285 loquacioribus
950 3225 991 3268 est
1004 3217 1200 3286 serviendum]
1221 3217 1289 3274 Cod.
1297 3218 1349 3273 Ceru
1358 3222 1378 3271 2·

338 3300 553 3353 adolescentuli
559 3320 581 3356 s.
607 3301 687 3354 Drsd.
700 3305 725 3354 5.
745 3320 818 3353 esse
834 3304 1010 3357 serviendum.
1047 3303 1142 3357 Paullo
1154 3307 1280 3377 superius
1290 3303 1377 3360 Gemit.

335 3389 364 3438 in
383 3386 451 3441 Add.
470 3387 533 3442 dicit
551 3408 612 3442 cum
632 3388 711 3442 unius
738 3388 799 3442 Ald.
825 3389 886 3442 cod.
914 3390 1028 3444 lectione
1046 3411 1135 3463 quoe
1162 3405 1206 3446 est
1223 3396 1276 3447 itta
1295 3396 1377 3447 misero

336 3475 487 3529 consentire
504 3475 663 3530 Bentleium.
700 3476 753 3529 Sed
777 3476 806 3529 in
823 3476 874 3530 Ed.
893 3477 1004 3544 Graec,
1030 3498 1099 3551 quae
1117 3479 1199 3536 babet
1216 3484 1279 3536 Atdi
1297 3484 1377 3536 lectio·

336 3582 398 3629 nes,
418 3583 448 3616 ea
466 3564 545 3617 lectio
565 3584 619 3617 non
639 3575 685 3616 est.
706 3593 740 3603 -
781 3562 811 3616 ln
831 3563 881 3617 Ed.
899 3564 968 3619 Oliv.
993 3566 1059 3621 baec
1075 3579 1114 3622 est
1140 3571 1175 3622 ad
1195 3571 1221 3626 b.
1241 3572 1260 3626 l.
1279 3582 1378 3626 annota-

337 3650 374 3701 tio
392 3649 471 3703 Laur.
491 3649 614 3702 Vallae
632 3650 724 3718 „Quia
743 3651 923 3706 adolescentes
941 3673 970 3706 ex
989 3674 1150 3726 magnorum
1172 3659 1292 3714 virorum
1310 3677 1378 3714 accu-

337 3734 439 3786 satione
458 3736 595 3804 probitatis
614 3748 639 3788 et
660 3741 826 3808 eloquentiae
849 3740 956 3794 laudem
975 3761 1113 3814 capessere
1131 3746 1271 3815 solebant,
1302 3761 1328 3802 ut
1350 3745 1378 3800 ait

337 3819 433 3874 Cicero
452 3818 484 3872 ll.
504 3820 537 3872 de
555 3821 688 3876 Officiis.“
709 3853 743 3864 -
780 3826 856 3894 „Qui
875 3830 924 3884 sibi
943 3829 1099 3902 eloquentes
1117 3833 1252 3904 videntur,
1271 3837 1314 3889 etsi
1332 3852 1378 3887 non

338 3922 390 3962 tarn
410 3907 578 3980 eloquentes,
609 3929 689 3981 quam
716 3911 842 3984 loquaces
859 3928 937 3983 sunt,
967 3919 1088 3989 adeoque
1114 3936 1252 3992 quaerunt
1274 3921 1379 3977 occasio·

311 4050 313 4055 ,
337 4016 399 4050 nem
419 3997 575 4062 accusandi,
593 4009 623 4050 ut
641 3998 739 4051 lamam
759 3999 926 4073 eloquentiae
946 4020 1161 4077 consequantur:
1174 4010 1223 4064 His
1240 4013 1327 4084 igitur,
1341 4005 1378 4079 qui

337 4083 464 4137 facinoris
482 4083 593 4136 alicuius
611 4086 660 4138 sibi
685 4088 784 4141 conscii
803 4101 879 4157 sunt,
910 4094 1041 4159 serviunt,
1062 4114 1158 4149 eornm
1179 4098 1378 4154 benevolentiam

338 4173 430 4242 quovis
449 4172 530 4224 modo
550 4184 674 4245 captant,
701 4195 734 4228 ne
752 4178 785 4229 ab
811 4178 842 4231 iis
866 4183 1052 4234 accusentur.“
1071 4182 1150 4237 Ern.
1202 4187 1306 4242 Laudat
1328 4186 1378 4238 Fre.

336 4257 408 4329 Sylv.
428 4260 517 4314 locum
537 4259 667 4315 luvenalis
685 4262 729 4330 lll‚
748 4269 783 4319 5⁰
802 4286 860 4338 sqq.
888 4281 913 4323 et
941 4270 1066 4340 Borgers.
1092 4270 1150 4326 Cic.
1170 4294 1224 4345 pro
1244 4276 1379 4335 Coeldllt

338 4344 398 4400 Div.
417 4347 445 4398 in
464 4347 543 4402 Caec.
562 4353 587 4403 ἵ.
605 4362 630 4404 et
648 4355 706 4418 21.;
724 4372 774 4424 pro
794 4354 900 4412 ctuent.
920 4363 980 4422 30.;
1001 4358 1033 4410 de
1052 4358 1131 4412 Petit.
1151 4365 1236 4421 Cons.
1255 4369 1280 4419 t.
1316 4365 1365 4418 ΜΓ·

407 4454 493 4487 omnes
514 4467 546 4477 -
567 4448 697 4510 tanquam
717 4443 815 4495 domini
833 4446 973 4513 timentur]
994 4445 1059 4498 Cod.
1074 4446 1193 4504 Drsd.4.
1213 4471 1301 4505 omnes
1316 4449 1400 4502 enim·-
