<?xml version="1.0" encoding="UTF-8"?>
<!DOCTYPE html PUBLIC "-//W3C//DTD XHTML 1.0 Transitional//EN"
    "http://www.w3.org/TR/xhtml1/DTD/xhtml1-transitional.dtd">
<html xmlns="http://www.w3.org/1999/xhtml" xml:lang="en" lang="en">
 <head>
  <title>
</title>
<meta http-equiv="Content-Type" content="text/html;charset=utf-8" />
  <meta name='ocr-system' content='tesseract 3.04.00' />
  <meta name='ocr-capabilities' content='ocr_page ocr_carea ocr_par ocr_line ocrx_word'/>
</head>
<body>
  <div class='ocr_page' id='page_1' title='image "./paradoxa00wyttgoog_0274.png"; bbox 0 0 3450 5342; ppageno 0'>
   <div class='ocr_carea' id='block_1_1' title="bbox 344 677 1067 749">
    <p class='ocr_par' dir='ltr' id='par_1_1' title="bbox 344 677 1067 749">
     <span class='ocr_line' id='line_1_1' title="bbox 344 677 1067 749; baseline -0.01 0"><span class='ocrx_word' id='word_1_1' title='bbox 344 677 416 749; x_wconf 89' lang='grc'>196</span> <span class='ocrx_word' id='word_1_2' title='bbox 673 694 843 743; x_wconf 80' lang='lat' dir='ltr'>esnaooxt</span> <span class='ocrx_word' id='word_1_3' title='bbox 873 692 1067 742; x_wconf 83' lang='lat' dir='ltr'>erorconurr.</span> 
     </span>
    </p>
   </div>
   <div class='ocr_carea' id='block_1_2' title="bbox 341 852 1399 1897">
    <p class='ocr_par' dir='ltr' id='par_1_2' title="bbox 341 852 1399 1277">
     <span class='ocr_line' id='line_1_2' title="bbox 341 852 1399 931; baseline -0.005 -20"><span class='ocrx_word' id='word_1_4' title='bbox 341 876 517 931; x_wconf 78' lang='lat' dir='ltr'>quamsaepe</span> <span class='ocrx_word' id='word_1_5' title='bbox 538 857 636 909; x_wconf 87' lang='lat' dir='ltr'>laetum</span> <span class='ocrx_word' id='word_1_6' title='bbox 670 856 716 921; x_wconf 77' lang='lat' dir='ltr'>sit,</span> <span class='ocrx_word' id='word_1_7' title='bbox 749 873 808 907; x_wconf 90' lang='lat' dir='ltr'>eum</span> <span class='ocrx_word' id='word_1_8' title='bbox 839 873 885 905; x_wconf 81' lang='lat' dir='ltr'>vox</span> <span class='ocrx_word' id='word_1_9' title='bbox 910 852 950 905; x_wconf 90' lang='lat' dir='ltr'>bis</span> <span class='ocrx_word' id='word_1_10' title='bbox 976 852 1115 905; x_wconf 84' lang='lat' dir='ltr'>scribenda</span> <span class='ocrx_word' id='word_1_11' title='bbox 1140 872 1153 904; x_wconf 86' lang='lat' dir='ltr'>a</span> <span class='ocrx_word' id='word_1_12' title='bbox 1181 853 1299 907; x_wconf 82' lang='lat' dir='ltr'>librariis</span> <span class='ocrx_word' id='word_1_13' title='bbox 1323 862 1399 913; x_wconf 84' lang='lat' dir='ltr'>semet</span> 
     </span>
     <span class='ocr_line' id='line_1_3' title="bbox 343 941 1397 1015; baseline -0.004 -16"><span class='ocrx_word' id='word_1_14' title='bbox 343 958 459 1011; x_wconf 86' lang='lat' dir='ltr'>tantum,</span> <span class='ocrx_word' id='word_1_15' title='bbox 480 944 525 997; x_wconf 85' lang='lat' dir='ltr'>sed</span> <span class='ocrx_word' id='word_1_16' title='bbox 544 945 635 999; x_wconf 88' lang='lat' dir='ltr'>litteris</span> <span class='ocrx_word' id='word_1_17' title='bbox 655 942 744 1013; x_wconf 87' lang='lat' dir='ltr'>pnnllo</span> <span class='ocrx_word' id='word_1_18' title='bbox 765 941 925 1006; x_wconf 80' lang='lat' dir='ltr'>maioribus,</span> <span class='ocrx_word' id='word_1_19' title='bbox 945 941 1118 1005; x_wconf 67' lang='lat' dir='ltr'>scriberetur,</span> <span class='ocrx_word' id='word_1_20' title='bbox 1139 941 1211 1011; x_wconf 87' lang='lat' dir='ltr'>qnod</span> <span class='ocrx_word' id='word_1_21' title='bbox 1232 942 1300 1013; x_wconf 88' lang='lat' dir='ltr'>quid</span> <span class='ocrx_word' id='word_1_22' title='bbox 1317 944 1397 1015; x_wconf 85' lang='lat' dir='ltr'>signi-</span> 
     </span>
     <span class='ocr_line' id='line_1_4' title="bbox 342 1028 1396 1103; baseline 0 -19"><span class='ocrx_word' id='word_1_23' title='bbox 342 1032 446 1100; x_wconf 84' lang='lat' dir='ltr'>ficaret,</span> <span class='ocrx_word' id='word_1_24' title='bbox 467 1033 534 1087; x_wconf 90' lang='lat' dir='ltr'>alter</span> <span class='ocrx_word' id='word_1_25' title='bbox 551 1032 667 1103; x_wconf 87' lang='lat' dir='ltr'>ineptior</span> <span class='ocrx_word' id='word_1_26' title='bbox 688 1050 741 1083; x_wconf 88' lang='lat' dir='ltr'>non</span> <span class='ocrx_word' id='word_1_27' title='bbox 762 1030 838 1095; x_wconf 81' lang='lat' dir='ltr'>vidit,</span> <span class='ocrx_word' id='word_1_28' title='bbox 869 1029 894 1081; x_wconf 88' lang='lat' dir='ltr'>id</span> <span class='ocrx_word' id='word_1_29' title='bbox 913 1029 1016 1094; x_wconf 87' lang='lat' dir='ltr'>sciunt,</span> <span class='ocrx_word' id='word_1_30' title='bbox 1044 1028 1090 1100; x_wconf 91' lang='lat' dir='ltr'>qui</span> <span class='ocrx_word' id='word_1_31' title='bbox 1110 1030 1193 1081; x_wconf 88' lang='lat' dir='ltr'>libros</span> <span class='ocrx_word' id='word_1_32' title='bbox 1222 1040 1325 1083; x_wconf 87' lang='lat' dir='ltr'>veteres</span> <span class='ocrx_word' id='word_1_33' title='bbox 1343 1051 1396 1083; x_wconf 89' lang='lat' dir='ltr'>vna-</span> 
     </span>
     <span class='ocr_line' id='line_1_5' title="bbox 345 1117 1395 1186; baseline -0.006 -11"><span class='ocrx_word' id='word_1_34' title='bbox 345 1122 423 1175; x_wconf 90' lang='lat' dir='ltr'>nibus</span> <span class='ocrx_word' id='word_1_35' title='bbox 442 1132 597 1175; x_wconf 89' lang='lat' dir='ltr'>tractarunt.</span> <span class='ocrx_word' id='word_1_36' title='bbox 637 1120 717 1175; x_wconf 80' lang='lat' dir='ltr'>llccte</span> <span class='ocrx_word' id='word_1_37' title='bbox 736 1119 814 1172; x_wconf 89' lang='lat' dir='ltr'>etiam</span> <span class='ocrx_word' id='word_1_38' title='bbox 835 1128 929 1171; x_wconf 86' lang='lat' dir='ltr'>monet</span> <span class='ocrx_word' id='word_1_39' title='bbox 946 1117 1009 1183; x_wconf 92' lang='lat' dir='ltr'>Or.,</span> <span class='ocrx_word' id='word_1_40' title='bbox 1032 1118 1143 1171; x_wconf 88' lang='lat' dir='ltr'>verbum</span> <span class='ocrx_word' id='word_1_41' title='bbox 1162 1118 1325 1186; x_wconf 70' lang='lat' dir='ltr'>expelletur,</span> <span class='ocrx_word' id='word_1_42' title='bbox 1345 1138 1395 1171; x_wconf 90' lang='lat' dir='ltr'>non</span> 
     </span>
     <span class='ocr_line' id='line_1_6' title="bbox 345 1205 1206 1277; baseline -0.007 -14"><span class='ocrx_word' id='word_1_43' title='bbox 345 1209 476 1265; x_wconf 89' lang='lat' dir='ltr'>adiunctis</span> <span class='ocrx_word' id='word_1_44' title='bbox 496 1210 580 1263; x_wconf 89' lang='lat' dir='ltr'>verbis</span> <span class='ocrx_word' id='word_1_45' title='bbox 598 1230 611 1261; x_wconf 88' lang='lat' dir='ltr'>e</span> <span class='ocrx_word' id='word_1_46' title='bbox 631 1210 756 1272; x_wconf 79' lang='lat' dir='ltr'>civitate,</span> <span class='ocrx_word' id='word_1_47' title='bbox 777 1210 866 1260; x_wconf 86' lang='lat' dir='ltr'>minus</span> <span class='ocrx_word' id='word_1_48' title='bbox 886 1206 1025 1277; x_wconf 89' lang='lat' dir='ltr'>proprium</span> <span class='ocrx_word' id='word_1_49' title='bbox 1045 1225 1107 1259; x_wconf 86' lang='lat' dir='ltr'>esse.</span> <span class='ocrx_word' id='word_1_50' title='bbox 1146 1205 1174 1257; x_wconf 95' lang='lat' dir='ltr'>M</span> <span class='ocrx_word' id='word_1_51' title='bbox 1183 1225 1206 1257; x_wconf 94' lang='lat' dir='ltr'>r.</span> 
     </span>
    </p>

    <p class='ocr_par' dir='ltr' id='par_1_3' title="bbox 343 1292 1395 1897">
     <span class='ocr_line' id='line_1_7' title="bbox 412 1292 1395 1367; baseline -0.002 -18"><span class='ocrx_word' id='word_1_52' title='bbox 412 1300 543 1367; x_wconf 82' lang='lat' dir='ltr'>Quicum</span> <span class='ocrx_word' id='word_1_53' title='bbox 562 1297 615 1349; x_wconf 89' lang='lat' dir='ltr'>telo</span> <span class='ocrx_word' id='word_1_54' title='bbox 629 1296 751 1367; x_wconf 83' lang='lat' dir='ltr'>suerit?]</span> <span class='ocrx_word' id='word_1_55' title='bbox 789 1296 880 1366; x_wconf 85' lang='lat' dir='ltr'>„Lege</span> <span class='ocrx_word' id='word_1_56' title='bbox 901 1294 965 1347; x_wconf 87' lang='lat' dir='ltr'>lolia</span> <span class='ocrx_word' id='word_1_57' title='bbox 985 1292 1018 1347; x_wconf 90' lang='lat' dir='ltr'>de</span> <span class='ocrx_word' id='word_1_58' title='bbox 1037 1293 1059 1345; x_wconf 93' lang='lat' dir='ltr'>vi</span> <span class='ocrx_word' id='word_1_59' title='bbox 1081 1293 1188 1364; x_wconf 89' lang='lat' dir='ltr'>publiea</span> <span class='ocrx_word' id='word_1_60' title='bbox 1209 1304 1333 1360; x_wconf 85' lang='lat' dir='ltr'>tenetur,</span> <span class='ocrx_word' id='word_1_61' title='bbox 1353 1295 1395 1366; x_wconf 91' lang='lat' dir='ltr'>qni</span> 
     </span>
     <span class='ocr_line' id='line_1_8' title="bbox 343 1380 1395 1452; baseline -0.005 -12"><span class='ocrx_word' id='word_1_62' title='bbox 343 1405 404 1441; x_wconf 91' lang='lat' dir='ltr'>eum</span> <span class='ocrx_word' id='word_1_63' title='bbox 424 1384 476 1438; x_wconf 89' lang='lat' dir='ltr'>telo</span> <span class='ocrx_word' id='word_1_64' title='bbox 495 1385 558 1437; x_wconf 87' lang='lat' dir='ltr'>dolo</span> <span class='ocrx_word' id='word_1_65' title='bbox 579 1384 648 1437; x_wconf 93' lang='lat' dir='ltr'>malo</span> <span class='ocrx_word' id='word_1_66' title='bbox 675 1385 854 1437; x_wconf 83' lang='lat' dir='ltr'>inconvento</span> <span class='ocrx_word' id='word_1_67' title='bbox 874 1383 971 1448; x_wconf 87' lang='lat' dir='ltr'>luerit,</span> <span class='ocrx_word' id='word_1_68' title='bbox 998 1393 1042 1435; x_wconf 85' lang='lat' dir='ltr'>aut</span> <span class='ocrx_word' id='word_1_69' title='bbox 1068 1381 1113 1433; x_wconf 90' lang='lat' dir='ltr'>ubi</span> <span class='ocrx_word' id='word_1_70' title='bbox 1134 1380 1265 1434; x_wconf 87' lang='lat' dir='ltr'>iudicium</span> <span class='ocrx_word' id='word_1_71' title='bbox 1294 1381 1395 1452; x_wconf 86' lang='lat' dir='ltr'>publice</span> 
     </span>
     <span class='ocr_line' id='line_1_9' title="bbox 343 1470 1394 1543; baseline -0.004 -16"><span class='ocrx_word' id='word_1_72' title='bbox 343 1474 523 1539; x_wconf 67' lang='lat' dir='ltr'>exercebitur,</span> <span class='ocrx_word' id='word_1_73' title='bbox 553 1484 581 1526; x_wconf 92' lang='lat' dir='ltr'>ut</span> <span class='ocrx_word' id='word_1_74' title='bbox 600 1485 695 1526; x_wconf 92' lang='lat' dir='ltr'>auctor</span> <span class='ocrx_word' id='word_1_75' title='bbox 723 1484 761 1527; x_wconf 89' lang='lat' dir='ltr'>est</span> <span class='ocrx_word' id='word_1_76' title='bbox 786 1472 920 1543; x_wconf 80' lang='lat' dir='ltr'>Ulpianus</span> <span class='ocrx_word' id='word_1_77' title='bbox 947 1470 1015 1523; x_wconf 93' lang='lat' dir='ltr'>libro</span> <span class='ocrx_word' id='word_1_78' title='bbox 1036 1470 1208 1541; x_wconf 72' lang='lat' dir='ltr'>Digestorum</span> <span class='ocrx_word' id='word_1_79' title='bbox 1227 1470 1347 1524; x_wconf 78' lang='lat' dir='ltr'><strong>XLVIII.</strong></span> <span class='ocrx_word' id='word_1_80' title='bbox 1365 1470 1394 1523; x_wconf 81' lang='lat' dir='ltr'>tle</span> 
     </span>
     <span class='ocr_line' id='line_1_10' title="bbox 345 1558 1393 1632; baseline 0 -21"><span class='ocrx_word' id='word_1_81' title='bbox 345 1562 367 1615; x_wconf 85' lang='lat' dir='ltr'>vi</span> <span class='ocrx_word' id='word_1_82' title='bbox 387 1561 503 1632; x_wconf 84' lang='lat' dir='ltr'>publica.</span> <span class='ocrx_word' id='word_1_83' title='bbox 547 1560 648 1613; x_wconf 86' lang='lat' dir='ltr'>Eodem</span> <span class='ocrx_word' id='word_1_84' title='bbox 678 1562 705 1614; x_wconf 91' lang='lat' dir='ltr'>in</span> <span class='ocrx_word' id='word_1_85' title='bbox 736 1561 796 1614; x_wconf 88' lang='lat' dir='ltr'>loeo</span> <span class='ocrx_word' id='word_1_86' title='bbox 817 1561 918 1615; x_wconf 90' lang='lat' dir='ltr'>Paulus</span> <span class='ocrx_word' id='word_1_87' title='bbox 941 1560 1047 1625; x_wconf 89' lang='lat' dir='ltr'>scribit,</span> <span class='ocrx_word' id='word_1_88' title='bbox 1075 1559 1189 1612; x_wconf 90' lang='lat' dir='ltr'>telorum</span> <span class='ocrx_word' id='word_1_89' title='bbox 1217 1558 1393 1630; x_wconf 82' lang='lat' dir='ltr'>appellatione</span> 
     </span>
     <span class='ocr_line' id='line_1_11' title="bbox 344 1646 1393 1719; baseline -0.003 -18"><span class='ocrx_word' id='word_1_90' title='bbox 344 1649 449 1712; x_wconf 90' lang='lat' dir='ltr'>omnia,</span> <span class='ocrx_word' id='word_1_91' title='bbox 470 1669 498 1700; x_wconf 81' lang='lat' dir='ltr'>cx</span> <span class='ocrx_word' id='word_1_92' title='bbox 518 1648 615 1718; x_wconf 83' lang='lat' dir='ltr'>quibus</span> <span class='ocrx_word' id='word_1_93' title='bbox 628 1648 724 1719; x_wconf 83' lang='lat' dir='ltr'>singuli</span> <span class='ocrx_word' id='word_1_94' title='bbox 744 1648 865 1702; x_wconf 87' lang='lat' dir='ltr'>bumines</span> <span class='ocrx_word' id='word_1_95' title='bbox 884 1666 982 1701; x_wconf 83' lang='lat' dir='ltr'>nocere</span> <span class='ocrx_word' id='word_1_96' title='bbox 1003 1657 1126 1717; x_wconf 88' lang='lat' dir='ltr'>possunt,</span> <span class='ocrx_word' id='word_1_97' title='bbox 1145 1647 1242 1717; x_wconf 78' lang='lat' dir='ltr'>aecipi-</span> <span class='ocrx_word' id='word_1_98' title='bbox 1281 1646 1393 1701; x_wconf 79' lang='lat' dir='ltr'>Auctore</span> 
     </span>
     <span class='ocr_line' id='line_1_12' title="bbox 343 1733 1391 1807; baseline 0.001 -20"><span class='ocrx_word' id='word_1_99' title='bbox 343 1735 412 1788; x_wconf 84' lang='lat' dir='ltr'>Gaio</span> <span class='ocrx_word' id='word_1_100' title='bbox 432 1733 637 1802; x_wconf 86' lang='lat' dir='ltr'>Iurisconsulto,</span> <span class='ocrx_word' id='word_1_101' title='bbox 665 1737 837 1807; x_wconf 72' lang='lat' dir='ltr'>Digestorum</span> <span class='ocrx_word' id='word_1_102' title='bbox 865 1736 911 1789; x_wconf 83' lang='lat' dir='ltr'>tib.</span> <span class='ocrx_word' id='word_1_103' title='bbox 929 1733 1032 1789; x_wconf 84' lang='lat' dir='ltr'><strong>XLVII.</strong></span> <span class='ocrx_word' id='word_1_104' title='bbox 1053 1735 1086 1787; x_wconf 79' lang='lat' dir='ltr'>ele</span> <span class='ocrx_word' id='word_1_105' title='bbox 1113 1735 1204 1800; x_wconf 86' lang='lat' dir='ltr'>sortis,</span> <span class='ocrx_word' id='word_1_106' title='bbox 1236 1736 1282 1789; x_wconf 87' lang='lat' dir='ltr'>teli</span> <span class='ocrx_word' id='word_1_107' title='bbox 1306 1735 1391 1807; x_wconf 90' lang='lat' dir='ltr'>appel·</span> 
     </span>
     <span class='ocr_line' id='line_1_13' title="bbox 344 1824 1389 1897; baseline 0 -21"><span class='ocrx_word' id='word_1_108' title='bbox 344 1826 442 1878; x_wconf 90' lang='lat' dir='ltr'>latione</span> <span class='ocrx_word' id='word_1_109' title='bbox 461 1835 486 1877; x_wconf 89' lang='lat' dir='ltr'>et</span> <span class='ocrx_word' id='word_1_110' title='bbox 505 1826 579 1878; x_wconf 83' lang='lat' dir='ltr'>Iustis</span> <span class='ocrx_word' id='word_1_111' title='bbox 597 1837 621 1878; x_wconf 88' lang='lat' dir='ltr'>et</span> <span class='ocrx_word' id='word_1_112' title='bbox 637 1827 737 1879; x_wconf 86' lang='lat' dir='ltr'>serrum</span> <span class='ocrx_word' id='word_1_113' title='bbox 758 1838 783 1879; x_wconf 88' lang='lat' dir='ltr'>et</span> <span class='ocrx_word' id='word_1_114' title='bbox 806 1825 886 1896; x_wconf 84' lang='lat' dir='ltr'>lapis,</span> <span class='ocrx_word' id='word_1_115' title='bbox 913 1844 994 1877; x_wconf 87' lang='lat' dir='ltr'>omne</span> <span class='ocrx_word' id='word_1_116' title='bbox 1018 1824 1150 1895; x_wconf 87' lang='lat' dir='ltr'>denique,</span> <span class='ocrx_word' id='word_1_117' title='bbox 1178 1826 1253 1897; x_wconf 87' lang='lat' dir='ltr'>quod</span> <span class='ocrx_word' id='word_1_118' title='bbox 1283 1824 1389 1880; x_wconf 82' lang='lat' dir='ltr'>nocendi</span> 
     </span>
    </p>
   </div>
   <div class='ocr_carea' id='block_1_3' title="bbox 235 1911 1391 1984">
    <p class='ocr_par' dir='ltr' id='par_1_4' title="bbox 235 1911 1391 1984">
     <span class='ocr_line' id='line_1_14' title="bbox 235 1911 1391 1984; baseline -0.002 -18"><span class='ocrx_word' id='word_1_119' title='bbox 235 1948 241 1958; x_wconf 86' lang='lat'><em>-</em></span> <span class='ocrx_word' id='word_1_120' title='bbox 344 1933 421 1966; x_wconf 90' lang='lat' dir='ltr'>causa</span> <span class='ocrx_word' id='word_1_121' title='bbox 440 1913 568 1980; x_wconf 88' lang='lat' dir='ltr'>babetur,</span> <span class='ocrx_word' id='word_1_122' title='bbox 587 1913 759 1984; x_wconf 80' lang='lat' dir='ltr'>significatur.</span> <span class='ocrx_word' id='word_1_123' title='bbox 802 1914 873 1984; x_wconf 83' lang='lat' dir='ltr'>Lege</span> <span class='ocrx_word' id='word_1_124' title='bbox 890 1911 1016 1966; x_wconf 86' lang='lat' dir='ltr'>Cornelia</span> <span class='ocrx_word' id='word_1_125' title='bbox 1038 1913 1072 1964; x_wconf 88' lang='lat' dir='ltr'>de</span> <span class='ocrx_word' id='word_1_126' title='bbox 1090 1913 1191 1967; x_wconf 89' lang='lat' dir='ltr'>sicariis</span> <span class='ocrx_word' id='word_1_127' title='bbox 1215 1914 1301 1967; x_wconf 86' lang='lat' dir='ltr'>teneri</span> <span class='ocrx_word' id='word_1_128' title='bbox 1329 1932 1391 1975; x_wconf 89' lang='lat' dir='ltr'>eom,</span> 
     </span>
    </p>
   </div>
   <div class='ocr_carea' id='block_1_4' title="bbox 343 1999 1391 2955">
    <p class='ocr_par' dir='ltr' id='par_1_5' title="bbox 343 1999 1391 2955">
     <span class='ocr_line' id='line_1_15' title="bbox 345 1999 1390 2073; baseline 0 -21"><span class='ocrx_word' id='word_1_129' title='bbox 345 1999 390 2073; x_wconf 89' lang='lat' dir='ltr'>qui</span> <span class='ocrx_word' id='word_1_130' title='bbox 411 2001 526 2053; x_wconf 88' lang='lat' dir='ltr'>bominis</span> <span class='ocrx_word' id='word_1_131' title='bbox 543 2001 683 2056; x_wconf 85' lang='lat' dir='ltr'>occidendi</span> <span class='ocrx_word' id='word_1_132' title='bbox 703 2022 781 2057; x_wconf 88' lang='lat' dir='ltr'>eausa</span> <span class='ocrx_word' id='word_1_133' title='bbox 801 2021 862 2055; x_wconf 91' lang='lat' dir='ltr'>eum</span> <span class='ocrx_word' id='word_1_134' title='bbox 883 2001 935 2055; x_wconf 91' lang='lat' dir='ltr'>telo</span> <span class='ocrx_word' id='word_1_135' title='bbox 954 2000 1143 2065; x_wconf 79' lang='lat' dir='ltr'>ambulaverit,</span> <span class='ocrx_word' id='word_1_136' title='bbox 1162 2000 1316 2055; x_wconf 77' lang='lat' dir='ltr'>Martianus</span> <span class='ocrx_word' id='word_1_137' title='bbox 1331 2001 1390 2054; x_wconf 90' lang='lat' dir='ltr'>seri-</span> 
     </span>
     <span class='ocr_line' id='line_1_16' title="bbox 345 2088 1389 2162; baseline 0.002 -21"><span class='ocrx_word' id='word_1_138' title='bbox 345 2088 381 2142; x_wconf 91' lang='lat' dir='ltr'>bit</span> <span class='ocrx_word' id='word_1_139' title='bbox 408 2088 579 2159; x_wconf 84' lang='lat' dir='ltr'>Digestorum</span> <span class='ocrx_word' id='word_1_140' title='bbox 604 2091 725 2143; x_wconf 81' lang='lat' dir='ltr'><strong>XLVIII.</strong></span> <span class='ocrx_word' id='word_1_141' title='bbox 751 2091 783 2143; x_wconf 80' lang='lat' dir='ltr'>acl</span> <span class='ocrx_word' id='word_1_142' title='bbox 812 2090 898 2162; x_wconf 88' lang='lat' dir='ltr'>legem</span> <span class='ocrx_word' id='word_1_143' title='bbox 926 2090 1079 2143; x_wconf 87' lang='lat' dir='ltr'>Corneliam</span> <span class='ocrx_word' id='word_1_144' title='bbox 1107 2090 1140 2144; x_wconf 91' lang='lat' dir='ltr'>de</span> <span class='ocrx_word' id='word_1_145' title='bbox 1166 2090 1297 2145; x_wconf 77' lang='lat' dir='ltr'>sicariIs.“</span> <span class='ocrx_word' id='word_1_146' title='bbox 1323 2091 1389 2144; x_wconf 88' lang='lat' dir='ltr'>Fre.</span> 
     </span>
     <span class='ocr_line' id='line_1_17' title="bbox 345 2176 1390 2249; baseline 0.002 -22"><span class='ocrx_word' id='word_1_147' title='bbox 345 2176 492 2247; x_wconf 79' lang='lat' dir='ltr'>Sylvius.</span> <span class='ocrx_word' id='word_1_148' title='bbox 531 2179 571 2231; x_wconf 80' lang='lat' dir='ltr'>tte</span> <span class='ocrx_word' id='word_1_149' title='bbox 591 2179 647 2249; x_wconf 86' lang='lat' dir='ltr'>lege</span> <span class='ocrx_word' id='word_1_150' title='bbox 667 2179 740 2230; x_wconf 81' lang='lat' dir='ltr'>Iulio</span> <span class='ocrx_word' id='word_1_151' title='bbox 761 2181 791 2231; x_wconf 86' lang='lat' dir='ltr'>de</span> <span class='ocrx_word' id='word_1_152' title='bbox 813 2180 838 2230; x_wconf 81' lang='lat' dir='ltr'>vi</span> <span class='ocrx_word' id='word_1_153' title='bbox 859 2179 908 2231; x_wconf 89' lang='lat' dir='ltr'>vid.</span> <span class='ocrx_word' id='word_1_154' title='bbox 928 2177 1024 2231; x_wconf 89' lang='lat' dir='ltr'>Orellii</span> <span class='ocrx_word' id='word_1_155' title='bbox 1043 2177 1185 2232; x_wconf 89' lang='lat' dir='ltr'>Onomast.</span> <span class='ocrx_word' id='word_1_156' title='bbox 1210 2177 1282 2231; x_wconf 88' lang='lat' dir='ltr'>Tull.</span> <span class='ocrx_word' id='word_1_157' title='bbox 1299 2178 1330 2230; x_wconf 89' lang='grc' dir='ltr'>Τ.</span> <span class='ocrx_word' id='word_1_158' title='bbox 1350 2177 1390 2230; x_wconf 92' lang='grc' dir='ltr'><strong>ΙΙΙ.</strong></span> 
     </span>
     <span class='ocr_line' id='line_1_18' title="bbox 345 2265 1390 2337; baseline 0.002 -22"><span class='ocrx_word' id='word_1_159' title='bbox 345 2283 370 2333; x_wconf 92' lang='lat' dir='ltr'>p.</span> <span class='ocrx_word' id='word_1_160' title='bbox 390 2268 442 2318; x_wconf 68' lang='lat' dir='ltr'>tlt</span> <span class='ocrx_word' id='word_1_161' title='bbox 461 2286 519 2337; x_wconf 89' lang='lat' dir='ltr'>sqq.</span> <span class='ocrx_word' id='word_1_162' title='bbox 565 2267 605 2317; x_wconf 80' lang='lat' dir='ltr'>tte</span> <span class='ocrx_word' id='word_1_163' title='bbox 625 2266 683 2336; x_wconf 89' lang='lat' dir='ltr'>lege</span> <span class='ocrx_word' id='word_1_164' title='bbox 703 2267 823 2318; x_wconf 84' lang='lat' dir='ltr'>Cornelia</span> <span class='ocrx_word' id='word_1_165' title='bbox 844 2268 875 2317; x_wconf 84' lang='lat' dir='ltr'>de</span> <span class='ocrx_word' id='word_1_166' title='bbox 894 2268 998 2318; x_wconf 83' lang='lat' dir='ltr'>sicariis</span> <span class='ocrx_word' id='word_1_167' title='bbox 1016 2265 1066 2317; x_wconf 92' lang='lat' dir='ltr'>vid.</span> <span class='ocrx_word' id='word_1_168' title='bbox 1084 2265 1209 2318; x_wconf 85' lang='lat' dir='ltr'>Eundem</span> <span class='ocrx_word' id='word_1_169' title='bbox 1234 2266 1269 2319; x_wconf 90' lang='lat' dir='ltr'>ib.</span> <span class='ocrx_word' id='word_1_170' title='bbox 1289 2286 1313 2335; x_wconf 87' lang='lat' dir='ltr'>p.</span> <span class='ocrx_word' id='word_1_171' title='bbox 1334 2270 1390 2320; x_wconf 78' lang='grc'>162.</span> 
     </span>
     <span class='ocr_line' id='line_1_19' title="bbox 346 2352 1391 2410; baseline -0.001 -6"><span class='ocrx_word' id='word_1_172' title='bbox 346 2352 413 2405; x_wconf 77' lang='lat' dir='ltr'>Adel.</span> <span class='ocrx_word' id='word_1_173' title='bbox 432 2352 553 2406; x_wconf 76' lang='lat' dir='ltr'>Dirlrsen.</span> <span class='ocrx_word' id='word_1_174' title='bbox 572 2353 698 2408; x_wconf 82' lang='lat' dir='ltr'>Manuale</span> <span class='ocrx_word' id='word_1_175' title='bbox 717 2355 861 2410; x_wconf 78' lang='lat' dir='ltr'>Latinitatis</span> <span class='ocrx_word' id='word_1_176' title='bbox 879 2355 901 2407; x_wconf 88' lang='lat' dir='ltr'>F</span> <span class='ocrx_word' id='word_1_177' title='bbox 903 2355 1007 2408; x_wconf 87' lang='lat' dir='ltr'>entium</span> <span class='ocrx_word' id='word_1_178' title='bbox 1035 2353 1101 2406; x_wconf 92' lang='lat' dir='ltr'>Iuris</span> <span class='ocrx_word' id='word_1_179' title='bbox 1119 2352 1176 2404; x_wconf 88' lang='lat' dir='ltr'>Civ.</span> <span class='ocrx_word' id='word_1_180' title='bbox 1203 2354 1280 2407; x_wconf 87' lang='lat' dir='ltr'>Rom.</span> <span class='ocrx_word' id='word_1_181' title='bbox 1300 2374 1321 2404; x_wconf 84' lang='lat' dir='ltr'>v.</span> <span class='ocrx_word' id='word_1_182' title='bbox 1344 2357 1391 2403; x_wconf 79' lang='lat' dir='ltr'>Ye-</span> 
     </span>
     <span class='ocr_line' id='line_1_20' title="bbox 344 2441 1389 2512; baseline -0.001 -20"><span class='ocrx_word' id='word_1_183' title='bbox 344 2442 412 2503; x_wconf 80' lang='lat' dir='ltr'>lorn,</span> <span class='ocrx_word' id='word_1_184' title='bbox 433 2462 458 2511; x_wconf 92' lang='lat' dir='ltr'>p.</span> <span class='ocrx_word' id='word_1_185' title='bbox 478 2444 539 2496; x_wconf 76' lang='lat' dir='ltr'>uto.</span> <span class='ocrx_word' id='word_1_186' title='bbox 559 2442 617 2495; x_wconf 92' lang='lat' dir='ltr'>Mr.</span> <span class='ocrx_word' id='word_1_187' title='bbox 637 2473 670 2481; x_wconf 95' lang='lat'><strong>—</strong></span> <span class='ocrx_word' id='word_1_188' title='bbox 707 2448 788 2508; x_wconf 83' lang='lat' dir='ltr'>„Com</span> <span class='ocrx_word' id='word_1_189' title='bbox 807 2445 861 2497; x_wconf 87' lang='lat' dir='ltr'>telo</span> <span class='ocrx_word' id='word_1_190' title='bbox 879 2462 935 2495; x_wconf 83' lang='lat' dir='ltr'>esse</span> <span class='ocrx_word' id='word_1_191' title='bbox 953 2442 1050 2496; x_wconf 88' lang='lat' dir='ltr'>dicitur</span> <span class='ocrx_word' id='word_1_192' title='bbox 1068 2441 1102 2504; x_wconf 83' lang='lat' dir='ltr'>is,</span> <span class='ocrx_word' id='word_1_193' title='bbox 1131 2442 1178 2512; x_wconf 89' lang='lat' dir='ltr'>qui</span> <span class='ocrx_word' id='word_1_194' title='bbox 1205 2462 1232 2495; x_wconf 90' lang='lat' dir='ltr'>se</span> <span class='ocrx_word' id='word_1_195' title='bbox 1258 2441 1389 2494; x_wconf 78' lang='lat' dir='ltr'>mortifero</span> 
     </span>
     <span class='ocr_line' id='line_1_21' title="bbox 344 2527 1389 2604; baseline 0.002 -23"><span class='ocrx_word' id='word_1_196' title='bbox 344 2527 396 2581; x_wconf 89' lang='lat' dir='ltr'>telo</span> <span class='ocrx_word' id='word_1_197' title='bbox 415 2548 434 2580; x_wconf 88' lang='lat' dir='ltr'>s.</span> <span class='ocrx_word' id='word_1_198' title='bbox 452 2528 630 2585; x_wconf 90' lang='lat' dir='ltr'>instrumento</span> <span class='ocrx_word' id='word_1_199' title='bbox 649 2532 789 2586; x_wconf 85' lang='lat' dir='ltr'>armaverit</span> <span class='ocrx_word' id='word_1_200' title='bbox 813 2533 846 2587; x_wconf 81' lang='lat' dir='ltr'>ael</span> <span class='ocrx_word' id='word_1_201' title='bbox 866 2533 983 2604; x_wconf 87' lang='lat' dir='ltr'>aliquem</span> <span class='ocrx_word' id='word_1_202' title='bbox 1002 2529 1218 2585; x_wconf 82' lang='lat' dir='ltr'>interficiendum</span> <span class='ocrx_word' id='word_1_203' title='bbox 1241 2541 1288 2585; x_wconf 88' lang='lat' dir='ltr'>aut</span> <span class='ocrx_word' id='word_1_204' title='bbox 1304 2530 1389 2583; x_wconf 81' lang='lat' dir='ltr'>vnlne-</span> 
     </span>
     <span class='ocr_line' id='line_1_22' title="bbox 345 2617 1388 2691; baseline 0 -23"><span class='ocrx_word' id='word_1_205' title='bbox 345 2617 467 2669; x_wconf 88' lang='lat' dir='ltr'>randum.</span> <span class='ocrx_word' id='word_1_206' title='bbox 515 2618 644 2690; x_wconf 86' lang='lat' dir='ltr'>Quisquis</span> <span class='ocrx_word' id='word_1_207' title='bbox 662 2620 743 2691; x_wconf 88' lang='lat' dir='ltr'>igitur</span> <span class='ocrx_word' id='word_1_208' title='bbox 761 2640 823 2674; x_wconf 94' lang='lat' dir='ltr'>eum</span> <span class='ocrx_word' id='word_1_209' title='bbox 850 2621 903 2674; x_wconf 88' lang='lat' dir='ltr'>telo</span> <span class='ocrx_word' id='word_1_210' title='bbox 927 2620 990 2685; x_wconf 85' lang='lat' dir='ltr'>luit,</span> <span class='ocrx_word' id='word_1_211' title='bbox 1023 2618 1124 2673; x_wconf 86' lang='lat' dir='ltr'>etiamsi</span> <span class='ocrx_word' id='word_1_212' title='bbox 1151 2619 1275 2671; x_wconf 88' lang='lat' dir='ltr'>nondum</span> <span class='ocrx_word' id='word_1_213' title='bbox 1300 2637 1388 2689; x_wconf 89' lang='lat' dir='ltr'>quern-</span> 
     </span>
     <span class='ocr_line' id='line_1_23' title="bbox 344 2705 1387 2777; baseline -0.002 -20"><span class='ocrx_word' id='word_1_214' title='bbox 344 2725 424 2776; x_wconf 87' lang='lat' dir='ltr'>quam</span> <span class='ocrx_word' id='word_1_215' title='bbox 454 2706 601 2773; x_wconf 77' lang='lat' dir='ltr'>interfecit,</span> <span class='ocrx_word' id='word_1_216' title='bbox 633 2720 720 2762; x_wconf 90' lang='lat' dir='ltr'>tamen</span> <span class='ocrx_word' id='word_1_217' title='bbox 746 2708 858 2761; x_wconf 88' lang='lat' dir='ltr'>babetur</span> <span class='ocrx_word' id='word_1_218' title='bbox 887 2708 995 2761; x_wconf 90' lang='lat' dir='ltr'>sicarius</span> <span class='ocrx_word' id='word_1_219' title='bbox 1020 2707 1134 2777; x_wconf 88' lang='lat' dir='ltr'>ideoque</span> <span class='ocrx_word' id='word_1_220' title='bbox 1162 2706 1289 2761; x_wconf 89' lang='lat' dir='ltr'>inimicus</span> <span class='ocrx_word' id='word_1_221' title='bbox 1314 2705 1387 2774; x_wconf 87' lang='lat' dir='ltr'>[vides</span> 
     </span>
     <span class='ocr_line' id='line_1_24' title="bbox 343 2793 1386 2867; baseline -0.003 -23"><span class='ocrx_word' id='word_1_222' title='bbox 343 2795 582 2866; x_wconf 84' lang='lat' dir='ltr'>Wyttenbaebium</span> <span class='ocrx_word' id='word_1_223' title='bbox 593 2797 793 2867; x_wconf 87' lang='lat' dir='ltr'>interpretando</span> <span class='ocrx_word' id='word_1_224' title='bbox 813 2796 975 2867; x_wconf 87' lang='lat' dir='ltr'>patrocinari</span> <span class='ocrx_word' id='word_1_225' title='bbox 994 2795 1113 2865; x_wconf 85' lang='lat' dir='ltr'>vulgatae</span> <span class='ocrx_word' id='word_1_226' title='bbox 1132 2795 1291 2864; x_wconf 83' lang='lat' dir='ltr'>appelletur</span> <span class='ocrx_word' id='word_1_227' title='bbox 1307 2793 1386 2844; x_wconf 85' lang='lat' dir='ltr'>inimi-</span> 
     </span>
     <span class='ocr_line' id='line_1_25' title="bbox 344 2882 1384 2955; baseline -0.001 -22"><span class='ocrx_word' id='word_1_228' title='bbox 344 2885 417 2949; x_wconf 64' lang='lat' dir='ltr'>cum]</span> <span class='ocrx_word' id='word_1_229' title='bbox 438 2895 463 2936; x_wconf 87' lang='lat' dir='ltr'>et</span> <span class='ocrx_word' id='word_1_230' title='bbox 482 2904 537 2936; x_wconf 95' lang='lat' dir='ltr'>non</span> <span class='ocrx_word' id='word_1_231' title='bbox 558 2884 639 2937; x_wconf 91' lang='lat' dir='ltr'>modo</span> <span class='ocrx_word' id='word_1_232' title='bbox 658 2885 727 2950; x_wconf 86' lang='lat' dir='ltr'>eius,</span> <span class='ocrx_word' id='word_1_233' title='bbox 746 2904 827 2955; x_wconf 88' lang='lat' dir='ltr'>quem</span> <span class='ocrx_word' id='word_1_234' title='bbox 846 2884 997 2938; x_wconf 86' lang='lat' dir='ltr'>interficere</span> <span class='ocrx_word' id='word_1_235' title='bbox 1016 2883 1112 2948; x_wconf 86' lang='lat' dir='ltr'>voluit,</span> <span class='ocrx_word' id='word_1_236' title='bbox 1132 2883 1178 2935; x_wconf 87' lang='lat' dir='ltr'>sed</span> <span class='ocrx_word' id='word_1_237' title='bbox 1198 2884 1314 2954; x_wconf 83' lang='lat' dir='ltr'>patriae,</span> <span class='ocrx_word' id='word_1_238' title='bbox 1331 2882 1384 2953; x_wconf 88' lang='lat' dir='ltr'>quia</span> 
     </span>
    </p>
   </div>
   <div class='ocr_carea' id='block_1_5' title="bbox 343 2970 1386 3461">
    <p class='ocr_par' dir='ltr' id='par_1_6' title="bbox 343 2970 1386 3461">
     <span class='ocr_line' id='line_1_26' title="bbox 345 2970 1386 3043; baseline -0.001 -20"><span class='ocrx_word' id='word_1_239' title='bbox 345 2981 436 3023; x_wconf 88' lang='lat' dir='ltr'>eontra</span> <span class='ocrx_word' id='word_1_240' title='bbox 457 2971 528 3043; x_wconf 86' lang='lat' dir='ltr'>leges</span> <span class='ocrx_word' id='word_1_241' title='bbox 546 2971 607 3041; x_wconf 84' lang='lat' dir='ltr'>agit.</span> <span class='ocrx_word' id='word_1_242' title='bbox 644 2971 763 3024; x_wconf 87' lang='lat' dir='ltr'>Pertinet</span> <span class='ocrx_word' id='word_1_243' title='bbox 781 2983 871 3024; x_wconf 87' lang='lat' dir='ltr'>autern</span> <span class='ocrx_word' id='word_1_244' title='bbox 890 2971 942 3026; x_wconf 91' lang='lat' dir='ltr'>boe</span> <span class='ocrx_word' id='word_1_245' title='bbox 966 2974 998 3024; x_wconf 81' lang='lat' dir='ltr'>ad</span> <span class='ocrx_word' id='word_1_246' title='bbox 1024 2971 1109 3041; x_wconf 90' lang='lat' dir='ltr'>legem</span> <span class='ocrx_word' id='word_1_247' title='bbox 1129 2970 1286 3024; x_wconf 85' lang='lat' dir='ltr'>Corneliam</span> <span class='ocrx_word' id='word_1_248' title='bbox 1309 2971 1340 3023; x_wconf 79' lang='lat' dir='ltr'>(le</span> <span class='ocrx_word' id='word_1_249' title='bbox 1355 2970 1386 3022; x_wconf 90' lang='lat' dir='ltr'>si-</span> 
     </span>
     <span class='ocr_line' id='line_1_27' title="bbox 344 3056 1386 3131; baseline 0 -22"><span class='ocrx_word' id='word_1_250' title='bbox 344 3057 435 3122; x_wconf 86' lang='lat' dir='ltr'>cariis,</span> <span class='ocrx_word' id='word_1_251' title='bbox 454 3057 487 3110; x_wconf 91' lang='lat' dir='ltr'>de</span> <span class='ocrx_word' id='word_1_252' title='bbox 506 3078 558 3129; x_wconf 86' lang='lat' dir='ltr'>qua</span> <span class='ocrx_word' id='word_1_253' title='bbox 580 3059 631 3111; x_wconf 88' lang='lat' dir='ltr'>vid.</span> <span class='ocrx_word' id='word_1_254' title='bbox 667 3058 758 3112; x_wconf 83' lang='lat' dir='ltr'>Baebii</span> <span class='ocrx_word' id='word_1_255' title='bbox 778 3057 842 3111; x_wconf 85' lang='lat' dir='ltr'>Ilist.</span> <span class='ocrx_word' id='word_1_256' title='bbox 860 3056 913 3111; x_wconf 92' lang='lat' dir='ltr'>Inr.</span> <span class='ocrx_word' id='word_1_257' title='bbox 930 3060 1009 3113; x_wconf 88' lang='lat' dir='ltr'>Rom.</span> <span class='ocrx_word' id='word_1_258' title='bbox 1029 3060 1057 3111; x_wconf 66' lang='lat'>11.</span> <span class='ocrx_word' id='word_1_259' title='bbox 1076 3058 1108 3111; x_wconf 93' lang='lat' dir='ltr'>II.</span> <span class='ocrx_word' id='word_1_260' title='bbox 1129 3064 1159 3113; x_wconf 87' lang='lat' dir='ltr'>C.</span> <span class='ocrx_word' id='word_1_261' title='bbox 1179 3066 1202 3114; x_wconf 76' lang='lat'>².</span> <span class='ocrx_word' id='word_1_262' title='bbox 1221 3058 1245 3131; x_wconf 62' lang='grc' dir='ltr'>ᾗ.</span> <span class='ocrx_word' id='word_1_263' title='bbox 1265 3063 1325 3115; x_wconf 76' lang='grc' dir='ltr'><strong>4Ί.“</strong></span> <span class='ocrx_word' id='word_1_264' title='bbox 1342 3060 1386 3126; x_wconf 89' lang='lat' dir='ltr'>[est</span> 
     </span>
     <span class='ocr_line' id='line_1_28' title="bbox 344 3141 1385 3217; baseline 0 -20"><span class='ocrx_word' id='word_1_265' title='bbox 344 3141 366 3213; x_wconf 70' lang='grc'>5.</span> <span class='ocrx_word' id='word_1_266' title='bbox 377 3147 421 3200; x_wconf 71' lang='grc'>13.</span> <span class='ocrx_word' id='word_1_267' title='bbox 441 3166 466 3215; x_wconf 90' lang='lat' dir='ltr'>p.</span> <span class='ocrx_word' id='word_1_268' title='bbox 481 3149 533 3200; x_wconf 72' lang='grc'>116</span> <span class='ocrx_word' id='word_1_269' title='bbox 548 3166 585 3217; x_wconf 86' lang='lat' dir='ltr'>sq.</span> <span class='ocrx_word' id='word_1_270' title='bbox 606 3146 654 3200; x_wconf 86' lang='lat' dir='ltr'>Ed.</span> <span class='ocrx_word' id='word_1_271' title='bbox 674 3146 718 3198; x_wconf 92' lang='lat' dir='ltr'>VI.</span> <span class='ocrx_word' id='word_1_272' title='bbox 739 3144 779 3198; x_wconf 89' lang='lat' dir='ltr'>ed.</span> <span class='ocrx_word' id='word_1_273' title='bbox 799 3144 985 3214; x_wconf 85' lang='lat' dir='ltr'>Stoelvmauu.]</span> <span class='ocrx_word' id='word_1_274' title='bbox 1006 3149 1187 3217; x_wconf 85' lang='lat' dir='ltr'>Wyttenb.</span> <span class='ocrx_word' id='word_1_275' title='bbox 1224 3148 1310 3201; x_wconf 86' lang='lat' dir='ltr'>Habet</span> <span class='ocrx_word' id='word_1_276' title='bbox 1326 3146 1385 3200; x_wconf 70' lang='lat' dir='ltr'>(luel.</span> 
     </span>
     <span class='ocr_line' id='line_1_29' title="bbox 343 3232 1384 3307; baseline 0.002 -22"><span class='ocrx_word' id='word_1_277' title='bbox 343 3232 401 3286; x_wconf 83' lang='lat' dir='ltr'>Cre.</span> <span class='ocrx_word' id='word_1_278' title='bbox 412 3237 436 3286; x_wconf 86' lang='lat'>1.</span> <span class='ocrx_word' id='word_1_279' title='bbox 459 3235 506 3306; x_wconf 86' lang='lat' dir='ltr'>qui</span> <span class='ocrx_word' id='word_1_280' title='bbox 524 3254 584 3286; x_wconf 88' lang='lat' dir='ltr'>eom</span> <span class='ocrx_word' id='word_1_281' title='bbox 602 3235 655 3286; x_wconf 84' lang='lat' dir='ltr'>telo</span> <span class='ocrx_word' id='word_1_282' title='bbox 675 3245 737 3285; x_wconf 86' lang='lat' dir='ltr'>onte</span> <span class='ocrx_word' id='word_1_283' title='bbox 756 3246 880 3287; x_wconf 78' lang='lat' dir='ltr'>serratum</span> <span class='ocrx_word' id='word_1_284' title='bbox 895 3238 996 3307; x_wconf 81' lang='lat' dir='ltr'>fuerit.</span> <span class='ocrx_word' id='word_1_285' title='bbox 1033 3235 1102 3287; x_wconf 90' lang='lat' dir='ltr'>Mira</span> <span class='ocrx_word' id='word_1_286' title='bbox 1121 3247 1160 3290; x_wconf 82' lang='lat' dir='ltr'>est</span> <span class='ocrx_word' id='word_1_287' title='bbox 1178 3236 1315 3291; x_wconf 87' lang='lat' dir='ltr'>distinctio</span> <span class='ocrx_word' id='word_1_288' title='bbox 1332 3235 1384 3307; x_wconf 89' lang='lat' dir='ltr'>plu·</span> 
     </span>
     <span class='ocr_line' id='line_1_30' title="bbox 343 3320 1385 3395; baseline 0.001 -24"><span class='ocrx_word' id='word_1_289' title='bbox 343 3322 472 3375; x_wconf 84' lang='lat' dir='ltr'>rimarum</span> <span class='ocrx_word' id='word_1_290' title='bbox 492 3320 559 3375; x_wconf 87' lang='lat' dir='ltr'>Edd.</span> <span class='ocrx_word' id='word_1_291' title='bbox 576 3333 636 3375; x_wconf 90' lang='lat' dir='ltr'>ante</span> <span class='ocrx_word' id='word_1_292' title='bbox 655 3320 747 3386; x_wconf 81' lang='lat' dir='ltr'>Grut,</span> <span class='ocrx_word' id='word_1_293' title='bbox 768 3342 836 3393; x_wconf 90' lang='lat' dir='ltr'>quae</span> <span class='ocrx_word' id='word_1_294' title='bbox 855 3324 978 3377; x_wconf 77' lang='lat' dir='ltr'>exhibent</span> <span class='ocrx_word' id='word_1_295' title='bbox 996 3325 1043 3395; x_wconf 80' lang='lat' dir='ltr'>qui</span> <span class='ocrx_word' id='word_1_296' title='bbox 1067 3343 1127 3375; x_wconf 81' lang='lat' dir='ltr'>eoru</span> <span class='ocrx_word' id='word_1_297' title='bbox 1146 3324 1202 3375; x_wconf 79' lang='lat' dir='ltr'>telo</span> <span class='ocrx_word' id='word_1_298' title='bbox 1220 3324 1313 3395; x_wconf 81' lang='lat' dir='ltr'>suerit</span> <span class='ocrx_word' id='word_1_299' title='bbox 1329 3330 1385 3375; x_wconf 79' lang='lat' dir='ltr'>onte</span> 
     </span>
     <span class='ocr_line' id='line_1_31' title="bbox 343 3408 582 3461; baseline 0.013 -3"><span class='ocrx_word' id='word_1_300' title='bbox 343 3408 488 3461; x_wconf 83' lang='lat' dir='ltr'>senatum?</span> <span class='ocrx_word' id='word_1_301' title='bbox 524 3409 582 3461; x_wconf 73' lang='grc' dir='ltr'>ΜΓ.</span> 
     </span>
    </p>
   </div>
   <div class='ocr_carea' id='block_1_6' title="bbox 336 3498 1384 4538">
    <p class='ocr_par' dir='ltr' id='par_1_7' title="bbox 338 3498 1384 4002">
     <span class='ocr_line' id='line_1_32' title="bbox 411 3498 1384 3569; baseline 0.003 -22"><span class='ocrx_word' id='word_1_302' title='bbox 411 3498 487 3548; x_wconf 84' lang='lat' dir='ltr'>Ante</span> <span class='ocrx_word' id='word_1_303' title='bbox 506 3508 629 3549; x_wconf 84' lang='lat' dir='ltr'>senatum</span> <span class='ocrx_word' id='word_1_304' title='bbox 648 3508 698 3551; x_wconf 87' lang='lat' dir='ltr'>tuo</span> <span class='ocrx_word' id='word_1_305' title='bbox 724 3501 781 3551; x_wconf 89' lang='lat' dir='ltr'>sica</span> <span class='ocrx_word' id='word_1_306' title='bbox 806 3500 970 3569; x_wconf 82' lang='lat' dir='ltr'>deprebensa</span> <span class='ocrx_word' id='word_1_307' title='bbox 995 3501 1056 3566; x_wconf 87' lang='lat' dir='ltr'>est.]</span> <span class='ocrx_word' id='word_1_308' title='bbox 1101 3498 1237 3562; x_wconf 75' lang='lat' dir='ltr'>„Auctore</span> <span class='ocrx_word' id='word_1_309' title='bbox 1263 3498 1384 3554; x_wconf 88' lang='lat' dir='ltr'>Cicerone</span> 
     </span>
     <span class='ocr_line' id='line_1_33' title="bbox 342 3583 1382 3654; baseline 0.009 -22"><span class='ocrx_word' id='word_1_310' title='bbox 342 3600 390 3652; x_wconf 89' lang='lat' dir='ltr'>pro</span> <span class='ocrx_word' id='word_1_311' title='bbox 409 3583 523 3636; x_wconf 84' lang='lat' dir='ltr'>Milone:</span> <span class='ocrx_word' id='word_1_312' title='bbox 550 3588 755 3654; x_wconf 73' lang='lat' dir='ltr'>Comprehensos</span> <span class='ocrx_word' id='word_1_313' title='bbox 778 3589 866 3639; x_wconf 85' lang='lat' dir='ltr'>estin</span> <span class='ocrx_word' id='word_1_314' title='bbox 892 3590 956 3639; x_wconf 81' lang='lat' dir='ltr'>aede</span> <span class='ocrx_word' id='word_1_315' title='bbox 983 3590 1102 3639; x_wconf 82' lang='lat' dir='ltr'>Castoris</span> <span class='ocrx_word' id='word_1_316' title='bbox 1119 3606 1215 3639; x_wconf 87' lang='lat' dir='ltr'>servos</span> <span class='ocrx_word' id='word_1_317' title='bbox 1239 3593 1275 3641; x_wconf 88' lang='lat' dir='ltr'>P.</span> <span class='ocrx_word' id='word_1_318' title='bbox 1301 3586 1382 3647; x_wconf 69' lang='lat' dir='ltr'>otalii.</span> 
     </span>
     <span class='ocr_line' id='line_1_34' title="bbox 341 3671 1383 3743; baseline 0 -22"><span class='ocrx_word' id='word_1_319' title='bbox 341 3690 416 3739; x_wconf 78' lang='lat' dir='ltr'>qoem</span> <span class='ocrx_word' id='word_1_320' title='bbox 441 3671 487 3721; x_wconf 84' lang='lat' dir='ltr'>ille</span> <span class='ocrx_word' id='word_1_321' title='bbox 514 3674 551 3721; x_wconf 84' lang='lat' dir='ltr'>nd</span> <span class='ocrx_word' id='word_1_322' title='bbox 576 3678 621 3725; x_wconf 84' lang='lat' dir='ltr'>Cn.</span> <span class='ocrx_word' id='word_1_323' title='bbox 648 3675 802 3742; x_wconf 78' lang='lat' dir='ltr'>Pompeiam</span> <span class='ocrx_word' id='word_1_324' title='bbox 827 3676 1040 3743; x_wconf 79' lang='lat' dir='ltr'>interficiendum</span> <span class='ocrx_word' id='word_1_325' title='bbox 1066 3674 1262 3727; x_wconf 78' lang='lat' dir='ltr'>collocaverat:</span> <span class='ocrx_word' id='word_1_326' title='bbox 1286 3682 1383 3727; x_wconf 85' lang='lat' dir='ltr'>extorto</span> 
     </span>
     <span class='ocr_line' id='line_1_35' title="bbox 340 3756 1382 3836; baseline 0.007 -31"><span class='ocrx_word' id='word_1_327' title='bbox 340 3766 380 3806; x_wconf 85' lang='lat' dir='ltr'>est</span> <span class='ocrx_word' id='word_1_328' title='bbox 399 3756 538 3822; x_wconf 86' lang='lat' dir='ltr'>confitenti</span> <span class='ocrx_word' id='word_1_329' title='bbox 556 3760 613 3808; x_wconf 85' lang='lat' dir='ltr'>sica</span> <span class='ocrx_word' id='word_1_330' title='bbox 632 3761 662 3809; x_wconf 85' lang='lat' dir='ltr'>de</span> <span class='ocrx_word' id='word_1_331' title='bbox 682 3760 813 3816; x_wconf 83' lang='lat' dir='ltr'>manibus.</span> <span class='ocrx_word' id='word_1_332' title='bbox 858 3765 924 3817; x_wconf 87' lang='lat' dir='ltr'>Item</span> <span class='ocrx_word' id='word_1_333' title='bbox 946 3764 1035 3836; x_wconf 88' lang='lat' dir='ltr'>paullo</span> <span class='ocrx_word' id='word_1_334' title='bbox 1055 3774 1126 3833; x_wconf 89' lang='lat' dir='ltr'>post:</span> <span class='ocrx_word' id='word_1_335' title='bbox 1157 3764 1310 3816; x_wconf 78' lang='lat' dir='ltr'>Insidiator</span> <span class='ocrx_word' id='word_1_336' title='bbox 1330 3770 1382 3814; x_wconf 87' lang='lat' dir='ltr'>erut</span> 
     </span>
     <span class='ocr_line' id='line_1_36' title="bbox 338 3843 1381 3921; baseline 0.007 -29"><span class='ocrx_word' id='word_1_337' title='bbox 338 3844 366 3893; x_wconf 86' lang='lat' dir='ltr'>in</span> <span class='ocrx_word' id='word_1_338' title='bbox 380 3843 446 3912; x_wconf 87' lang='lat' dir='ltr'>soro</span> <span class='ocrx_word' id='word_1_339' title='bbox 465 3843 611 3896; x_wconf 81' lang='lat' dir='ltr'>collocatus</span> <span class='ocrx_word' id='word_1_340' title='bbox 630 3857 712 3917; x_wconf 83' lang='lat' dir='ltr'>utque</span> <span class='ocrx_word' id='word_1_341' title='bbox 731 3849 759 3899; x_wconf 86' lang='lat' dir='ltr'>in</span> <span class='ocrx_word' id='word_1_342' title='bbox 780 3849 911 3902; x_wconf 82' lang='lat' dir='ltr'>vestibulo</span> <span class='ocrx_word' id='word_1_343' title='bbox 922 3853 979 3920; x_wconf 84' lang='lat' dir='ltr'>ipso</span> <span class='ocrx_word' id='word_1_344' title='bbox 990 3856 1132 3905; x_wconf 79' lang='lat' dir='ltr'>senatos.“</span> <span class='ocrx_word' id='word_1_345' title='bbox 1150 3850 1224 3904; x_wconf 88' lang='lat' dir='ltr'>Fre.</span> <span class='ocrx_word' id='word_1_346' title='bbox 1242 3849 1381 3921; x_wconf 87' lang='lat' dir='ltr'>Sylvius.</span> 
     </span>
     <span class='ocr_line' id='line_1_37' title="bbox 342 3927 1303 4002; baseline 0.011 -22"><span class='ocrx_word' id='word_1_347' title='bbox 342 3929 400 3982; x_wconf 87' lang='lat' dir='ltr'>Vid.</span> <span class='ocrx_word' id='word_1_348' title='bbox 419 3927 495 3982; x_wconf 90' lang='lat' dir='ltr'>Orat.</span> <span class='ocrx_word' id='word_1_349' title='bbox 516 3949 565 4000; x_wconf 90' lang='lat' dir='ltr'>pro</span> <span class='ocrx_word' id='word_1_350' title='bbox 584 3930 686 3986; x_wconf 84' lang='lat' dir='ltr'>Milone</span> <span class='ocrx_word' id='word_1_351' title='bbox 705 3938 730 4000; x_wconf 76' lang='grc' dir='ltr'>ἵ,</span> <span class='ocrx_word' id='word_1_352' title='bbox 751 3939 800 4001; x_wconf 82' lang='grc'>18;</span> <span class='ocrx_word' id='word_1_353' title='bbox 817 3936 878 3990; x_wconf 90' lang='lat' dir='ltr'>coll.</span> <span class='ocrx_word' id='word_1_354' title='bbox 897 3937 945 3993; x_wconf 89' lang='lat' dir='ltr'>Or.</span> <span class='ocrx_word' id='word_1_355' title='bbox 965 3941 991 3992; x_wconf 92' lang='lat' dir='ltr'>in</span> <span class='ocrx_word' id='word_1_356' title='bbox 1012 3940 1100 3992; x_wconf 89' lang='lat' dir='ltr'>Pison.</span> <span class='ocrx_word' id='word_1_357' title='bbox 1119 3936 1227 4002; x_wconf 51' lang='lat'>1228.</span> <span class='ocrx_word' id='word_1_358' title='bbox 1265 3938 1303 3991; x_wconf 93' lang='lat' dir='ltr'>M.</span> 
     </span>
    </p>

    <p class='ocr_par' dir='ltr' id='par_1_8' title="bbox 336 4019 1382 4450">
     <span class='ocr_line' id='line_1_38' title="bbox 408 4019 1382 4093; baseline 0.004 -22"><span class='ocrx_word' id='word_1_359' title='bbox 408 4030 458 4071; x_wconf 84' lang='lat' dir='ltr'>tuo</span> <span class='ocrx_word' id='word_1_360' title='bbox 477 4019 546 4086; x_wconf 82' lang='lat' dir='ltr'>sico]</span> <span class='ocrx_word' id='word_1_361' title='bbox 585 4020 659 4088; x_wconf 90' lang='lat' dir='ltr'>„Qui</span> <span class='ocrx_word' id='word_1_362' title='bbox 687 4023 808 4077; x_wconf 87' lang='lat' dir='ltr'>homines</span> <span class='ocrx_word' id='word_1_363' title='bbox 835 4026 975 4081; x_wconf 87' lang='lat' dir='ltr'>occidendi</span> <span class='ocrx_word' id='word_1_364' title='bbox 995 4046 1086 4081; x_wconf 87' lang='lat' dir='ltr'>caussa</span> <span class='ocrx_word' id='word_1_365' title='bbox 1106 4046 1167 4081; x_wconf 90' lang='lat' dir='ltr'>eum</span> <span class='ocrx_word' id='word_1_366' title='bbox 1188 4026 1242 4079; x_wconf 88' lang='lat' dir='ltr'>telo</span> <span class='ocrx_word' id='word_1_367' title='bbox 1261 4027 1308 4090; x_wconf 88' lang='lat' dir='ltr'>sit,</span> <span class='ocrx_word' id='word_1_368' title='bbox 1331 4022 1382 4093; x_wconf 80' lang='lat' dir='ltr'>lege</span> 
     </span>
     <span class='ocr_line' id='line_1_39' title="bbox 338 4108 1382 4186; baseline 0.004 -25"><span class='ocrx_word' id='word_1_369' title='bbox 338 4108 462 4161; x_wconf 81' lang='lat' dir='ltr'>Cornelia</span> <span class='ocrx_word' id='word_1_370' title='bbox 482 4120 606 4174; x_wconf 88' lang='lat' dir='ltr'>tenetur,</span> <span class='ocrx_word' id='word_1_371' title='bbox 636 4129 667 4163; x_wconf 89' lang='lat' dir='ltr'>ac</span> <span class='ocrx_word' id='word_1_372' title='bbox 687 4113 799 4182; x_wconf 85' lang='lat' dir='ltr'>proinde</span> <span class='ocrx_word' id='word_1_373' title='bbox 820 4115 913 4186; x_wconf 84' lang='lat' dir='ltr'>expelli</span> <span class='ocrx_word' id='word_1_374' title='bbox 941 4116 1035 4177; x_wconf 81' lang='lat' dir='ltr'>debet;</span> <span class='ocrx_word' id='word_1_375' title='bbox 1064 4135 1153 4167; x_wconf 83' lang='lat' dir='ltr'>servus</span> <span class='ocrx_word' id='word_1_376' title='bbox 1184 4126 1276 4167; x_wconf 88' lang='lat' dir='ltr'>autem</span> <span class='ocrx_word' id='word_1_377' title='bbox 1305 4109 1382 4165; x_wconf 83' lang='lat' dir='ltr'>Clodii</span> 
     </span>
     <span class='ocr_line' id='line_1_40' title="bbox 336 4197 1381 4273; baseline 0.001 -24"><span class='ocrx_word' id='word_1_378' title='bbox 336 4197 544 4269; x_wconf 83' lang='lat' dir='ltr'>comprehensus</span> <span class='ocrx_word' id='word_1_379' title='bbox 563 4210 601 4252; x_wconf 86' lang='lat' dir='ltr'>est</span> <span class='ocrx_word' id='word_1_380' title='bbox 619 4218 680 4253; x_wconf 89' lang='lat' dir='ltr'>eum</span> <span class='ocrx_word' id='word_1_381' title='bbox 699 4200 751 4255; x_wconf 84' lang='lat' dir='ltr'>sica</span> <span class='ocrx_word' id='word_1_382' title='bbox 770 4202 796 4254; x_wconf 90' lang='lat' dir='ltr'>in</span> <span class='ocrx_word' id='word_1_383' title='bbox 816 4204 944 4256; x_wconf 84' lang='lat' dir='ltr'>vestibulo</span> <span class='ocrx_word' id='word_1_384' title='bbox 963 4205 1092 4268; x_wconf 86' lang='lat' dir='ltr'>Senatus,</span> <span class='ocrx_word' id='word_1_385' title='bbox 1111 4204 1143 4255; x_wconf 81' lang='lat' dir='ltr'>ad</span> <span class='ocrx_word' id='word_1_386' title='bbox 1163 4202 1325 4273; x_wconf 87' lang='lat' dir='ltr'>Pompeium</span> <span class='ocrx_word' id='word_1_387' title='bbox 1342 4216 1381 4251; x_wconf 88' lang='lat' dir='ltr'>oc·</span> 
     </span>
     <span class='ocr_line' id='line_1_41' title="bbox 336 4284 1381 4362; baseline 0.009 -28"><span class='ocrx_word' id='word_1_388' title='bbox 336 4284 478 4338; x_wconf 86' lang='lat' dir='ltr'>cidendum</span> <span class='ocrx_word' id='word_1_389' title='bbox 496 4308 510 4338; x_wconf 88' lang='lat' dir='ltr'>a</span> <span class='ocrx_word' id='word_1_390' title='bbox 531 4287 641 4340; x_wconf 87' lang='lat' dir='ltr'>domino</span> <span class='ocrx_word' id='word_1_391' title='bbox 661 4288 812 4343; x_wconf 86' lang='lat' dir='ltr'>collocatus.</span> <span class='ocrx_word' id='word_1_392' title='bbox 851 4291 893 4344; x_wconf 90' lang='lat' dir='ltr'>De</span> <span class='ocrx_word' id='word_1_393' title='bbox 914 4293 1023 4355; x_wconf 82' lang='lat' dir='ltr'>rebec,</span> <span class='ocrx_word' id='word_1_394' title='bbox 1051 4302 1076 4343; x_wconf 90' lang='lat' dir='ltr'>et</span> <span class='ocrx_word' id='word_1_395' title='bbox 1096 4291 1168 4356; x_wconf 91' lang='lat' dir='ltr'>aliis,</span> <span class='ocrx_word' id='word_1_396' title='bbox 1195 4310 1265 4362; x_wconf 90' lang='lat' dir='ltr'>quae</span> <span class='ocrx_word' id='word_1_397' title='bbox 1296 4286 1381 4343; x_wconf 75' lang='lat' dir='ltr'>tiele</span> 
     </span>
     <span class='ocr_line' id='line_1_42' title="bbox 336 4366 1098 4450; baseline 0.018 -33"><span class='ocrx_word' id='word_1_398' title='bbox 336 4366 430 4422; x_wconf 82' lang='lat' dir='ltr'>Ctonio</span> <span class='ocrx_word' id='word_1_399' title='bbox 449 4374 588 4440; x_wconf 87' lang='lat' dir='ltr'>dicuntur,</span> <span class='ocrx_word' id='word_1_400' title='bbox 609 4377 666 4430; x_wconf 90' lang='lat' dir='ltr'>vide</span> <span class='ocrx_word' id='word_1_401' title='bbox 685 4376 760 4431; x_wconf 92' lang='lat' dir='ltr'>Orat.</span> <span class='ocrx_word' id='word_1_402' title='bbox 781 4396 830 4450; x_wconf 91' lang='lat' dir='ltr'>pro</span> <span class='ocrx_word' id='word_1_403' title='bbox 850 4378 963 4435; x_wconf 91' lang='lat' dir='ltr'>Milone.</span> <span class='ocrx_word' id='word_1_404' title='bbox 1001 4380 1098 4433; x_wconf 83' lang='lat' dir='ltr'>Face.</span> 
     </span>
    </p>

    <p class='ocr_par' dir='ltr' id='par_1_9' title="bbox 405 4462 1381 4538">
     <span class='ocr_line' id='line_1_43' title="bbox 405 4462 1381 4538; baseline 0.011 -31"><span class='ocrx_word' id='word_1_405' title='bbox 405 4470 468 4510; x_wconf 85' lang='lat' dir='ltr'>onte</span> <span class='ocrx_word' id='word_1_406' title='bbox 488 4475 611 4515; x_wconf 81' lang='lat' dir='ltr'>senatum</span> <span class='ocrx_word' id='word_1_407' title='bbox 637 4477 687 4517; x_wconf 87' lang='lat' dir='ltr'>toa</span> <span class='ocrx_word' id='word_1_408' title='bbox 713 4469 770 4519; x_wconf 86' lang='lat' dir='ltr'>sico</span> <span class='ocrx_word' id='word_1_409' title='bbox 800 4468 963 4538; x_wconf 78' lang='lat' dir='ltr'>deprebensa</span> <span class='ocrx_word' id='word_1_410' title='bbox 990 4467 1052 4532; x_wconf 86' lang='lat' dir='ltr'>est.]</span> <span class='ocrx_word' id='word_1_411' title='bbox 1100 4465 1187 4519; x_wconf 79' lang='lat' dir='ltr'>codd.</span> <span class='ocrx_word' id='word_1_412' title='bbox 1219 4467 1286 4521; x_wconf 78' lang='lat' dir='ltr'>On.</span> <span class='ocrx_word' id='word_1_413' title='bbox 1304 4465 1334 4519; x_wconf 86' lang='lat' dir='ltr'>E.</span> <span class='ocrx_word' id='word_1_414' title='bbox 1352 4462 1381 4514; x_wconf 78' lang='lat' dir='ltr'>Ii·</span> 
     </span>
    </p>
   </div>
   <div class='ocr_carea' id='block_1_7' title="bbox 0 0 1730 5342">
    <p class='ocr_par' dir='ltr' id='par_1_10' title="bbox 0 0 1730 5342">
     <span class='ocr_line' id='line_1_44' title="bbox 0 0 1730 5342; baseline 0 2"><span class='ocrx_word' id='word_1_415' title='bbox 0 0 1730 5342; x_wconf 95' lang='lat' dir='ltr'> </span> 
     </span>
    </p>
   </div>
  </div>
 </body>
</html>
