3450 5342
654 696 853 745 mmooror
878 699 900 744 ι.
930 695 1012 745 cir.
1034 699 1068 745 n.
1346 678 1396 753 55

339 861 443 912 lentior
461 858 645 927 disputantur.
686 857 723 908 Er
744 855 830 912 Codd.
855 856 951 910 nostris
978 856 1096 928 potiores
1117 874 1174 909 non
1199 855 1297 913 babent
1322 862 1395 932 gios-

336 966 409 1013 sam,
437 945 496 998 Cro.
515 948 541 998 1.
559 950 584 999 2.
600 945 642 1013 (in
661 946 743 998 tertio
762 945 788 999 b.
805 946 823 999 1.
841 945 936 1000 excidit
954 942 1063 1013 lolium)
1081 943 1161 997 Drsd.
1180 948 1206 996 2.
1225 948 1251 998 5.
1273 944 1345 1001 Gud.
1361 949 1393 1001 A.

340 1034 449 1089 Orn'o.
469 1049 498 1094 ψ.
515 1032 608 1086 Duisb.
626 1031 736 1087 Suerin.
773 1035 833 1090 Mr.
1360 1054 1363 1060 ·

412 1121 733 1190 Lentiusdisputontur]
754 1122 793 1188 „L
812 1142 835 1175 e.
860 1123 975 1176 crassius
997 1133 1024 1176 et
1048 1121 1153 1187 minus,
1179 1129 1210 1173 ut
1235 1118 1270 1172 ita
1297 1119 1393 1188 dicam,

336 1209 496 1276 efficaciter,
515 1209 587 1280 quod
608 1211 700 1263 minus
718 1210 922 1282 persuadeant-‘⁴
946 1211 1019 1264 Frc.
1040 1209 1130 1281 Sylv.
1168 1208 1204 1276 „i.
1223 1228 1245 1262 e.
1264 1208 1338 1280 quod
1357 1211 1396 1261 le—

337 1298 408 1349 nius.
444 1295 514 1349 Sunt
537 1297 610 1350 enim
635 1299 668 1350 ab
695 1299 789 1352 endem
814 1301 920 1371 origine
941 1299 1005 1353 baec
1030 1298 1084 1350 duo
1105 1297 1241 1350 Adiectivs
1266 1308 1293 1350 ot
1317 1316 1395 1352 sensu

338 1384 490 1437 coniuncta.
525 1381 583 1439 Cic.
600 1386 701 1440 Tusco.
720 1388 767 1454 lV,
788 1390 832 1441 1⁹.
853 1385 888 1458 [5.
908 1391 959 1452 44,
986 1385 1032 1439 ubi
1051 1385 1102 1438 vid.
1122 1404 1190 1457 quae
1209 1404 1259 1438 nos
1277 1397 1394 1441 annota—

337 1472 422 1524 vimus
440 1493 466 1544 p.
484 1475 546 1528 366.
570 1469 605 1526 nd
629 1474 789 1528 substantiva
815 1476 941 1526 lenitatis
966 1483 992 1527 et
1015 1472 1187 1525 lentitudinis
1210 1473 1279 1526 iuxta
1298 1474 1393 1545 posita,

334 1560 429 1614 Τ.111.
449 1562 490 1613 ed.
511 1565 612 1614 nostr.“
639 1561 708 1630 Mc]
734 1574 760 1616 et
783 1563 889 1629 Ernest.
908 1562 937 1614 in
956 1559 1029 1614 Clas.
1049 1558 1106 1612 Cic.
1129 1578 1151 1612 r.
1169 1560 1259 1613 lentus
1279 1561 1351 1627 [add.
1368 1581 1390 1621 v.

334 1647 413 1711 lente,
432 1649 478 1701 ubi
497 1649 526 1701 in
545 1650 605 1702 Lex.
628 1647 684 1704 Cic.
704 1635 836 1704 convertit
852 1647 959 1702 Schiitu.
978 1649 1007 1701 in
1024 1648 1161 1699 troolrsnsr
1176 1647 1392 1718 Aligemeinlreit,

333 1734 492 1806 dictumque
518 1735 583 1788 dicit
607 1735 641 1788 de
659 1737 839 1808 disputatione
858 1738 938 1790 nimis
955 1731 1045 1790 subtiii
1066 1753 1117 1788 neo
1134 1733 1196 1787 satis
1213 1735 1340 1806 exemplis
1358 1737 1392 1790 il·

334 1821 455 1874 lustrato.
474 1821 543 1889 Mn]
581 1822 682 1876 Sensus
699 1834 750 1877 est:
778 1821 1000 1895 pbilosophorum
1019 1841 1109 1888 more,
1135 1820 1239 1885 sedate3
1263 1834 1294 1875 ut
1313 1821 1390 1894 vulgo

334 1910 432 1963 dicunt
449 1911 479 1961 in
496 1909 650 1974 obstructo,
672 1930 728 1964 non
747 1913 776 1964 in
793 1922 923 1964 concreto·
958 1911 1029 1965 Huic
1048 1909 1146 1964 rationi
1164 1909 1312 1981 opponitur
1329 1929 1391 1963 ora-

334 2009 426 2050 torum
446 1998 522 2064 ratio,
541 2017 610 2069 quae
629 1998 658 2052 lrt
678 2019 727 2069 per
744 2000 864 2070 exempla
883 2000 932 2054 sub
951 1998 1045 2053 oculos
1062 1996 1235 2064 subiicienda,
1254 2016 1323 2070 quse
1338 1999 1390 2050 iam

334 2097 486 2155 sequuntur
503 2084 566 2137 inde
584 2105 599 2137 a
616 2087 698 2139 verbo
715 2088 836 2155 Quaero,
856 2107 906 2158 per
922 2087 1051 2158 figurem,
1069 2099 1139 2158 quae
1156 2085 1254 2139 dicitur
1273 2105 1390 2157 percun-

334 2171 446 2224 ctatio.“
468 2173 651 2243 Wyttenb.
688 2173 775 2228 Habet
793 2173 842 2227 01.
866 2177 883 2227 Ι.
902 2176 1002 2238 levius,
1027 2172 1143 2226 011.st
1163 2193 1188 2242 η.
1212 2170 1389 2226 Crn.1.len-

335 2261 402 2324 cius,
422 2259 471 2315 Ox.
488 2279 516 2323 ψ.
536 2262 614 2315 lente.
651 2261 781 2316 Ernestus
799 2263 912 2334 explicat
929 2261 1073 2326 subtiliter,
1092 2259 1260 2314 Forcsiiinus
1274 2260 1390 2329 placide,

335 2347 479 2402 Mencken.
498 2349 527 2402 in
545 2347 624 2402 Obss.
643 2349 701 2403 Lat.
718 2351 796 2422 Ling.
816 2371 843 2422 p.
857 2355 924 2406 574:
952 2369 1040 2422 „quoe
1065 2348 1150 2402 verbis
1167 2358 1271 2401 tontum
1298 2359 1324 2400 et
1346 2366 1390 2400 re·

335 2435 440 2488 tionu‘m
460 2436 693 2505 conclusionibus,
714 2458 770 2492 non
790 2440 937 2494 illustribus
955 2437 1094 2509 exemplis,
1114 2435 1307 2508 explicantur.“
1344 2435 1389 2488 ln-

336 2533 467 2593 terpretes
485 2523 599 2589 Graeci,
618 2526 702 2579 Dion.
721 2527 859 2594 Petreius,
891 2526 956 2579 Adr.
973 2525 1117 2579 Turnebus
1135 2533 1161 2576 et
1178 2523 1215 2577 lo.
1234 2522 1389 2592 Morisotus,

334 2610 391 2670 itas
414 2611 531 2680 primus:
556 2605 599 2662 ier
624 2616 687 2678 δίχα
705 2615 923 2684 παραδεψμάτων
940 2615 1109 2683 γλίσχρως
1127 2600 1221 2663 οὑτωσὶ
1238 2606 1389 2676 διαλαμβά-

333 2718 423 2762 νεται,
448 2697 527 2752 aitei:
553 2697 735 2760 ἀνειμένως
752 2699 812 2754 lisso
829 2697 1049 2771 παραδειγμάτων
1063 2697 1261 2768 diomedias,
1285 2699 1389 2753 tertius:

333 2783 416 2859 ὁπότε
432 2791 517 2855 χωρὶς·
531 2789 580 2838 τοῦ
598 2793 768 2858 προςτιθέναι
785 2791 988 2859 παραδείγματα
1005 2785 1222 2857 βραδύτερον
1239 2783 1389 2854 διορίζεται.

335 2874 420 2927 Vides
437 2873 485 2927 bos
504 2875 574 2928 viros
585 2873 735 2930 ¹reddidisse
753 2878 832 2930 etiam
851 2877 976 2949 glossam.
1014 2873 1044 2927 C.
1070 2875 1100 2928 Ρ.
1126 2872 1267 2931 Hessius
1291 2883 1389 2939 eutem,

335 2961 383 3033 qui
402 2980 427 3014 a.
444 2965 524 3017 1833.
543 2963 625 3016 edidit
645 2966 831 3018 conversiones
849 2965 949 3019 Petarii
967 2975 992 3037 et
1008 2962 1129 3017 Turnebi
1148 2961 1278 3026 Graecas,
1299 2969 1391 3013 monet

335 3051 543 3103 convertendam
569 3052 648 3105 fuisse
674 3072 765 3107 rocem
789 3055 891 3106 lentius
914 3055 1021 3122 ψυχρῶς
1046 3051 1188 3116 (trecken).
1230 3049 1389 3120 interpretes

335 3137 502 3204 Germanici,
520 3139 566 3209 qui
586 3140 618 3192 ad
638 3160 748 3194 manum
765 3154 834 3210 sunt,
854 3142 1043 3208 ioerdeus,
1063 3157 1087 3192 a.
1100 3141 1179 3192 1191.
1192 3137 1319 3191 reddidit:
1337 3156 1390 3189 nur

335 3244 367 3278 so
385 3226 506 3291 troclea,
524 3226 765 3283 Sobreiberus
782 3251 807 3285 o.
825 3235 910 3286 1199:
935 3250 970 3282 zu
989 3229 1145 3300 allgem,
1163 3225 1346 3296 Gauppius
1364 3243 1388 3278 a.

335 3315 424 3366 1811:
443 3314 565 3376 stoeben,-
583 3314 760 3370 Gernbardus
776 3317 859 3372 refert
876 3317 907 3371 F.
924 3315 958 3372 (ἶ.
974 3314 1165 3370 Woliiium
1182 3313 1342 3368 convertisse
1360 3314 1389 3367 in

336 3401 385 3454 der
404 3400 581 3473 bedriclrtigen
601 3405 720 3473 Spraobs
738 3406 785 3458 cler
802 3404 998 3476 Abbcndlung.
1034 3402 1095 3455 Mr.

411 3487 521 3556 lentius]
541 3488 591 3556 „ln
608 3491 720 3562 vulgatis
732 3492 840 3546 additur
856 3493 914 3545 sim
928 3489 1092 3560 expositione
1105 3490 1294 3557 exemplorum·
1327 3486 1388 3539 Sci-

334 3575 401 3629 tioet
421 3572 487 3629 baec
502 3575 558 3647 ipsa
577 3590 616 3631 est
633 3578 746 3634 alicuius
761 3579 968 3633 Grammatistae
985 3575 1151 3646 explicatio.“
1170 3573 1268 3629 Facc.
1392 3644 1394 3649 ⁴

408 3662 509 3716 lentius
536 3666 727 3737 disputantur]
757 3667 795 3720 Er
820 3665 973 3721 Gernhardi
998 3662 1136 3717 Addendis
1161 3662 1227 3716 baec
1252 3661 1388 3715 addimus:

334 3750 493 3820 „Scbiitzius
507 3753 635 3822 Grutero,
653 3757 695 3810 cui
712 3757 805 3810 verba:
824 3757 891 3807 liaeo
909 3784 945 3797 -
968 3754 1068 3806 lentius
1086 3753 1271 3822 disputantur,
1289 3770 1304 3804 e
1319 3750 1391 3823 gios-

335 3852 436 3896 semate
451 3842 594 3906 accessisse
611 3844 744 3913 videntur,
761 3845 915 3910 assentiens,
936 3842 1017 3909 Sane,
1036 3840 1132 3913 inquit,
1150 3841 1171 3894 si
1188 3840 1320 3895 scribatur
1338 3841 1391 3890 Sed

335 3929 397 3981 vito
417 3937 501 3999 atque
513 3928 606 4000 sortis
623 3952 681 4004 sqq.
688 3970 696 3999 ,
715 3932 781 3986 nibil
808 3930 1003 3987 desideraveris.
1022 3959 1058 3970 -
1085 3928 1136 3981 Tb.
1155 3927 1291 3982 Bentleius
1309 3925 1391 3980 deleri

336 4014 393 4068 vult
417 4016 497 4068 verba
523 4036 584 4069 oum
609 4019 709 4073 lentius
734 4021 914 4091 disputantur
938 4030 964 4072 et
989 4037 1149 4071 summorum
1174 4020 1291 4068 virorum
1319 4016 1393 4066 liaeo.

336 4101 483 4156 Molestum
510 4123 574 4158 sane
600 4116 640 4161 est
664 4107 760 4180 duplex
784 4108 870 4167 lroec,·
900 4116 957 4158 tum
982 4105 1084 4176 reliqua
1110 4102 1196 4157 verbis
1214 4114 1248 4142 -1'
1268 4100 1395 4152 videntur

336 4190 429 4243 malim
450 4211 501 4262 pro
520 4193 759 4269 interpretamento
779 4195 871 4249 haberi
889 4196 1059 4266 superiorum
1085 4193 1151 4243 boso
1176 4188 1260 4242 videri
1278 4196 1394 4254 possunt

336 4308 372 4321 ·-
391 4279 495 4331 tentius
514 4280 706 4351 disputantur,
732 4305 813 4358 quam
835 4284 901 4338 baec
926 4284 982 4354 ipsa
1009 4279 1106 4341 deteri,
1133 4294 1202 4346 (1⁰³²
1225 4273 1300 4344 1111111
1318 4273 1393 4343 11161·

337 4366 421 4420 tanda
440 4380 526 4434 eraut,
549 4389 630 4441 quam
649 4371 718 4426 iacta
737 4373 964 4444 postularentur'.“
999 4366 1066 4421 Mihi
1086 4363 1194 4435 quidem
1213 4380 1301 4432 neque
1320 4360 1395 4414 Gru-

338 4456 388 4508 teri
408 4453 580 4528 Scbiitziique
597 4460 758 4530 suspicioni,
777 4480 868 4534 neque
887 4454 1039 4513 Gernba'rdi
1061 4451 1230 4508 coniecturae
1250 4449 1395 4505 assentien-
