3450 5342
682 690 878 737 mmnoxon
906 689 941 736 u.
1286 670 1332 741 91

287 843 333 904 eric
351 849 380 897 dl
398 843 411 897 i
430 841 493 906 dede
511 849 596 900 πᾶσαν
610 843 691 916 ’χάριν
710 850 873 918 περισσεῦσαι
891 852 927 909 ric
945 845 1028 912 iude,
1053 845 1095 899 ἵνα
1113 850 1138 901 ir
1155 855 1235 902 nurci
1252 853 1337 904 nicar

287 930 447 1003 αὐτάρκειαν
472 937 571 1001 ἔχοντες
589 934 754 1004 περισσεύητε
771 937 806 992 ele
828 938 881 986 πᾶν
898 936 972 1006 ἔργον
989 931 1109 1002 ἀγαθὼ,
1136 932 1227 994 audrie
1246 941 1339 1002 γέγρα-

287 1039 362 1084 πται,
379 1019 534 1093 ἓσκόρπισυ,
552 1022 630 1075 ἔδωκε
643 1034 700 1081 τοῖς
717 1026 816 1092 ntrpos.
853 1025 955 1079 Probat
973 1035 1062 1077 autern
1081 1021 1160 1076 aliam
1177 1018 1340 1092 αὐτάρκειαν,

288 1128 342 1178 qua
360 1109 441 1162 bomo
459 1129 505 1164 sua
523 1122 594 1164 rorte
612 1119 754 1164 contentus
773 1122 819 1166 est.
856 1110 903 1166 Sic
921 1113 993 1164 enim
1012 1112 1044 1165 ad
1063 1109 1236 1164 Timotheum
1249 1110 1342 1165 scribit

288 1192 360 1247 idem
378 1196 477 1250 Paulus
493 1198 542 1251 sub
560 1197 642 1250 finem
668 1198 794 1268 epistolae
818 1199 931 1269 prioris:
966 1200 1021 1251 itm
1045 1201 1074 1252 dl
1091 1192 1216 1266 noprouic
1229 1189 1340 1266 μέγαςὴ

287 1277 403 1346 “kim
420 1281 486 1345 ttt'ftl
503 1281 669 1355 αὖταρκείας.
712 1285 746 1339 Et
770 1287 803 1340 ad
821 1284 1007 1359 Philippenses
1024 1289 1055 1339 4:
1084 1282 1151 1351 irai,
1175 1302 1254 1352 φησι,
1278 1285 1342 1346 ἵμα-

288 1371 356 1432 aar,
374 1366 536 1438 duciculus,
560 1369 695 1443 αὐτάρκης
713 1365 786 1428 eiras.
814 1375 909 1444 Xyst.
929 1372 1119 1427 Betuleius.
1170 1372 1231 1426 th.
1260 1372 1342 1444 Πίος.

289 1453 376 1509 Ladrt.
392 1457 450 1524 vtl,
470 1462 522 1514 ttt
540 1480 580 1532 sq.
597 1459 647 1532 Ep.
665 1459 699 1513 ad
716 1459 788 1515 Tim.
807 1459 826 1524 Ι,
846 1463 873 1527 6,
892 1464 918 1514 6.
936 1459 1055 1532 Philipp.
1071 1464 1099 1526 t,
1119 1462 1161 1513 11.
1198 1457 1256 1512 Mr.
1346 1504 1349 1509 .

353 1537 419 1596 “Otr
436 1542 570 1617 αὐτάρκης
587 1549 635 1616 -]
655 1547 736 1613 „Non
754 1546 910 1601 Stoicorum
930 1559 1036 1602 tantum
1053 1547 1106 1600 boc
1121 1547 1267 1617 παράδοξον
1292 1558 1340 1614 est,

287 1629 334 1682 sed
352 1631 432 1684 etiam
450 1634 554 1688 secedit
571 1635 604 1687 sd
623 1634 819 1706 Epicureorum
838 1635 952 1707 dogma:
970 1637 1024 1708 qui,
1049 1646 1080 1689 nt
1097 1633 1134 1688 ait
1151 1634 1247 1689 Cicero
1263 1636 1291 1687 in
1311 1636 1340 1690 L.

286 1716 415 1772 Pisonem
434 1723 490 1787 [tu
507 1723 579 1788 421,
605 1722 752 1790 sapientem
776 1721 888 1786 dicant,
915 1723 1022 1775 etiamsi
1038 1724 1067 1776 in
1084 1723 1243 1775 Phalaridis
1261 1733 1342 1774 tauro

286 1804 425 1870 inclusus,
445 1808 578 1871 succensis
595 1807 703 1879 ignibus
720 1816 874 1874 torreatur,
893 1808 1028 1862 dicturum
1046 1820 1150 1878 tomen,
1171 1827 1255 1861 ruore
1271 1809 1344 1859 ‘illud

286 1909 361 1948 esse.
379 1911 488 1965 seseque
504 1914 538 1946 ne
552 1895 693 1946 tantulum
710 1895 816 1966 quidem
834 1897 996 1951 commoveri.
1030 1902 1146 1951 Tantum
1160 1897 1273 1951 uirtutis
1287 1915 1342 1948 esee

288 1981 344 2031 vim
361 1981 520 2046 voluerunt,
547 1993 651 2035 utnon
671 1992 764 2053 posset
784 2001 905 2055 unquam
929 2003 985 2037 esre
1004 1987 1046 2038 uir
1063 1984 1147 2038 bonus
1164 2004 1217 2038 non
1235 1984 1340 2037 beatus.

289 2067 364 2120 idern
383 2067 474 2138 paullo
494 2080 567 2141 poet:
587 2073 644 2122 Nec
659 2071 725 2122 milri
741 2070 787 2122 ille
805 2074 846 2129 M.
866 2072 999 2144 Regulus,
1018 2090 1094 2144 quem
1107 2071 1339 2143 Carthaginenses,

288 2157 399 2207 resectis
428 2155 579 2224 palpebris,
610 2157 748 2230 illigatum
776 2158 805 2210 in
835 2160 973 2224 nmcliina,
1003 2159 1140 2232 uigilando
1167 2167 1342 2219 necaverunt,

289 2241 421 2312 supplicia
438 2245 547 2297 videtur
564 2245 701 2315 affectus,·
719 2263 767 2298 nec
787 2249 814 2301 0.
832 2246 959 2311 Murius,
978 2265 1054 2318 quern
1071 2246 1158 2298 Italia
1176 2253 1287 2297 servata
1304 2240 1340 2292 ab

288 2328 352 2394 illo,
372 2329 515 2383 demersum
532 2333 562 2384 in
579 2333 809 2385 Minturnensium
822 2332 987 2402 paludibus,
1005 2333 1108 2404 Africa
1125 2332 1232 2386 deuicta
1250 2330 1285 2381 ab
1295 2348 1341 2382 ea·

290 2417 356 2482 dem,
375 2419 515 2487 expulsum
533 2430 560 2471 et
578 2420 749 2491 naufragum
766 2420 844 2474 vidit.
880 2425 1020 2474 Fortunae
1039 2420 1109 2472 enim
1123 2420 1181 2472 ista
1197 2419 1253 2470 tela
1266 2427 1340 2481 sunt,

289 2524 343 2557 nan
361 2506 465 2574 culpas.
501 2508 667 2575 Supplicium
686 2518 778 2562 autem
794 2519 837 2561 est
851 2526 937 2578 poena
954 2507 1069 2576 peccati·
1104 2505 1218 2578 Aliuque
1234 2505 1262 2557 in
1281 2524 1340 2557 eam

290 2593 449 2646 sententiam
469 2596 645 2666 persequitur.
680 2594 752 2648 Haeo
770 2606 859 2649 autem
878 2595 1022 2667 disputatio
1040 2604 1080 2648 est
1096 2594 1158 2647 libri
1175 2592 1340 2648 Tusculana-

290 2698 352 2732 rum
373 2682 559 2752 quaestionum
589 2682 702 2753 quinti.“
729 2683 803 2736 Frc.
822 2682 911 2755 Sylr.
956 2683 1002 2736 Est
1024 2681 1096 2735 enim
1122 2681 1260 2752 inscriptio
1286 2680 1343 2733 eius

289 2766 353 2820 libri
373 2767 429 2838 ipse
447 2767 576 2821 Paradosi
593 2771 676 2822 nostri
694 2769 837 2824 sententia:
860 2771 995 2824 Virtutem
1014 2770 1052 2820 ad
1068 2768 1143 2820 beate
1155 2768 1295 2820 vivendum
1312 2786 1339 2820 ss

289 2857 352 2926 ipsa
369 2874 427 2908 esse
444 2866 604 2910 contentam.
640 2857 700 2912 Mr.

364 2946 421 2995 Nec
437 2962 497 3015 ego
514 2947 600 3013 aero]
619 2945 678 3000 Hoc
695 2947 777 3000 modo
796 2946 890 3000 melius
909 2957 1001 3018 putem
1020 2944 1173 3016 legendum,
1191 2952 1222 2996 ut
1239 2942 1267 2994 in
1288 2943 1343 2994 Co-

290 3031 352 3085 dice
371 3031 482 3104 antiquo
500 3033 628 3106 scriptum
647 3045 701 3104 est,
728 3053 810 3106 quam
834 3033 973 3105 quomodo
997 3034 1024 3086 in
1054 3030 1165 3102 vulgatis
1192 3029 1342 3084 codicibus:

292 3120 350 3170 Nec
367 3137 429 3172 vero
446 3138 510 3190 ego:
529 3132 559 3174 ut
576 3121 608 3175 sit
627 3140 688 3175 vero
705 3121 872 3188 adverbium,
892 3141 946 3174 non
960 3119 1142 3175 coniunctic.“
1158 3118 1231 3171 Frc.
1250 3118 1270 3169 S
1276 3114 1341 3186 ytv'.

291 3206 380 3262 Habet
402 3209 517 3262 eundem
542 3210 685 3264 verborum
703 3209 840 3273 ordinem,
872 3226 953 3280 quem
978 3209 1040 3262 Frc.
1060 3205 1133 3278 Sylr.
1161 3202 1341 3267 commendat,

291 3293 361 3347 cod.
379 3293 438 3352 Cre.
457 3300 483 3348 2.
499 3315 560 3349 cum
579 3295 650 3349 Gud.
666 3295 698 3348 Α.
733 3294 873 3367 lmprobat
899 3293 1017 3360 Gernb.,
1043 3293 1187 3357 nimirum,
1213 3310 1248 3344 ne
1270 3291 1340 3342 iusto

290 3381 353 3453 plus
370 3381 503 3434 tribuatur
521 3382 689 3452 pronominis
715 3399 858 3453 apparere,
887 3381 975 3445 addit,
1000 3379 1053 3432 hoc
1068 3378 1226 3432 Paradoxon
1245 3376 1343 3429 arctius

290 3489 348 3524 esse
363 3486 461 3520 nerum
478 3487 540 3521 eum
559 3468 706 3539 superiore.
741 3467 825 3535 Quod
842 3477 915 3520 recte
933 3465 1047 3518 monuit.
1092 3465 1123 3516 ln
1152 3461 1237 3514 Codd.
1261 3461 1342 3514 Bern.

290 3554 385 3610 Guett.
403 3566 495 3609 nostro
508 3554 573 3611 'Cra
591 3558 617 3609 1.
637 3565 663 3608 et
680 3553 730 3608 Ox.
748 3553 779 3606 E.
795 3553 890 3625 incipit
907 3551 1065 3605 bocParad.
1082 3567 1190 3622 neque
1207 3568 1269 3600 uero
1286 3566 1344 3618 ego.

291 3646 367 3703 ldem
388 3663 449 3699 cuni
468 3641 528 3697 Crs.
545 3649 571 3697 2.
590 3643 718 3715 scriptum
736 3641 816 3695 babet
833 3658 1037 3710 erumpnarum
1062 3656 1122 3690 mos
1141 3636 1273 3707 posterior
1290 3654 1343 3687 uu-

293 3753 376 3808 quam
394 3751 470 3786 esse
486 3733 599 3804 putavi,
627 3750 689 3785 curn
708 3728 797 3787 Onl.
823 3732 856 3783 ln
875 3729 925 3783 Or.
943 3728 976 3780 Ε.
991 3737 1031 3781 est
1047 3743 1225 3796 erupuosum5
1255 3723 1343 3795 pergit

258 3852 261 3859 ·
292 3821 401 3875 Suerin.
420 3829 455 3871 et
471 3819 614 3890 infelicem.
632 3818 692 3871 Mr.
709 3849 744 3858 —
781 3818 863 3886 „Pan
883 3817 929 3869 lV.
948 3816 1005 3868 init.
1041 3817 1100 3885 Ego
1118 3832 1197 3866 vero
1216 3824 1261 3873 te,·
1280 3811 1342 3863 Par.

294 3910 328 3964 V.
348 3907 405 3962 init.
441 3909 586 3960 Laudatur
603 3928 685 3960 uera
703 3909 755 3962 bic.
803 3907 861 3960 Hoc
885 3906 987 3960 idcirco
1007 3901 1170 3967 notavimus,
1199 3900 1260 3973 quia
1279 3898 1342 3971 syt-

293 3999 352 4051 sius
369 3996 484 4050 malebat
501 4015 548 4049 nec
566 4017 628 4068 ego
646 4016 720 4059 vero,
745 3997 818 4069 qnod
836 3995 917 4049 babet
934 3993 991 4046 MS.
1011 3993 1086 4046 Voss.
1106 3990 1138 4043 N.
1159 3992 1223 4043 ltt.“
1242 3988 1341 4057 Borg.

292 4084 426 4156 „Videtur
443 4103 571 4162 aerumna
590 4096 679 4138 ortum
704 4084 844 4138 aGraeco
870 4088 994 4153 urpi'urp,
1025 4077 1097 4149 quod
1122 4089 1160 4130 est
1183 4072 1342 4138 sollicitudo,

292 4193 375 4239 cura,
409 4191 490 4245 quam
516 4168 612 4227 Cicero
637 4173 779 4238 TusolV,
799 4177 824 4228 5.
853 4170 965 4244 explicat
996 4164 1189 4238 aegritudinem
1224 4160 1341 4213 laborio-

290 4266 377 4321 sam.“
394 4261 571 4334 Wyttenb.

367 4352 423 4402 Nec
441 4350 512 4416 aero]
539 4347 629 4417 Fingit
646 4347 695 4400 sibi
714 4348 892 4401 adversarium
911 4363 961 4416 pro
983 4361 1029 4406 eo,
1055 4341 1083 4392 in
1107 4359 1162 4410 quo
1181 4347 1252 4400 erat,
1278 4339 1341 4391 ciri-

291 4439 354 4496 tetis
370 4448 452 4492 statu:
483 4446 510 4490 et
527 4434 601 4507 quasi
620 4435 647 4486 in
666 4436 837 4490 contentione
856 4433 942 4487 media
971 4429 1064 4482 transit
1090 4426 1123 4479 ad
1142 4424 1233 4480 thesim
1259 4445 1339 4498 espo-
