3450 5342
321 657 387 732 ,56
665 673 839 721 ernanum
866 669 1062 718 srorconuu.

337 840 401 893 dum
423 835 535 889 ridetur:
555 852 617 887 nam
638 843 669 887 ut
686 830 751 885 nihil
770 831 868 886 certius
886 839 933 894 est,
949 845 1031 899 quam
1048 827 1127 879 verba
1147 828 1204 878 sine
1224 828 1390 896 oppositione

336 923 513 993 exemplorum
530 919 671 992 glossatori
689 919 797 984 deberi,
816 921 866 986 ita,
887 937 956 990 quae
973 915 1024 970 alia
1044 916 1073 968 in
1091 914 1275 986 suspicionem
1294 934 1389 969 vocan-

337 1025 397 1078 tur,
424 1026 597 1081 nequaquam
623 1006 722 1060 habent
747 1005 990 1059 additamentorum
1016 1001 1143 1056 colorem.
1191 1001 1246 1055 Sed
1273 1001 1388 1056 ut'nihil

337 1101 456 1155 videatur
470 1098 569 1162 deesse,
588 1094 668 1160 addo,
688 1093 861 1164 Borgarsium
879 1111 972 1146 vocem
987 1092 1087 1143 tentius
1106 1090 1291 1160 interpretari:
1310 1089 1389 1156 „Phi-

336 1187 513 1260 losophorum
531 1201 624 1248 more,
643 1181 776 1241 amiciter,
794 1182 897 1235 ieiuna:
923 1177 1176 1251 eumquelaudare·
1187 1176 1267 1230 Orat.
1287 1179 1337 1231 14:
1360 1180 1388 1227 Ιιι

336 1277 389 1326 troc
405 1271 569 1328 Aristoteles
586 1268 766 1325 adolescentes
782 1289 836 1323 non
853 1269 897 1321 ad
911 1267 1132 1338 pbilosophorum
1156 1283 1253 1316 morem
1279 1266 1389 1317 tenui-

339 1374 393 1415 ter
411 1358 570 1421 disserendi,
593 1355 642 1411 aed
658 1356 814 1428 adnopiom
833 1357 984 1418 rhetorum,
1007 1355 1035 1412 ip
1053 1363 1197 1424 utromque
1211 1360 1337 1420 portem,
1358 1360 1387 1403 ut

338 1448 462 1501 ornatius
479 1457 506 1501 et
525 1443 634 1498 uberius
658 1444 711 1496 dici
730 1456 837 1514 posset,
861 1445 992 1499 exercuit.
1032 1443 1077 1497 De
1093 1441 1171 1494 Finn.
1190 1440 1236 1507 ΙΙΙ,
1255 1444 1289 1494 5ι
1314 1445 1387 1493 Haec

339 1534 468 1586 dicuntur
480 1533 604 1603 sortasse
620 1530 793 1586 ieiunius:
820 1533 973 1603 sucturum
990 1559 1025 1570 -—
1043 1531 1141 1602 quibus
1160 1527 1272 1582 ubertas
1290 1529 1388 1582 oratio-

341 1626 384 1675 nis
401 1620 524 1672 adhiberi
542 1621 587 1672 vix
603 1629 703 1688 potest.
738 1620 814 1674 Adde
833 1620 867 1674 ad
880 1640 958 1675 usum
976 1639 1000 1673 ι.
1015 1619 1115 1672 lentius
1132 1617 1242 1688 Fragm.
1257 1614 1386 1670 Hortensii

339 1728 383 1780 ap.
396 1707 529 1773 Nonium,
549 1726 575 1777 p.
586 1709 649 1761 429.
666 1705 708 1759 ed.
724 1705 781 1763 cie
799 1707 886 1763 Orell.
903 1708 937 1762 Τ.
952 1709 1003 1763 ΙΙΙι
1025 1711 1161 1763 Crassum,
1179 1705 1226 1777 pei
1244 1704 1385 1756 lentius

340 1795 426 1849 dicere
445 1793 557 1849 solebat.
594 1793 634 1846 Ad
654 1795 709 1849 Αιι.
722 1794 799 1862 ttt:
818 1797 872 1850 nisi
890 1796 987 1850 librum
1005 1795 1100 1848 lente
1118 1803 1145 1844 et
1159 1791 1313 1863 fastidiose
1328 1810 1387 1861 pro-

340 1880 477 1936 bavissem.
514 1880 619 1935 Ormi.
638 1881 674 1935 U.
692 1893 720 1935 et
736 1882 785 1936 Ed.
803 1886 871 1939 Ven.
890 1887 970 1939 1492.
989 1884 1088 1937 habent
1106 1883 1259 1951 disputant.
1296 1879 1356 1933 Mt.

413 1968 479 2022 Vita
497 1979 581 2039 atque
594 1968 698 2038 factis]
725 1968 805 2035 „Ms,
822 1971 883 2023 vito
899 1972 1015 2042 igitur
1033 1982 1117 2042 atque
1130 1969 1251 2040 fectis.“
1271 1967 1386 2020 Graes.

340 2052 409 2109 cod.
432 2065 524 2109 noster
548 2052 608 2107 Cra.
633 2059 657 2108 2.
683 2056 742 2109 vito
769 2057 907 2127 quidem
931 2070 1015 2132 atque
1036 2058 1136 2129 sactis·
1177 2054 1272 2125 Pergit
1296 2053 1385 2107 Duisb.

340 2161 402 2195 cum
415 2140 487 2195 Gud.
500 2141 533 2195 B.
552 2151 578 2195 et
591 2139 698 2196 Suerin.
716 2143 917 2197 Illustroto
936 2157 1009 2203 sunt.
1029 2145 1102 2217 quod
1121 2144 1201 2197 habet
1218 2144 1300 2196 etiam
1313 2139 1386 2194 Drsd.

340 2235 371 2295 4,
391 2231 437 2302 qui
453 2229 552 2283 omittit
567 2229 705 2300 “quentia
726 2250 887 2285 summorum
905 2234 1036 2296 virorum,
1054 2231 1127 2303 quod
1146 2232 1235 2284 lavere
1255 2228 1336 2299 possit
1352 2225 1386 2278 vi·

341 2316 398 2371 deri
417 2318 587 2373 coniecturae
605 2315 655 2369 ΤΙι.
673 2316 803 2384 Bentleii,
821 2319 867 2373 sed
887 2320 1020 2375 videratur
1037 2331 1149 2374 tantum.
1187 2319 1218 2371 ln
1237 2337 1313 2390 seqq.
1332 2315 1385 2368 Cn.

342 2408 368 2458 1.
391 2404 472 2458 habet
497 2422 567 2477 quoe
590 2405 625 2458 in
644 2406 748 2468 verbim
777 2407 849 2463 Gud.
869 2409 1024 2465 B.‚omittit
1048 2408 1147 2464 verbis,
1174 2405 1248 2461 Gud.
1264 2404 1385 2458 ntem

341 2495 546 2564 transpositione
561 2492 642 2551 babet
658 2495 777 2548 virorum
795 2517 965 2551 summorum·
1000 2496 1043 2549 Ad
1063 2516 1085 2548 v.
1099 2495 1227 2549 subtilius
1241 2493 1305 2548 Ald.
1318 2491 1386 2544 Man.

341 2582 489 2654 explicandi
514 2601 592 2637 causa
618 2583 771 2655 adscripsit:
798 2604 869 2639 more
892 2587 1050 2640 Stoicorum.
1094 2584 1168 2637 ldem
1194 2583 1228 2635 ad
1253 2579 1385 2653 sequentia

340 2674 418 2738 „Est
435 2670 532 2743 inquit,
548 2672 623 2728 abest
637 2672 670 2724 ab
690 2691 755 2727 uno.
791 2673 865 2728 Male
877 2674 921 2727 alii
933 2674 1028 2745 legunt
1042 2690 1122 2744 quom
1135 2671 1280 2742 factis.“
1317 2669 1385 2722 Idem

258 2815 264 2820 ,
340 2758 423 2813 refert
439 2760 467 2813 in
486 2779 554 2814 carr.
572 2760 643 2815 lectt.
664 2760 802 2815 Graevius.
836 2763 953 2817 Prarum
977 2761 1043 2814 illud
1063 2778 1143 2832 quom
1163 2758 1284 2828 foetis
1309 2775 1386 2811 occu·

341 2859 387 2920 pat
403 2847 472 2903 Edd.
489 2847 554 2918 Arg.
568 2851 655 2902 1515.
682 2850 752 2901 Ven.
770 2853 850 2904 1492.
878 2851 958 2905 Hdlb.
975 2871 995 2904 s.
1013 2849 1032 2902 Ι.
1048 2860 1076 2903 et
1093 2867 1117 2901 a.
1140 2848 1214 2899 ven.
1233 2845 1384 2899 15141131-

340 2940 420 2992 1512.
444 2935 571 2988 Darentr.
588 2938 666 2988 1515.
693 2937 781 3007 Lugd.
792 2940 877 2993 1515.
902 2939 960 2994 Par.
982 2942 1060 2992 1592.
1079 2935 1134 2989 Ed.
1154 2952 1211 3004 prc.
1231 2944 1258 2987 et
1280 2931 1330 2984 Ed.
1347 2950 1385 3000 ap.

339 3022 424 3076 Meus.
459 3022 641 3093 Reprehendit
653 3023 732 3075 etiarn
744 3023 887 3078 lectionem
898 3027 990 3097 factis
1004 3026 1032 3079 in
1046 3021 1243 3078 commentario
1252 3019 1287 3073 ΙΙ.
1298 3017 1385 3071 Wol-

341 3110 412 3163 sius
429 3127 491 3163 cum
510 3108 698 3180 Fre-Sylrio,
727 3112 774 3182 qui
800 3133 880 3184 quom
898 3134 919 3168 s.
944 3125 985 3166 est
1006 3114 1118 3184 explicat
1136 3110 1256 3164 ninnium.
1276 3138 1308 3165 ⁴.-
1337 3108 1386 3160 Pro

342 3215 441 3269 quaero
465 3197 551 3249 enim
574 3207 614 3250 est
637 3215 737 3268 quaero
759 3211 876 3255 autem
898 3203 926 3256 in
946 3201 1031 3255 Codd.
1050 3200 1129 3254 Drsd.
1149 3201 1175 3251 1.
1193 3209 1219 3251 et
1238 3201 1263 3252 3.
1282 3216 1311 3250 ea
1330 3213 1385 3267 per·

342 3303 434 3354 peram
454 3283 523 3339 lecto
540 3285 672 3345 scribendi
692 3291 860 3360 compendio.
898 3293 940 3346 Ad
960 3310 1038 3345 usum
1056 3289 1127 3344 vocis
1144 3287 1275 3339 subtilius
1295 3285 1330 3339 cf:
1342 3282 1387 3337 Or.

342 3390 392 3442 pro
411 3370 513 3426 Scauro
534 3393 556 3426 c.
577 3376 602 3426 1.
622 3374 659 3428 ib.
676 3374 768 3431 lleinr.
787 3379 863 3435 Brut.
881 3384 906 3436 9.
925 3382 958 3434 de
977 3381 1056 3434 Finn.
1075 3379 1094 3442 Ι,
1115 3381 1138 3433 9.
1175 3375 1234 3428 Mr-

322 3456 323 3460 ¹
411 3464 484 3512 Num
499 3461 606 3515 ullam
624 3464 833 3536 cogitationem]
852 3469 964 3534 „Illam,
989 3468 1125 3523 tredecim.
1162 3463 1244 3517 Male.
1285 3462 1385 3514 Utloen:

342 3566 397 3600 non
415 3549 497 3602 modo
515 3565 571 3602 non
590 3551 741 3620 maximam,
762 3567 792 3610 ut
808 3556 944 3629 plerique:
962 3568 1010 3611 aut
1028 3556 1155 3627 aliquam,
1174 3563 1205 3606 ut
1223 3570 1279 3605 non
1299 3546 1385 3621 pauci:

340 3635 384 3689 sed
409 3654 460 3691 nec
484 3636 566 3690 ullam
592 3645 728 3709 prorsus.“
758 3642 827 3696 Ald.
853 3646 983 3700 Mannt.
1004 3643 1176 3712 Ι,,Ι)ἰιΙιοιὲιιιι.
1201 3659 1266 3691 num
1291 3638 1385 3690 illam

341 3725 556 3794 cogitationem.“
580 3724 699 3780 Graev.
743 3729 853 3801 Reperit
880 3735 955 3787 iilam
981 3733 1031 3787 Or.
1057 3728 1197 3784 incCodd.
1225 3727 1307 3780 Bern.
1332 3723 1386 3777 llos

340 3810 430 3864 Guell'.
446 3822 473 3865 et
490 3810 539 3864 Ed.
556 3830 629 3882 prc.;
648 3834 697 3869 nos
715 3816 743 3869 in
762 3816 848 3874 Codd.
866 3819 927 3876 Cra.
946 3824 971 3876 1.
990 3825 1015 3874 2.
1034 3818 1115 3872 Drsd.
1135 3820 1162 3871 3.
1178 3819 1205 3869 4.
1224 3820 1249 3869 5.
1268 3813 1341 3867 Gud.
1358 3814 1387 3864 Α.

258 3969 263 3974 ¹
339 3899 370 3952 B.
388 3897 420 3952 C.
438 3898 532 3953 Duisb.
551 3899 618 3956 Edd.
637 3904 704 3957 Ven.
724 3910 802 3963 1482.
822 3913 903 3965 1492.
926 3910 986 3963 Par.
1006 3911 1085 3962 1592.
1107 3908 1186 3959 1512.
1205 3901 1293 3972 Lugd.
1311 3903 1386 3954 1515.

339 3987 408 4039 Ven.
419 3989 499 4041 1514.
515 3986 565 4042 Ed.
582 4009 625 4063 ap.
643 3991 729 4047 Meus.
748 3996 813 4069 Arg.
830 4002 910 4053 1515.
929 3997 1150 4051 Darentr.1515.
1185 3991 1215 4044 ln
1235 3988 1304 4044 Cod.
1322 3989 1387 4043 Sue·

339 4073 390 4126 rin.
405 4084 444 4127 eat
462 4075 549 4126 unde
567 4077 670 4133 illam
689 4084 886 4155 cogitationem.
922 4085 964 4138 Ad
980 4083 1143 4137 locutionem
1160 4079 1275 4135 contulit
1288 4075 1387 4133 Gernlr.

339 4159 471 4214 Velleium
489 4162 547 4217 Pal.
566 4165 599 4220 ll.
616 4170 662 4223 tt:
691 4171 749 4223 Diu
768 4172 810 4223 ita
829 4190 857 4222 se
875 4174 975 4241 gessit,
1000 4181 1032 4223 ut
1050 4171 1183 4223 nullom
1200 4171 1311 4240 petendi
1329 4184 1388 4218 con-

338 4246 459 4300 sulatum
486 4253 741 4320 cogitationem
769 4258 896 4312 habere
927 4259 1071 4310 uideretur.
1090 4289 1124 4301 -··
1162 4261 1217 4312 Pro
1245 4259 1387 4311 videantur

339 4329 397 4399 Cra.
416 4340 439 4388 2.
460 4338 594 4395 videntur.
629 4344 686 4399 Pro
710 4345 732 4396 ii
757 4346 784 4398 in
802 4346 894 4400 multis
908 4358 948 4402 est
963 4348 993 4398 lu'
1010 4358 1036 4401 et
1053 4348 1107 4412 tii,
1133 4348 1168 4401 de
1187 4366 1240 4419 qua
1260 4355 1386 4418 perpetua

339 4421 496 4478 confusione
516 4446 571 4481 non
590 4429 694 4485 videtur
711 4432 780 4487 ultra
799 4434 966 4488 monendum
986 4447 1045 4508 post
1064 4456 1110 4504 ea,
1137 4457 1206 4508 quae
1225 4437 1340 4491 diximus
1357 4429 1387 4484 ad
