3450 5342
346 671 404 718 xtv
500 663 600 715 tubex
628 662 810 711 testatius
839 662 957 709 cstttct
985 662 1027 709 ll)
1050 663 1234 713 ttutooxt.

345 851 370 902 p.
389 828 588 883 ttae-1¹⁹2.
624 824 666 877 De
686 823 724 876 bis
744 841 827 893 pauca
846 821 908 874 dixit
926 819 1028 877 Gernb.
1048 822 1076 875 in
1096 823 1265 879 praefatione
1286 828 1320 880 ad
1340 827 1398 881 Cat.

345 917 405 971 mai.
425 927 451 969 et
468 913 561 968 Parad.
581 934 608 984 p.
624 929 641 964 v
659 933 698 984 sq.

416 1007 459 1057 21.
502 1001 588 1053 Codex
620 998 866 1070 Erlangensis.
920 997 1008 1052 Exstat
1034 999 1211 1070 Progromma
1246 1002 1396 1057 litterarum

344 1091 517 1146 universitatis
542 1086 727 1159 Erlangensis,
752 1106 767 1140 a
798 1087 853 1139 viro
879 1085 973 1152 docto,
1000 1085 1089 1141 nescio
1119 1106 1188 1157 quo,
1217 1091 1350 1161 scriptum
1376 1111 1397 1145 a.

344 1182 427 1244 18⁰9,
448 1176 521 1250 quod
540 1175 619 1229 babet
635 1176 697 1240 „De
715 1171 926 1226 memorabilibus
945 1173 1105 1243 quibusdam
1125 1174 1309 1229 Bibliothecae
1320 1183 1396 1233 Aca-

343 1269 458 1319 demicoe
475 1262 676 1333 Erlangeneis“
695 1260 957 1316 Commentationem
976 1279 1086 1314 nonam.
1122 1260 1167 1316 Est
1180 1262 1216 1315 ibi
1229 1262 1299 1319 Cot.
1310 1265 1397 1321 Cbar·

344 1367 433 1409 tacens
451 1373 492 1406 nr.
510 1350 653 1404 XXXVIII.
672 1350 692 1403 l.
708 1369 743 1405 m.
760 1349 835 1403 cuius
852 1348 981 1404 lectiones
997 1347 1099 1420 aliquot
1118 1351 1186 1419 (non
1198 1350 1295 1421 plures,
1315 1374 1396 1427 quam

343 1443 397 1511 sex)
416 1441 579 1495 exhibentur.

415 1533 458 1582 22.
501 1529 585 1580 Vetus
613 1523 736 1578 Caroli
766 1523 952 1595 Stephani,
995 1525 1022 1576 in
1048 1524 1098 1580 Ed.
1127 1527 1161 1595 ej.
1186 1525 1311 1597 Operum
1338 1528 1394 1584 Cic.

343 1616 376 1669 T.
395 1615 440 1669 lV.
460 1635 487 1686 p.
503 1617 570 1680 119,
590 1632 646 1666 non
666 1611 886 1667 contemnendus.

416 1702 464 1754 Vix
483 1702 660 1757 necessarium
688 1700 790 1753 videtur
814 1699 926 1764 addere,
960 1700 1101 1770 respexisse
1127 1719 1171 1753 me
1202 1703 1280 1755 etiam
1313 1706 1397 1759 varia,

343 1793 470 1846 lectiones
493 1793 527 1845 ab
555 1789 698 1854 Ursino,
729 1787 912 1849 Lambino,
940 1786 1026 1839 Aldo
1053 1787 1202 1859 Nepote,
1229 1787 1396 1858 Grutero,

342 1881 510 1945 Graerio,
529 1877 724 1941 Gronorio,
750 1876 777 1926 in
796 1892 882 1944 marg.
903 1872 1060 1927 Editionum
1085 1874 1396 1931 Lambinianarum

342 1972 417 2040 (post
434 1968 484 2020 Ed.
504 1966 596 2035 totta.)
614 1984 643 2017 es
663 1962 808 2015 Codicibus
826 1961 935 2027 allatas,
961 1963 1024 2016 item
1051 1962 1079 2014 in
1099 1961 1129 2014 C.
1148 1962 1273 2033 Langii
1298 1965 1332 2017 ad
1352 1969 1397 2019 Ci-

342 2073 468 2107 ceronem
498 2050 722 2105 Annotatiooibus
750 2048 793 2115 (ad
822 2047 922 2101 calcem
949 2048 981 2101 A.
1001 2048 1143 2103 Schotti
1171 2050 1397 2106 Observationum

343 2145 542 2194 Humanarum.
561 2137 610 2190 Ed.
628 2137 778 2201 llanoviae,
806 2133 929 2189 Weobel.
949 2140 1029 2192 1615.
1050 2139 1104 2202 4.),
1123 2138 1151 2190 in
1174 2138 1223 2192 Ed.
1247 2139 1396 2212 Borger·

342 2227 401 2292 sii,
420 2225 637 2290 Gernbardi‚
654 2222 791 2277 Orellii.

546 2470 584 2528 ll.
627 2468 844 2528 autumans
869 2468 1185 2533 Panauuxuttuttt:

442 2625 474 2708 a)
520 2624 748 2711 Singulares:

412 2751 436 2800 1.
472 2746 566 2797 Editio
582 2747 639 2797 sine
656 2745 712 2798 loco
728 2757 756 2798 et
773 2766 858 2800 anno.-
878 2746 1024 2818 quaternis:
1043 2747 1126 2800 seculi
1140 2747 1196 2800 sine
1209 2747 1289 2800 dubio
1303 2750 1394 2820 quinti

341 2835 445 2891 decimi.
482 2820 587 2888 Desunt
604 2832 709 2886 Graeca
728 2835 834 2900 omnia,
862 2833 1268 2899 eorumloco‚ubidebebant
1289 2838 1396 2893 esseio

341 2924 481 2985 contextis,
508 2923 604 2976 lacuna
625 2933 671 2975 est.
717 2922 821 2975 Desunt
846 2923 924 2975 etiam
951 2923 1052 2975 litterae
1075 2922 1188 2976 initiales
1210 2924 1347 2978 Prooemii
1367 2939 1395 2981 et

339 3010 506 3081 singulorum
521 3008 735 3063 Paradoxorum:
754 3008 826 3062 deest
844 3009 908 3063 item
922 3010 1059 3081 inscriptio
1073 3010 1164 3064 Latina
1175 3012 1299 3082 paradoxi
1312 3017 1395 3070 tertii.

339 3098 428 3151 Prima
454 3096 551 3168 pagina
580 3115 662 3149 vacua
689 3095 767 3149 babet
792 3096 992 3167 inscriptionem
1018 3099 1107 3150 Marci
1135 3099 1218 3149 Tullii
1243 3101 1395 3169 Cicelranis

338 3188 494 3242 Parodana.
531 3184 648 3238 Libellus
667 3195 706 3238 est
724 3184 905 3256 duodeviginti
925 3185 1092 3256 paginarum.
1129 3186 1241 3239 Litterae
1258 3198 1320 3241 sunt
1332 3188 1395 3242 Go-

339 3275 424 3329 thicae
464 3293 530 3347 quas
553 3273 653 3327 dicunt.
699 3272 838 3327 Lectiones
862 3272 933 3326 baud
960 3294 1058 3344 paucas
1087 3272 1164 3327 babet
1192 3274 1394 3330 memorabiles.

337 3362 460 3432 Insignivi
480 3381 538 3415 eam
557 3361 651 3415 litteris
669 3360 789 3432 Hdlbg.‚
813 3361 875 3433 quia
896 3380 955 3414 eam
981 3361 1066 3416 debeo
1083 3358 1262 3415 Bibliothecae
1281 3359 1393 3414 Acade-

337 3449 422 3503 micae
440 3449 665 3520 Heidelbergensi.
1128 3517 1129 3520 Ἴ

409 3541 432 3589 2.
468 3536 557 3590 Editio
575 3537 712 3601 Parisino,
729 3537 785 3590 sine
806 3557 893 3592 anno:
913 3541 1061 3610 quaternisr
1079 3537 1162 3593 seculi
1181 3537 1266 3610 quinti
1277 3538 1399 3592 decimi:-

337 3635 374 3677 est
392 3623 534 3678 duodecim
553 3622 688 3676 foliorum.
725 3625 865 3696 Inscriptio
884 3637 936 3680 est:
954 3628 1102 3679 Parodana
1121 3627 1260 3677 Ciceronis.
1277 3654 1311 3664 -
1345 3630 1388 3678 M.

337 3711 475 3762 Antltoine
493 3710 616 3765 Denidel.
652 3711 682 3763 ln
702 3710 768 3765 fine:
792 3713 909 3765 Parisiis
926 3715 1003 3784 impr.
1019 3733 1069 3784 per
1086 3715 1164 3768 antlt.
1184 3714 1243 3768 den.
1267 3715 1297 3765 in
1313 3717 1386 3765 orti·

338 3795 387 3847 bus
405 3793 565 3867 magistrum
590 3807 654 3849 onte
673 3798 814 3869 collegium
832 3799 865 3850 de
882 3802 1006 3872 coquere!
1029 3802 1057 3854 in
1082 3802 1240 3874 intersignio
1258 3803 1386 3854 cathedre

335 3891 536 3934 commorantem
553 3893 580 3933 et
598 3903 683 3954 nuper
700 3905 804 3938 summa
822 3906 882 3940 cum
901 3889 1043 3961 diligentia
1062 3901 1181 3942 correcta
1199 3901 1227 3941 et
1246 3891 1388 3943 emendata

330 3967 453 4041 feliciter
469 3969 626 4038 expliciunt.

480 4058 534 4127 Qui
550 4078 604 4110 nan
621 4063 755 4114 assuescit
775 4064 889 4127 virtuti,
909 4063 971 4115 dam
988 4063 1135 4117 iuvenescit
1144 4085 1154 4125 ,·

477 4146 507 4198 A
524 4145 599 4199 vitiis
617 4150 702 4201 nescit
720 4150 867 4217 discedere,
884 4153 993 4222 quondo
1012 4154 1133 4204 senescit.

335 4229 383 4286 Est
399 4232 466 4288 baec
481 4233 563 4290 editio
581 4234 645 4290 item
662 4236 732 4294 Bibl.
750 4237 834 4292 Acad.
853 4238 1022 4310 Heidelberg.
1061 4238 1154 4293 Notavi
1174 4260 1232 4294 enm
1254 4245 1319 4294 Par.
1332 4262 1388 4294 sa.

407 4323 433 4375 3.
469 4325 510 4379 M.
530 4327 561 4379 T.
582 4325 714 4378 Ciceronis
731 4327 888 4382 Parodana.
907 4324 1100 4398 παράδοξα.
1145 4331 1308 4399 Impressum
1326 4333 1389 4382 Da-

335 4409 438 4461 ventrte
454 4427 503 4478 per
520 4430 560 4463 ine
578 4413 722 4467 Aibertum
736 4413 883 4483 piaffraed,
912 4418 993 4468 Anno
1012 4415 1207 4469 incarnationis
1229 4416 1327 4469 damini
1347 4421 1387 4470 M.
