3450 5342
750 700 943 747 PRAEFATIO.
1325 700 1370 746 vll

318 888 373 934 me
399 885 536 949 operam
563 866 709 943 dedisse,
738 871 781 946 ut,
809 885 894 948 quae
919 868 961 932 ad
986 867 1170 946 lectionem,
1197 869 1239 932 ad
1265 871 1368 935 ratio·

318 1004 395 1051 nem
418 986 667 1067 grammaticam
694 987 725 1049 et
751 984 794 1049 ad
815 990 1045 1066 argumentum
1072 986 1234 1063 iacerent,
1267 988 1368 1053 alier-

319 1121 408 1184 rem,
447 1108 605 1186 quantum
633 1103 765 1184 quidem
797 1103 833 1166 in
855 1104 921 1168 hoo
945 1109 1108 1170 terrarum
1143 1105 1265 1184 angulo
1298 1107 1369 1171 deri

319 1231 448 1310 posset,
475 1233 509 1291 ut
537 1225 682 1306 nequid
708 1226 977 1306 praetermissum
1004 1225 1171 1290 videretur
1196 1203 1249 1288 vel
1276 1226 1370 1289 inou-

318 1350 370 1415 ria
393 1349 446 1413 vel
473 1347 681 1411 festinatione
707 1346 756 1409 vel
783 1347 919 1427 operosi
945 1346 1068 1411 laboris
1088 1343 1218 1409 taedio:
1253 1361 1371 1425 quam·

317 1487 418 1551 quam
442 1468 542 1546 nihil,
578 1466 668 1548 quod
701 1484 824 1548 operae
849 1467 990 1548 pretium
1017 1467 1059 1530 sit
1085 1464 1223 1542 addere,
1256 1465 1371 1530 deesse

318 1592 472 1673 equidem
498 1592 667 1671 praestare
692 1589 828 1653 minime
851 1589 968 1653 ausim.
1033 1585 1161 1664 Quodsi
1199 1602 1280 1648 vero
1308 1586 1370 1651 ali-

318 1710 398 1790 quid
423 1711 493 1773 sive
518 1709 676 1772 omissum
707 1709 777 1772 sive
803 1708 1016 1772 commissum
1050 1703 1231 1781 videbitur,
1264 1721 1307 1768 na
1337 1705 1371 1769 id

318 1828 429 1891 solum
448 1826 591 1889 tribuant
617 1825 740 1887 iudioes
765 1824 1034 1888 adiumentorum
1055 1823 1214 1904 penuriae
1240 1815 1370 1907 (quam-

319 1961 421 2026 quam
441 1943 549 2006 neiis
583 1942 716 2023 quidem
750 1940 797 2005 uti
832 1940 924 2004 lionit
956 1941 1128 2019 omnibus,
1162 1957 1246 2021 quae
1282 1940 1371 2006 haud

318 2062 435 2144 procul
462 2061 579 2125 abesse
604 2060 723 2124 scirem
731 2054 751 2147 a)
787 2059 847 2123 sed
885 2060 984 2124 etiam
1014 2060 1143 2124 muneri
1170 2059 1368 2124 scholastico

320 2180 458 2263 duplioi,
498 2178 588 2260 quod
620 2194 723 2260 quum
747 2178 866 2242 merito
901 2179 963 2242 sihi
985 2179 1142 2261 deposeat
1164 2193 1276 2241 ouram
1300 2178 1370 2258 pri-

319 2299 476 2377 mariam,
502 2314 643 2379 eamque
668 2315 711 2362 ne
736 2297 875 2363 minima
900 2298 1034 2380 quidem
1062 2298 1128 2362 diei
1148 2301 1241 2378 parte
1267 2298 1370 2361 inter-

319 2419 471 2495 missam,
497 2418 737 2496 permultorum
763 2416 937 2481 hominum
951 2417 1213 2498 interpellatione
1228 2420 1369 2495 auetam,

319 2537 378 2601 vix
402 2553 504 2600 unam
529 2536 709 2601 alteramve
735 2534 854 2600 horam
881 2535 968 2599 ouris
995 2533 1099 2616 'plane
1124 2536 1261 2600 liberam
1288 2553 1369 2600 oon·

319 2655 434 2731 cessit,
459 2657 496 2717 ut
518 2654 709 2734 saepissime
735 2655 770 2717 in
792 2653 904 2718 medio
929 2670 1032 2735 opera
1063 2654 1222 2719 aliorsum
1248 2672 1370 2718 avoca-

320 2778 393 2849 tus,
419 2771 498 2848 vix,
524 2788 610 2850 quae
635 2771 791 2837 inchoata
803 2773 1010 2853 reliquissem
1032 2769 1194 2837 memorii
1211 2788 1370 2835 revocare

320 2910 361 2956 ao
386 2891 540 2971 supplere
562 2889 684 2954 liceret.
737 2889 831 2969 Quae
853 2908 954 2973 quum
980 2891 1027 2955 ita
1052 2891 1133 2969 sint,
1158 2889 1230 2954 fieri
1255 2889 1370 2969 potuit,

321 3015 374 3089 ut,
400 3028 503 3095 quum
523 3027 566 3073 ne
589 3010 738 3090 relegere
764 3010 896 3092 quidem
931 3011 1052 3074 librum
1086 3011 1156 3073 sine
1180 3007 1370 3089 interpella·

319 3129 446 3192 toribus
472 3129 604 3207 lioeret,
628 3128 791 3210 quaedam
815 3130 981 3195 nonsatis
1008 3128 1189 3210 perpolita,
1210 3127 1370 3192 nonnulla

320 3263 389 3309 non
409 3262 471 3310 suo
497 3247 574 3311 loeo
593 3248 719 3327 posita,
755 3248 930 3329 aliquoties
954 3247 1071 3327 etiam,
1109 3265 1193 3329 quae
1219 3247 1370 3328 superius

319 3367 429 3428 essent
454 3364 551 3441 diota,
580 3366 730 3447 repetita,
756 3365 909 3446 denique,
936 3382 1021 3446 quae
1047 3368 1122 3428 sunt
1145 3364 1274 3442 similia,
1300 3380 1369 3426 non

320 3483 399 3546 satis
425 3484 614 3544 constanter
637 3485 776 3546 tractata
802 3488 994 3561 appareant.
1054 3481 1246 3547 Cuiusmodi
1271 3481 1369 3544 rebus

321 3600 452 3666 veniam
477 3598 601 3662 dabunt
631 3598 755 3663 iudices
790 3599 906 3679 aequi:
939 3615 1039 3681 quam
1077 3617 1146 3665 non
1178 3605 1274 3682 peto,
1306 3598 1368 3662 nisi

320 3722 399 3783 item
416 3716 605 3800 apparuerit
630 3719 789 3799 pleraque
815 3734 888 3782 esse
910 3719 957 3782 sio
974 3717 1209 3796 administrata,
1235 3721 1271 3781 ut
1294 3734 1368 3782 eum

322 3838 510 3904 assiduitate
536 3841 724 3903 accuratum
750 3837 896 3902 studium
920 3843 952 3901 et
971 3837 1129 3902 indicium
1152 3842 1284 3902 cautum
1310 3835 1369 3899 ad-

321 3946 459 4019 hibitum
486 3972 558 4020 esse
584 3955 744 4021 videatur.
808 3955 908 4035 Quod
941 3960 1108 4038 superest,
1143 3957 1298 4019 nimirum
1335 3958 1371 4017 ut

322 4074 443 4154 gratias
469 4090 566 4154 agam
594 4074 671 4138 viris
697 4074 959 4151 humanissimis,
998 4074 1053 4154 qui
1085 4090 1193 4137 meam
1220 4072 1370 4152 qualem·

323 4211 452 4275 cunque
493 4210 630 4274 operam
661 4192 752 4257 libris
792 4197 825 4257 et
861 4191 989 4273 seriptis
1024 4197 1055 4254 et
1092 4189 1185 4253 editis
1226 4190 1370 4268 itemque

323 4311 664 4377 animadversionibus
690 4313 790 4377 variis
815 4311 1027 4386 adiuverunt,
1053 4307 1088 4371 id
1110 4307 1173 4371 seoi
1200 4307 1233 4370 in
1259 4305 1370 4369 indice
1462 4322 1465 4327 ·

320 4433 506 4513 Apparatus
528 4427 640 4494 Critici
665 4448 726 4495 suo
746 4432 864 4511 auique
890 4432 986 4506 loeo,
1020 4443 1086 4506 quo
1113 4425 1182 4490 eius
1208 4425 1368 4490 beneficia
