3450 5342
665 684 861 738 rmuoxor
880 687 929 736 ιιι.
952 686 1041 737 car.
1060 688 1083 737 ι.
1325 671 1397 747 135
1503 726 1504 733 ,

341 842 422 910 fecti,
439 840 547 899 virtutes
564 852 590 895 et
609 842 747 913 pravitates
766 843 866 899 habent
884 843 991 914 gradus.
1038 846 1074 900 Ar
1093 865 1154 899 vero
1180 848 1334 909 Stoicorum
1353 874 1396 911 sa.

343 930 419 1001 piens
434 938 473 985 est
492 928 625 1001 perfectus
651 941 680 985 nt
705 931 784 998 dens,
814 950 879 1002 ergo
904 931 1126 1003 sapientissimus:
1154 934 1283 1007 insiplens
1306 950 1394 995 autern

342 1036 438 1072 eornm
452 1029 490 1073 est
507 1016 745 1090 insipientissimus.
793 1019 904 1073 Deliae
928 1017 994 1073 falsa
1013 1020 1218 1076 ratiocinatione
1242 1024 1307 1078 recti
1325 1026 1396 1081 eins-

342 1125 396 1177 que
414 1106 485 1179 apud
503 1105 608 1161 Stoicos
626 1105 731 1161 fallacia
749 1108 784 1163 cf.
802 1106 907 1161 Seneca
925 1106 976 1178 Ep.
996 1110 1039 1162 ot.
1058 1119 1083 1163 et
1101 1109 1217 1180 Epictet.
1237 1113 1336 1180 pttt.
1355 1111 1396 1165 erl.

333 1192 445 1262 Ι[ἶριοιι.
461 1194 559 1265 quibus
575 1193 690 1247 addatur
710 1193 814 1265 Lipsius
843 1195 871 1249 in
897 1193 1055 1249 Manuduct.
1078 1195 1111 1247 ad
1136 1195 1236 1252 Philos.
1263 1196 1347 1252 Stoic.
1366 1199 1397 1255 L.

341 1280 386 1335 lli.
405 1301 428 1336 r„
447 1284 494 1336 4.·‘
529 1281 713 1351 Wyttenlt.

413 1381 483 1422 certe
503 1352 620 1422 ne⁸bono
641 1369 747 1441 quidem
765 1369 860 1421 melius
880 1369 1024 1441 quicquum
1045 1370 1161 1423 investiri
1176 1373 1287 1439 putsch]
1318 1371 1396 1438 „Hoc

343 1458 477 1511 constabit
492 1455 604 1522 Stoicis,
625 1453 790 1526 κατόρθωμα
809 1455 993 1513 statuentibus.
1039 1456 1106 1510 Nurn
1134 1455 1161 1510 in
1187 1458 1281 1515 mediis
1298 1458 1395 1513 officiis

340 1555 370 1598 ut
389 1564 439 1600 nec
455 1544 600 1611 virtutum,
620 1544 654 1597 ita
674 1562 725 1599 nee
743 1555 919 1616 peecatorum
938 1543 1084 1615 aequalitas
1109 1563 1165 1599 esse
1189 1547 1296 1616 poterit.
1338 1545 1393 1600 Sed

339 1631 383 1684 illa
402 1629 612 1702 κατορθώματος
630 1631 761 1702 persentio
781 1652 915 1704 nusquam
934 1633 1053 1702 gentium
1082 1633 1169 1687 adhuc
1193 1633 1299 1689 inventa
1325 1638 1392 1691 est.“

338 1717 363 1770 X
370 1728 433 1788 yst.
452 1717 565 1772 Betui.

411 1815 483 1857 certe
499 1825 560 1858 uec
578 1804 811 1876 bonoquidem]
848 1803 1040 1875 „Exponamus
1065 1806 1139 1862 huuc
1163 1808 1272 1875 locunt,
1299 1810 1393 1885 nequis

337 1912 402 1946 euin
420 1893 555 1965 depravet.
595 1893 823 1963 Quemadmodum
843 1893 959 1967 (iuquit)
976 1895 1045 1947 nittt
1063 1904 1134 1949 rectu
1152 1897 1251 1951 certina
1270 1906 1325 1961 est,
1349 1898 1392 1949 ite

338 2000 386 2032 nec
404 1979 589 2034 bonomelius.
628 1981 678 2034 tttc
707 2000 762 2033 nou
790 1981 875 2033 ausim
900 1980 1004 2035 dicere:
1033 1986 1081 2033 Ita
1106 2002 1144 2035 ne
1168 1981 1234 2036 bono
1255 1984 1392 2056 quidem

339 2069 442 2120 melier.
484 2068 551 2121 Nam
571 2087 634 2122 cuna
653 2067 751 2122 Cicero
771 2070 799 2121 in
818 2070 892 2123 bono
922 2082 949 2124 et
976 2082 1050 2124 recto
1076 2071 1262 2143 aequalitatem
1286 2082 1391 2137 statuat,

339 2158 367 2207 in
386 2174 416 2209 ea
437 2167 525 2209 autern
545 2155 682 2222 oratione,
703 2175 771 2227 qnae
789 2176 838 2228 per
855 2177 888 2211 ne
907 2168 933 2211 et
951 2159 1056 2229 quidem
1072 2158 1199 2226 effertur,
1216 2179 1323 2231 semper
1340 2159 1390 2212 ali·

339 2243 403 2314 qnid
422 2241 562 2317 inaequale
579 2242 760 2315 significetur,
779 2243 806 2297 id
825 2256 878 2310 est,
908 2263 967 2299 mea
986 2249 1129 2312 sententia,
1155 2245 1225 2303 inter
1243 2245 1309 2300 haec
1334 2247 1388 2299 duo

339 2329 466 2402 loquendi
486 2349 586 2402 genera
604 2330 779 2396 discriminis,
806 2332 879 2404 quod
907 2333 978 2387 inter
996 2333 1106 2405 aequale
1124 2344 1151 2388 et
1168 2332 1318 2405 inaequale.
1355 2333 1390 2388 Et

338 2417 402 2489 quia
420 2418 516 2472 Cicero
533 2437 581 2470 nec
598 2438 649 2490 pro
667 2437 700 2471 ns
718 2432 846 2492 sequente
865 2422 971 2493 qnidam
988 2420 1091 2493 aliquot
1107 2421 1174 2477 locis
1192 2422 1328 2493 usurpavit
1345 2425 1389 2492 (ut

337 2504 500 2560 Officioruru
520 2505 552 2558 ll.
580 2506 613 2559 de
634 2506 730 2560 lustitia
751 2508 806 2574 [tt,
824 2509 894 2576 tn.]:
922 2508 1015 2577 cuins,
1039 2509 1142 2580 inquit,
1166 2517 1248 2560 tanta
1271 2507 1312 2560 vis
1338 2519 1387 2572 est,

337 2605 370 2647 ut
387 2613 448 2647 nec
465 2595 508 2647 illi
526 2593 677 2665 quidem,
702 2595 749 2665 qui
767 2595 899 2663 maleficio
924 2606 951 2649 et
970 2596 1067 2649 scelere
1088 2603 1257 2664 pascuntur,
1282 2593 1388 2662 possint

335 2683 395 2737 sins
412 2682 472 2734 ullo
488 2681 628 2750 porticulo
645 2680 770 2733 institiae
788 2682 905 2746 nivere),
935 2683 961 2735 id
981 2682 1055 2754 quod
1073 2681 1199 2737 Erasmus
1216 2699 1249 2735 ac
1265 2678 1389 2732 Budaeus

335 2778 514 2831 annotarunt,
538 2787 571 2820 eo
591 2765 654 2820 mihi
669 2766 758 2838 lapsus
774 2766 842 2822 risus
860 2779 899 2822 est
915 2768 1037 2836 facilior,
1062 2780 1092 2823 nt
1116 2767 1202 2822 lector
1226 2766 1266 2821 vel
1293 2785 1388 2837 parurn

336 2855 457 2910 eruditus
473 2856 511 2908 rei
531 2855 619 2908 minus
636 2855 850 2910 animadvertens
874 2856 944 2910 idem
970 2857 1050 2913 etiam
1073 2858 1125 2913 lroc
1149 2857 1211 2911 loco
1230 2855 1388 2909 Ciceronem

336 2945 429 2999 fecisse
448 2943 581 3011 crederet,
600 2963 662 2998 cunr
683 2955 772 2997 tamen
791 2945 897 3016 quidem
922 2945 955 2998 ad
975 2945 1170 3016 plenitudinem
1194 2941 1322 2998 orationis
1340 2943 1388 2997 ad·

335 3033 434 3087 iectnrn
452 3032 491 3086 sit.
526 3030 573 3085 Sic
590 3030 688 3086 Graeci
705 3035 735 3098 ys
755 3032 884 3103 particula
910 3044 1023 3086 utuntur
1038 3034 1183 3088 interdum.
1227 3030 1388 3087 Demosthe-

336 3139 385 3173 nes
407 3118 555 3190 Philippica
580 3119 666 3190 prima
693 3120 732 3190 [p.
748 3124 795 3187 41,
820 3121 872 3187 l.]:
899 3125 922 3173 ιί
941 3117 992 3190 reip
1016 3117 1099 3191 ἔροιτό
1119 3140 1160 3179 τις
1175 3114 1258 3186 ὑμᾶς,
1283 3119 1386 3190 εἰρήνην

335 3202 425 3273 ripere,
447 3194 467 3257 si
490 3203 583 3277 ἄνδρες
600 3203 755 3275 Ἀθηναῖοις
778 3203 817 3268 μα’
841 3205 885 3260 At’
902 3205 949 3275 οὐχ
973 3202 1046 3279 ἡμεῖς
1062 3229 1113 3276 γε,
1136 3205 1228 3261 εἴποιτ’
1244 3208 1292 3274 cir,
1318 3204 1386 3259 stlte

335 3297 457 3363 Φιλίππῳ
475 3295 660 3355 calamiten?
683 3293 888 3349 Morisotus.
934 3295 1113 3361 „Membrana
1136 3295 1270 3348 Leidensis
1289 3292 1386 3348 omittit

334 3380 456 3453 quidem:
485 3390 574 3442 recte;
591 3396 625 3432 ne
643 3378 715 3431 eninr
735 3380 847 3449 ponitur
871 3400 922 3450 pro
942 3383 1115 3453 rae-quidem.
1157 3381 1219 3434 Vid.
1244 3381 1386 3452 exquisitae

333 3467 475 3521 doctrinae
492 3465 595 3530 sirum,
614 3463 645 3517 C.
664 3465 698 3517 Α.
716 3462 874 3518 Duclerum
900 3466 934 3518 ad
953 3466 1025 3518 Flor.
1044 3466 1196 3539 ltt,1t,a.
1223 3476 1250 3518 et
1274 3465 1307 3518 ad
1330 3466 1384 3518 Liv.

333 3553 430 3620 XLIV,
447 3556 511 3609 36³⁴
528 3550 702 3606 Ruhnken.
730 3549 763 3604 ad
785 3550 867 3604 Rutil.
890 3551 959 3622 Lup.
987 3555 1080 3622 ptttt
1097 3572 1137 3625 sq.
1157 3581 1191 3593 -
1234 3551 1386 3606 Obseoutus

332 3654 372 3696 est
391 3639 552 3694 Ruhnkenio
577 3639 722 3695 Schiitains.
759 3637 934 3693 Gernlrardus
951 3651 1040 3693 autern
1065 3640 1094 3693 iu
1119 3639 1272 3705 Addendis,
1297 3638 1385 3705 ,‚lure‚

333 3731 435 3802 inquit,
456 3728 578 3782 Bremius
596 3729 628 3782 ad
648 3728 727 3781 fian.
740 3728 760 3793 l,
779 3732 805 3794 6,
825 3731 869 3782 tt.
888 3739 982 3782 contra
1000 3727 1135 3781 Davisiurn
1154 3739 1181 3781 et
1197 3724 1385 3781 Ruhulreninm

334 3818 450 3883 dubitat,
468 3837 518 3883 an,
548 3816 569 3870 si
586 3836 619 3869 ne
639 3837 689 3887 pro
706 3817 871 3888 rae-quidem
890 3817 923 3869 ab
950 3816 1008 3871 aliis
1025 3815 1200 3888 scriptoribus
1224 3814 1325 3871 dietum
1344 3813 1385 3877 sit,

334 3907 404 3960 idern
423 3904 601 3959 Ciceroniane
619 3905 732 3970 dicatur,
749 3905 838 3959 donec
856 3923 887 3957 es
905 3904 963 3975 ipso
983 3904 1114 3959 Cicerone
1131 3915 1203 3960 certa
1222 3914 1249 3958 et
1263 3902 1384 3957 omnium

335 3993 420 4046 codd.
438 3994 594 4047 anctoritate
613 3992 771 4047 confirmata
790 3992 909 4065 exempla
930 3992 1110 4063 proferantur.
1152 3992 1221 4047 Nam
1238 3993 1308 4045 iusto
1326 3989 1386 4061 plus

335 4081 545 4153 Oudendorpius
562 4080 654 4135 tribuit
671 4079 798 4135 Duclero
817 4080 850 4133 ad
870 4080 996 4146 Florum,
1023 4092 1052 4135 ut
1070 4079 1209 4135 Heindorf.
1233 4079 1265 4132 ad
1292 4079 1384 4131 Horat.

335 4171 389 4224 Sat.
408 4170 441 4236 ll,
460 4173 487 4237 3,
506 4173 567 4225 262.
610 4167 797 4224 ttubntento.⁴‘
844 4169 925 4223 Nunc
952 4169 1059 4240 quidem
1090 4188 1123 4221 ne
1150 4186 1200 4238 pro
1224 4163 1385 4235 rte-quidem

335 4259 385 4313 diei
405 4278 461 4312 non
480 4277 557 4329 posse
578 4268 702 4312 accurate
727 4258 848 4329 probavit
866 4257 983 4327 Madvig.
1010 4256 1043 4309 ad
1062 4254 1118 4307 Cic.
1144 4253 1177 4305 de
1204 4251 1283 4304 Finn.
1302 4249 1322 4315 l,
1340 4252 1384 4315 tt,

336 4348 377 4399 39.
396 4366 422 4417 ρ.
441 4349 476 4399 82
495 4367 535 4418 sq.
554 4347 624 4399 etin
644 4344 763 4399 Excursu
781 4345 826 4398 ΙΙΙ.
845 4365 872 4416 p.
880 4349 942 4400 818.
981 4345 1036 4396 lam
1056 4359 1117 4393 vero
1136 4340 1215 4392 etiam
1234 4358 1289 4391 non
1309 4351 1386 4412 pote·

338 4433 369 4486 rit
387 4435 572 4489 commendari
591 4451 638 4485 nec
657 4460 691 4471 -
710 4432 815 4501 quidem
841 4445 901 4503 post
919 4451 966 4497 ea,
999 4447 1067 4500 quae
1093 4427 1244 4481 docueruut
1270 4426 1385 4501 Madvig.
