3450 5342
623 704 823 753 urranoxou
843 706 874 752 v.
903 704 975 751 cau.
996 705 1017 750 ι.
1277 681 1350 757 231

288 866 366 921 iibris
392 866 472 921 MSS.
498 866 672 939 protulimus,
702 867 866 937 iunguntur,
895 864 1058 918 coniunctae
1087 876 1231 935 apparente
1263 869 1351 937 jacto

289 966 553 1010 asreautnexu.
590 954 648 1008 Mr.

365 1052 416 1094 ant
434 1043 538 1115 aliquo]
558 1042 707 1110 „Libenter
727 1041 839 1114 legerim
858 1050 909 1093 out
929 1038 992 1092 olio.
1027 1038 1097 1094 Nam
1114 1038 1195 1093 etiam
1212 1058 1295 1092 nesus
1310 1057 1349 1098 est

292 1129 363 1182 inter
381 1129 466 1184 civilia
485 1130 553 1184 iura.
572 1130 674 1185 Face.
720 1129 802 1213 Addit
819 1128 937 1183 Geron:
966 1127 1050 1195 Nam,
1069 1137 1100 1182 ut
1116 1126 1224 1199 Sylvius
1245 1141 1346 1196 monet,

290 1219 369 1271 etiam
387 1236 477 1271 servus
493 1229 550 1272 erat
573 1230 620 1272 aut
644 1237 737 1285 vernn,
757 1229 803 1274 aut
821 1218 951 1283 donatus,
980 1225 1026 1270 aut
1044 1225 1202 1270 testamento
1227 1215 1346 1282 relictus,

289 1316 336 1358 aut
353 1325 382 1358 es
402 1304 476 1359 hoste
493 1310 616 1377 captus.“
652 1306 710 1360 ΜΓ.

361 1405 412 1446 nur
431 1395 524 1466 aliquo
539 1396 597 1447 iure
615 1395 718 1463 cirittq
737 1391 819 1461 „Pro
830 1403 882 1445 out
900 1392 957 1444 alio
975 1411 1028 1464 quo
1046 1392 1123 1444 modo
1139 1393 1346 1445 secundamus

288 1482 381 1546 civile,
413 1482 486 1553 qnod
516 1482 601 1536 varios
628 1482 723 1536 modos
748 1481 879 1535 servitutis
904 1479 1104 1535 contrahendae
1131 1478 1238 1534 habeat‘
1265 1480 1344 1539 Ern.

288 1569 331 1622 De
350 1568 401 1623 hoc
420 1589 486 1635 usu,
515 1589 570 1641 quo
589 1571 691 1642 aliquis
709 1568 748 1622 vel
777 1570 889 1641 ponitur
916 1568 955 1622 vei
983 1567 1048 1640 poni
1074 1567 1177 1621 ridetur
1194 1587 1245 1640 pro
1270 1568 1344 1621 nlius

289 1658 365 1729 quis,
383 1658 456 1708 olins
473 1658 596 1727 quidam,
615 1657 667 1710 vid.
688 1677 738 1710 nos
757 1657 790 1710 ad
810 1657 868 1710 Cio.
888 1657 921 1711 de
939 1655 1006 1728 Rep.
1026 1653 1071 1720 111,
1091 1658 1134 1709 14.
1154 1676 1180 1727 p.
1198 1658 1259 1710 2⁶9.
1277 1655 1343 1726 ibiq.

288 1746 379 1800 iaudd.
424 1745 500 1798 Adde
518 1743 623 1798 Roiani.
648 1745 683 1797 ad
703 1744 796 1798 Vellei.
811 1745 914 1799 Pate'rc.
933 1742 954 1810 1,
974 1746 1017 1810 11,
1037 1753 1114 1809 estn,
1140 1741 1257 1814 itemque
1274 1740 1344 1795 flot-

288 1854 383 1888 mann.
402 1835 430 1887 in
450 1832 534 1886 lahnii
554 1832 661 1885 Annali.
679 1831 785 1888 Philott.
805 1835 883 1886 1818.
903 1832 936 1899 il,
954 1834 980 1884 1.
998 1850 1025 1902 p.
1043 1834 1089 1885 46.
1125 1829 1207 1898 Quod
1227 1829 1280 1900 legi
1297 1847 1345 1882 vo·

287 1922 360 1975 lebat
378 1921 459 1975 Face.
473 1910 524 1971 ont
543 1921 595 1972 ali
601 1939 616 1972 ο
635 1937 685 1990 pro
704 1929 755 1971 aut
773 1920 826 1972 ati
834 1938 913 1992 quo,
933 1918 1013 1974 habet
1025 1919 1136 1990 quidem
1149 1917 1216 1971 cod.
1230 1916 1280 1971 Ox.
1292 1916 1343 1980 U.;

287 2009 333 2063 red
353 2028 383 2061 ea
403 2007 603 2072 emendatione,
635 2019 761 2080 quaeest
783 2007 812 2061 in
836 2006 883 2061 iiio
903 2007 970 2064 cod.
997 2006 1172 2073 correctoris,
1199 2024 1267 2077 opns
1286 2023 1342 2058 non

288 2107 334 2150 est.
371 2097 425 2150 Pro
440 2106 491 2147 ant
507 2095 557 2149 Os.
567 2113 595 2159 ψ.
610 2096 690 2150 habet
701 2107 793 2169 atque.
830 2097 897 2151 cod.
912 2096 970 2150 Cra.
983 2101 1007 2149 2.
1019 2095 1098 2149 habet
1113 2094 1264 2147 civilitate.
1282 2092 1341 2145 Mr.

360 2185 426 2248 Sed,
444 2184 470 2234 si
486 2183 606 2236 servitus
624 2184 676 2247 sit,
692 2183 764 2236 sicut
782 2186 849 2251 est,]
887 2183 953 2252 „Sic
968 2195 1039 2238 octo.
1057 2191 1183 2246 suorum
1194 2201 1265 2235 unus
1282 2183 1342 2250 [ro-

288 2270 375 2338 iebat,
396 2272 510 2343 opinor,
529 2272 659 2326 Graevius
675 2273 809 2326 scribere:
833 2293 947 2345 quorum
966 2294 1037 2326 unus
1056 2275 1103 2342 -]
1121 2284 1162 2326 sat
1179 2292 1231 2346 pro
1250 2273 1336 2325 sit.-

287 2363 318 2411 Sr'
335 2360 452 2412 servitus
470 2371 511 2412 ert
536 2360 622 2424 obed„
651 2379 736 2425 unus3
764 2362 796 2413 ui
819 2363 938 2415 seruitus
962 2363 1001 2414 eis
1025 2363 1077 2426 sit,
1105 2363 1178 2415 siout
1204 2370 1245 2413 est
1268 2357 1341 2412 obed.

287 2465 376 2512 unus,
395 2447 457 2502 add.
476 2467 536 2519 sup.
553 2448 591 2500 sir
608 2459 634 2501 et
651 2458 701 2505 est.
720 2476 756 2489 —
792 2451 823 2501 Si
840 2451 958 2504 servitus
977 2450 1014 2502 sit
1032 2460 1088 2514 est,
1112 2460 1144 2502 ut
1163 2447 1253 2501 oboed.
1272 2458 1338 2510 ποις

287 2535 319 2586 Si
336 2535 454 2587 servitur
472 2535 515 2587 sit.
525 2545 567 2587 est
586 2534 675 2592 odoed.
694 2554 777 2602 unum
801 2537 832 2589 Si
848 2555 919 2591 reru,
945 2538 983 2590 sit
1002 2554 1057 2609 quo
1080 2535 1169 2588 otoert.
1187 2553 1266 2587 unus.
1311 2531 1349 2585 Si·

286 2642 357 2678 serv.
378 2633 419 2674 est
437 2623 493 2674 sint
511 2621 599 2678 odoed.
619 2642 703 2687 unus;
716 2626 747 2677 St
764 2643 833 2677 rrrv·
851 2635 895 2677 est
913 2635 945 2676 ut
964 2623 1052 2678 oboed.
1072 2642 1156 2688 unus3
1174 2624 1204 2673 Si
1217 2639 1287 2674 serv.
1304 2619 1342 2670 sit

286 2710 323 2761 nb
343 2709 430 2763 oboed.
450 2712 547 2766 unus.“
576 2710 649 2763 Aid.
670 2710 758 2767 Man.
804 2712 868 2766 Post
886 2712 987 2765 Aidum
1013 2731 1093 2765 nemo
1122 2711 1266 2784 quicquam
1295 2725 1341 2759 va·

285 2795 396 2859 rietatis,
414 2808 521 2868 praeter
536 2795 737 2866 Gernhardum,
755 2799 879 2867 enotavit,
899 2800 945 2871 qui
964 2802 988 2852 si
1006 2799 1095 2852 deesse
1112 2799 1140 2850 in
1159 2797 1265 2850 duobus
1274 2792 1340 2847 On.

287 2884 379 2938 refert.
416 2882 529 2938 Sontini
549 2885 635 2939 codd.
654 2886 686 2940 E.
706 2905 735 2949 ψ.
770 2885 818 2939 Est
835 2897 926 2940 autem
945 2887 973 2940 in
991 2885 1051 2940 Cm.
1070 2889 1095 2939 1.
1115 2885 1164 2938 sed
1180 2884 1205 2937 si
1221 2883 1340 2953 serpitur

286 2981 329 3023 rs!
348 2971 498 3024 obedientia
512 2973 605 3044 fracti
622 2974 707 3025 animi
725 2973 844 3045 itemque
863 2974 891 3026 in
908 2974 988 3028 Drsd.
1006 2978 1049 3038 5.;
1075 2974 1120 3028 sed
1149 2972 1177 3026 in
1196 2973 1287 3044 priore
1305 2971 1339 3024 ab

286 3058 321 3114 ai.
340 3077 375 3111 m.
393 3059 513 3113 additum
531 3074 570 3117 est
586 3063 666 3114 sicut.
678 3072 737 3133 post
753 3072 804 3118 ert.
848 3065 907 3116 crs.
925 3066 951 3117 3.
976 3061 1079 3115 exhibet
1102 3061 1151 3114 ssd
1173 3062 1198 3115 si
1222 3059 1340 3114 servitus

286 3149 324 3200 rit
342 3149 423 3199 sice
442 3147 482 3200 ab
506 3155 525 3200 ῖ
550 3147 717 3211 obedientia,-
746 3149 791 3202 sed
816 3148 852 3201 ab
879 3150 986 3221 punctis
1012 3148 1168 3220 subscriptis
1190 3147 1338 3219 signatum

285 3234 395 3288 Suerin.
415 3236 468 3286 Sed
486 3236 511 3286 si
528 3253 596 3290 serv.
614 3237 652 3289 sit
669 3238 733 3300 sis3
764 3236 837 3290 Gud.
857 3237 889 3290 Α.
914 3257 936 3292 s.
955 3257 977 3291 a.
995 3257 1018 3293 s.
1038 3256 1059 3292 a.
1085 3238 1156 3289 aicut
1180 3235 1339 3288 odedien-

286 3324 341 3375 tia
359 3334 409 3376 est.
445 3322 506 3374 Mr.

359 3415 384 3466 si
400 3413 518 3464 servitus
536 3411 585 3478 sit]
616 3412 796 3481 „Argumenti
816 3413 852 3462 vis
871 3411 977 3465 ducitur
995 3431 1010 3463 a
1029 3410 1185 3464 definitione
1204 3419 1230 3461 et
1253 3410 1338 3462 inter-

284 3499 437 3572 pretatione
456 3496 533 3550 huius
551 3499 650 3550 vocis.⁸‘
686 3497 708 3548 F
715 3515 783 3551 acc.

357 3586 507 3640 obedientia
521 3586 614 3656 fracti
631 3585 714 3636 animi
733 3595 817 3656 atque
835 3582 944 3651 obiecti]
966 3581 1156 3639 connum.
1174 3590 1234 3653 post
1246 3582 1351 3653 fracti·

284 3675 359 3729 addit
377 3692 599 3746 supervacaneam
625 3671 746 3726 voculam
774 3682 811 3726 et.
857 3671 913 3724 Pro
939 3671 1045 3742 vulgato
1070 3681 1104 3723 et
1129 3670 1224 3723 obiecti
1248 3669 1338 3740 recepi

285 3776 395 3837 atque
413 3763 511 3814 obiecti
529 3781 557 3815 er
576 3761 662 3815 Codd.
681 3761 761 3814 Bern.
779 3759 838 3813 Bas.
857 3758 950 3813 Gueii.
968 3759 1047 3813 Drsd.
1060 3762 1086 3813 1.
1105 3760 1201 3812 ΟΜ.
1218 3757 1298 3810 Drsd.
1310 3759 1337 3810 3.

285 3852 359 3905 Gud.
379 3851 411 3904 Α.
440 3851 482 3921 (in
505 3849 558 3904 hoc
576 3849 685 3923 quidem
709 3860 748 3902 est
774 3858 858 3920 atque
886 3848 986 3900 obiecti
1012 3849 1108 3912 animi)
1131 3847 1250 3919 itemque
1275 3845 1338 3897 Eae.

284 3938 354 4010 Eyb.
373 3950 435 3992 cum
454 3938 504 3992 Or.
523 3950 549 3992 et
566 3938 590 3990 Τ
592 3939 635 3992 bn.
678 3938 749 3992 Turn
769 3938 856 4009 pergit
875 3937 947 3990 Gud.
964 3937 997 3990 A.
1016 3947 1125 4008 atqua
1144 3935 1257 3987 arbitrio
1274 3952 1337 3986 cnm

283 4026 381 4080 Dnisb.
418 4028 520 4080 Vocem
538 4045 588 4078 auo
605 4027 703 4082 omittit
720 4026 800 4080 Drsd.
813 4031 839 4079 4.
858 4045 921 4079 cum
941 4025 1013 4078 Gud.
1035 4024 1068 4077 Β.
1104 4021 1145 4075 Ad
1167 4019 1263 4076 nard.
1281 4038 1337 4074 ear.

282 4132 335 4166 arto
352 4112 506 4184 explicanda
533 4114 638 4186 scripsit
665 4114 725 4168 ΑΜ.
743 4113 830 4166 Mam:
859 4112 935 4180 „Qui
962 4131 1018 4166 non
1043 4123 1114 4165 recta
1142 4109 1262 4181 sequitur
1287 4126 1338 4162 nee

282 4197 376 4252 officio
393 4200 520 4270 gaudet.“
556 4202 612 4254 Pro
630 4212 707 4274 neget
727 4201 800 4256 Gud.
811 4202 843 4254 Α.
863 4192 943 4254 habet
962 4211 1094 4272 negan-
1115 4198 1156 4251 Ad
1177 4217 1198 4248 v.
1214 4196 1338 4259 si-sit,

283 4287 357 4339 sicut
377 4296 418 4338 est
436 4287 527 4341 iaudat
551 4289 633 4361 Borg.
660 4286 718 4343 Cic.
739 4288 808 4343 Phil.
826 4290 857 4355 li,
877 4293 925 4342 28:
952 4288 1082 4358 Quamvis
1104 4287 1162 4338 aine
1186 4303 1266 4337 sensu
1292 4283 1338 4349 sir,

282 4385 316 4427 ut
335 4393 380 4438 ⁶⁸:
399 4375 445 4442 IV,
462 4381 494 4431 4:
513 4379 636 4448 quamvis
654 4406 690 4418 —
709 4377 812 4447 ursarii
829 4377 900 4442 sint,
920 4377 959 4429 εἰσ
980 4386 1011 4426 ut
1025 4384 1107 4433 sunt5
1126 4370 1174 4438 XI,
1189 4375 1218 4425 ii:
1237 4374 1338 4441 Quam-

283 4465 325 4516 vis
346 4463 454 4516 animur
472 4474 539 4516 tuor
557 4466 608 4529 sir,
628 4470 655 4519 0.
675 4470 783 4532 Pansa,
802 4465 874 4517 sicut
891 4475 943 4519 est.
980 4463 1052 4515 idem
1072 4461 1104 4514 ad
1124 4481 1147 4514 v.
1166 4458 1263 4513 abiecti
1281 4460 1340 4514 iau·
