3450 5342
653 696 851 744 aiunoxon
874 696 922 743 nn
953 695 1023 742 cir.
1047 696 1068 742 t.
1315 676 1384 751 133

335 854 453 905 sentiens
470 873 529 905 curn
555 855 658 906 ratione
681 864 814 924 perpetua
841 855 1005 906 constantia.
1057 857 1130 918 una,
1163 855 1251 925 inquit
1279 859 1382 925 Cicero,

335 940 498 1006 vitiosam,
531 960 637 1012 semper
663 942 744 995 virtus
768 960 823 994 uua
848 941 997 1013 eademque
1025 941 1074 993 sibi
1108 959 1156 1012 par
1179 952 1205 993 et
1223 941 1314 996 similis
1331 958 1383 1013 est3

336 1026 598 1098 quodsequentibus
616 1029 701 1082 verbis
721 1029 795 1099 quasi
816 1029 939 1101 explanat
956 1030 1122 1081 consentiens
1140 1048 1199 1080 irum
1209 1028 1314 1081 ratione
1323 1050 1385 1100 per-

332 1122 420 1180 petua
438 1116 600 1168 constantia.
635 1115 682 1168 llla
702 1116 797 1180 virtus,
818 1136 888 1187 quae
906 1136 1013 1188 semper
1031 1136 1084 1169 una
1104 1120 1156 1182 e'st,
1181 1126 1220 1170 est
1238 1119 1386 1173 constantia

336 1210 464 1269 perpetua
482 1221 543 1255 cum
563 1203 667 1256 ratione
685 1203 870 1270 consentiens,
896 1204 921 1258 h.
941 1225 963 1258 e.
982 1224 1089 1275 semper
1105 1202 1152 1256 sibi
1173 1214 1298 1259 constans
1317 1225 1387 1261 nun-

336 1304 417 1357 quam
435 1307 450 1340 ο
468 1289 571 1343 ratione
589 1290 708 1345 discedit.
753 1289 824 1346 llinc
843 1291 969 1346 Socrates
986 1292 1050 1346 dixit
1067 1291 1138 1363 apud
1161 1289 1322 1345 Stobaeum:
1339 1300 1387 1347 soi

334 1379 395 1437 βίου
411 1377 531 1448 καθάπερ
544 1376 699 1444 ·οἷγάλματος
716 1379 803 1431 πάντα
821 1375 855 1431 ui
873 1384 940 1450 μέρη
961 1376 1029 1431 καλοὶ
1046 1372 1110 1432 εἶναι
1120 1381 1188 1433 διῖ.“
1207 1377 1387 1435 Graevius.

333 1460 486 1534 „Copulam
512 1478 584 1520 recte
616 1467 686 1521 delet
709 1465 867 1521 Graevius.“
892 1467 1148 1520 Lallemandus.
1169 1497 1202 1507 ·-
1249 1469 1386 1524 Sententia

334 1559 385 1601 est:
412 1552 524 1608 Virtutis
537 1573 597 1607 una
617 1561 657 1608 est'
671 1554 808 1621 definitio,
827 1555 926 1610 scilicet
945 1567 975 1610 ut
994 1555 1027 1609 sit
1044 1547 1192 1609 constantia‘
1213 1551 1387 1628 perpetuis!

335 1641 505 1693 consentiens
521 1657 583 1694 cum
605 1642 717 1695 ratione.
761 1642 807 1696 Est
834 1643 900 1697 haec
917 1662 1012 1714 graeca
1030 1641 1185 1696 Stoicorum
1209 1643 1340 1698 delinitio:
1370 1641 1388 1715 ἤ

334 1723 416 1796 ripaei}
434 1731 503 1780 iaris
521 1727 664 1781 εὐστάθεια
689 1733 795 1794 βέβαιος
809 1734 866 1780 καὶ
891 1726 1026 1799 depremit,
1049 1725 1211 1796 ὁμολογοῦσα
1237 1732 1274 1798 τῷ
1304 1729 1386 1798 λὸγῳ“

333 1812 353 1865 i.
373 1830 396 1864 e.
416 1815 564 1868 constantia
582 1814 659 1868 firma
678 1826 705 1868 et
722 1826 868 1887 perpetua,
895 1817 1065 1870 consentiens
1082 1836 1144 1870 curn
1162 1817 1275 1874 ratione.
1293 1819 1389 1888 Wyt·

335 1902 427 1957 tenb.
466 1902 548 1955 Vides
563 1898 804 1974 Wyttenbacltium
824 1923 879 1957 uon
898 1916 967 1958 stare
985 1925 1000 1958 a
1020 1890 1128 1957 Graevii
1144 1906 1282 1959 sententia.
1318 1904 1388 1960 Oliv.

335 2001 362 2043 et
378 1990 444 2045 Era.
463 2010 497 2044 ne
515 1991 679 2044 mentionem
700 1989 808 2062 quidem
826 1990 949 2046 lecerunt
967 1991 1046 2045 huius
1062 1991 1168 2046 Graevii
1186 1995 1388 2051 emendationis.

335 2081 423 2132 Weta.
439 2089 464 2132 et
480 2077 619 2132 Schiitaius
638 2098 698 2132 eam
710 2079 808 2132 factam
821 2079 952 2144 dixerunt,
973 2079 1048 2133 nullo
1067 2080 1165 2134 iudicio
1177 2081 1275 2134 addito.
1304 2079 1387 2134 Orel-

336 2165 387 2218 lius
405 2165 576 2236 significavit,
604 2186 664 2220 earn
692 2177 815 2238 receptae
838 2165 946 2220 lectioni
966 2187 1020 2221 esse
1038 2168 1260 2240 postponendam.
1297 2166 1388 2220 Gera-

336 2253 434 2306 hardus
452 2267 541 2308 autern
560 2255 664 2308 disertis
688 2255 774 2306 verbis
791 2273 848 2307 non
878 2273 946 2326 opus
964 2274 1017 2307 esse
1043 2274 1072 2308 ea
1092 2256 1194 2309 medela
1213 2256 1287 2310 disits
1317 2273 1388 2317 nam,

337 2341 439 2413 inquit,
460 2344 547 2394 uirtus
564 2353 606 2394 est
624 2342 671 2412 (de
690 2343 793 2397 lavent.
811 2340 844 2408 ll,
862 2345 907 2408 53,
929 2341 1004 2411 159.)
1030 2344 1113 2395 animi
1137 2343 1248 2396 habitus
1271 2354 1387 2395 staturas

336 2430 413 2482 niodo
436 2439 519 2500 atque
543 2431 645 2482 rationi
674 2440 882 2484 consantaneua.
928 2431 962 2483 Et
985 2430 1080 2485 Tusce.
1098 2431 1144 2484 lv,
1172 2433 1282 2501 affectio
1305 2433 1389 2484 animi

337 2528 464 2570 constans
490 2518 712 2589 conveniensque,
748 2517 899 2569 laudabiles
926 2519 1050 2589 efficians
1079 2537 1138 2584 eos,
1165 2521 1194 2572 in
1216 2518 1313 2590 quibus
1336 2531 1387 2573 eat.

336 2604 440 2659 Laudat
458 2615 593 2676 praeterea
613 2603 670 2657 Cic.
689 2605 722 2657 de
740 2603 798 2657 Off.
818 2605 837 2672 l,
856 2608 900 2671 at,
919 2608 981 2658 112.
1000 2617 1026 2660 et
1044 2624 1102 2677 cap.
1120 2609 1164 2660 34.
1183 2616 1246 2659 extr.
1272 2607 1389 2678 itemque

335 2703 454 2746 extrema
473 2691 551 2744 huius
569 2691 699 2744 Paradoxi
718 2692 806 2744 verba.
849 2693 916 2746 Mihi
945 2693 1053 2765 quidem
1084 2693 1148 2746 nihil
1167 2693 1270 2746 videtur
1288 2693 1390 2748 adden·

336 2781 420 2846 dum,
439 2799 501 2836 cum
519 2778 721 2850 Wyttenbachii
739 2778 878 2832 annotatio
897 2781 1047 2834 satisfacere
1074 2780 1156 2852 possit
1183 2780 1222 2832 vel
1238 2780 1302 2833 sola.
1349 2781 1389 2833 Ad

337 2869 496 2922 sententiam
515 2867 547 2920 H.
557 2866 682 2934 wolfius,
702 2867 802 2933 „Recte
822 2887 894 2935 sane,
914 2868 1012 2940 inquit,
1032 2869 1052 2923 si
1068 2869 1183 2940 perfecta
1195 2869 1276 2921 virtus
1286 2878 1390 2939 specte·

338 2970 398 3024 tur,
418 2955 503 3027 qualis
520 2957 548 3008 in
568 2956 619 3009 deo
637 2968 688 3021 est,
711 2956 746 3026 (si
766 2968 855 3010 tamen
875 2959 910 3010 ita
929 2957 1004 3029 loqui
1028 2957 1067 3011 las
1086 2967 1124 3010 est
1142 2956 1178 3008 de
1197 2955 1280 3023 Deo).
1327 2953 1390 3020 Sed,

338 3056 369 3098 ut
388 3043 523 3115 praeclare
541 3043 647 3116 scripsit
665 3043 762 3098 Cicero
781 3046 860 3099 tertio
879 3044 912 3098 de
930 3043 1036 3099 Officiis
1056 3047 1110 3113 [11,
1130 3045 1200 3113 osi:
1217 3064 1265 3096 rios
1282 3053 1315 3095 ut
1335 3042 1391 3095 veri

336 3133 407 3186 iuris
422 3150 617 3204 germanaeque
635 3133 776 3191 iustitiae.
801 3134 844 3185 ita
868 3135 951 3185 etiarn
977 3133 1090 3186 uirtutis
1108 3131 1221 3184 solidam
1238 3141 1266 3183 et
1282 3149 1390 3201 expres-

337 3240 397 3275 sam
415 3222 536 3292 effigiem
553 3221 658 3273 nullam
676 3230 810 3273 tenemus.-
839 3219 935 3272 umbra
961 3230 989 3271 et
1017 3218 1180 3290 imaginibus
1198 3219 1317 3271 utimur:
1344 3236 1390 3269 eas

337 3312 414 3378 ipsas
432 3308 537 3359 utinam
554 3308 743 3378 sequeremur!
755 3307 892 3376 feruntur
909 3309 979 3360 enim
995 3325 1028 3356 ex
1047 3306 1153 3374 optimis
1172 3316 1290 3357 naturae
1308 3316 1335 3356 et
1347 3325 1392 3356 ve-

336 3395 434 3448 ritatis
450 3393 602 3462 exemplis-‘⁸
637 3392 696 3444 Me.

417 3485 479 3532 Una
496 3481 585 3533 uirtus
602 3489 643 3530 est
660 3479 708 3546 ¹-]
728 3477 796 3530 Cod.
822 3477 902 3529 Drsd.
921 3481 947 3529 5.
979 3493 1033 3527 una
1058 3486 1099 3528 est
1127 3475 1223 3527 virtus.
1270 3474 1341 3526 Gud.
1358 3474 1390 3525 Α.

338 3588 398 3624 uria
418 3568 506 3620 virtus
535 3564 830 3638 consequens.(sic
852 3563 924 3617 solus
948 3565 989 3628 ψ.)
1013 3573 1054 3614 est
1085 3581 1144 3613 cum
1170 3561 1257 3612 omni
1281 3560 1393 3615 ratione.

339 3659 392 3714 Ox.
412 3675 442 3720 ψ.
460 3654 492 3708 Ε.
510 3654 529 3708 l.
549 3654 581 3709 N.
600 3674 626 3723 η.
645 3672 674 3716 ψ.
694 3673 750 3705 una
776 3654 866 3705 virtus
885 3651 1070 3713 consciens
1096 3659 1136 3702 est
1156 3667 1216 3701 cuns
1241 3650 1329 3701 omni
1346 3668 1392 3701 ra-

341 3749 422 3801 tione.
460 3743 571 3796 Addunt
589 3741 654 3795 illud
674 3743 746 3794 aneni
765 3740 825 3795 Cra.
842 3744 868 3794 1.
888 3747 914 3797 2.
934 3739 1014 3794 Drsd.
1035 3742 1059 3792 1.
1078 3738 1126 3800 (in
1142 3737 1225 3802 omni)
1244 3736 1393 3791 Damna.

340 3834 399 3906 (hic
415 3834 479 3888 item
496 3833 525 3884 in
545 3851 595 3902 pro
614 3831 686 3899 cum)
705 3828 786 3884 Drsd.
806 3834 831 3885 5.
851 3829 958 3882 Suerin.
977 3827 1091 3882 Additur
1110 3827 1172 3879 item
1193 3826 1263 3877 omni
1278 3825 1307 3877 in
1326 3821 1393 3876 Edu.

341 3922 402 3975 Par.
420 3941 440 3974 s.
453 3940 477 3974 a.
493 3919 621 3972 Darentr.
641 3919 708 3972 Van.
720 3921 799 3972 1492.
818 3916 898 3972 lldlb.
916 3938 937 3972 s.
947 3917 965 3971 l.
979 3928 1004 3970 et
1016 3936 1040 3969 a.
1053 3916 1113 3970 Par.
1123 3917 1201 3970 1507.
1211 3917 1290 3968 1112.
1308 3913 1394 3984 Lugd.

343 4010 411 4062 Ven.
421 4010 501 4062 1514.
520 4009 566 4061 sed
584 4007 689 4060 inverso
708 4006 803 4059 ordine
816 4006 921 4058 ratione
940 4007 1018 4060 omui.
1036 4005 1129 4076 Pergit
1147 4003 1206 4056 Cra.
1217 4008 1241 4056 2.
1260 4012 1287 4052 et
1306 4003 1395 4053 omni

343 4096 505 4151 constantia.
549 4094 599 4149 Ox.
618 4095 651 4148 U.
678 4114 711 4147 ac
736 4114 794 4165 pro
811 4106 846 4147 st.
885 4094 965 4166 Borg.
985 4095 1017 4146 ad
1044 4113 1099 4145 una
1118 4092 1304 4164 explicandum
1323 4088 1397 4143 addit

345 4183 510 4255 „eademque
518 4187 545 4249 ⁴⁸,
564 4183 675 4238 laudans
693 4184 726 4237 ad
746 4183 910 4238 locutionem
934 4184 990 4237 cie.
1011 4183 1044 4235 de
1062 4181 1112 4234 Or.
1132 4179 1178 4246 lll,
1198 4183 1229 4232 a:
1258 4180 1285 4228 U
1289 4193 1331 4245 na
1354 4186 1396 4227 est

344 4273 411 4324 enirn
428 4300 465 4313 -·
482 4271 650 4343 eloquentia,
676 4290 848 4343 quascunque
874 4272 902 4323 in
921 4290 983 4323 oras
1008 4267 1201 4337 disputationis
1226 4265 1396 4337 regionesque

347 4359 439 4411 delata
455 4369 506 4414 ast.
542 4358 602 4411 Me.

417 4446 496 4499 Nihil
513 4447 597 4499 lruic
614 4446 681 4499 addi
696 4457 798 4515 potest,
817 4467 870 4519 quo
889 4446 935 4512 -]
955 4441 1065 4509 „Malim
1091 4440 1143 4511 legi
1164 4439 1233 4493 nihil
1248 4441 1314 4493 duc
1332 4443 1398 4495 addi
