3450 5342
335 608 383 681 88
655 629 826 673 rtatooxi
855 624 1048 673 srorcoauu.

336 790 435 843 uiant.“
472 788 557 841 Tum:
579 796 679 851 ‚,recte,
697 805 792 856 graece
812 781 909 851 ὀρθῶς,
927 795 1064 855 sumptum
1083 791 1122 835 cot
1139 791 1195 834 tam
1217 801 1233 833 e
1253 784 1307 835 rita
1324 800 1392 835 com·

337 877 427 941 muni,
453 894 533 946 quarn
558 893 587 927 ex
613 873 760 927 rationibus
784 871 994 939 mathematicis,
1021 871 1067 924 ubi
1092 880 1165 922 recta
1193 868 1269 923 linea
1302 870 1392 923 dicitur

338 963 503 1028 brevissima,
523 981 591 1033 quae
610 961 670 1015 duci
692 971 777 1031 potest
796 962 865 1013 inter
883 961 949 1013 duas
967 960 1065 1022 linem
1095 957 1186 1027 itaque
1205 968 1283 1011 recta
1304 958 1343 1010 ria
1360 972 1390 1009 cit

337 1054 374 1105 via
395 1052 510 1115 virtutis,
534 1070 548 1103 o
570 1069 622 1121 qua
641 1049 661 1102 si
682 1049 708 1101 iu
728 1047 884 1101 alterutram
906 1060 1008 1118 portem
1027 1044 1193 1110 declinatur,
1225 1054 1310 1098 exstat
1336 1064 1390 1115 pcc·

336 1150 439 1203 catum,
457 1150 486 1191 ut
506 1137 651 1191 videbimus
669 1135 806 1189 l’aratloxo
827 1134 892 1191 tlt.“
938 1131 1082 1187 Periodunr
1101 1131 1227 1184 similitor
1254 1151 1388 1185 numerose

337 1226 476 1279 cadentem
494 1235 633 1296 comparat
645 1222 769 1293 Borgers.
787 1244 816 1276 ex
836 1222 893 1275 Cic.
911 1221 962 1275 Or.
980 1224 1027 1275 68:
1056 1219 1133 1271 Nihil
1158 1221 1230 1271 enim
1248 1232 1292 1273 ost
1313 1221 1388 1285 oliui

337 1320 436 1378 Brute,
456 1314 542 1385 (quod
559 1313 665 1383 quidem
685 1322 714 1363 tu
736 1312 839 1363 minime
864 1310 980 1361 cronium
997 1310 1122 1380 ignoras)
1136 1306 1255 1375 pulchre
1281 1318 1311 1359 ot
1335 1326 1388 1359 oro·

337 1401 404 1453 torio
424 1400 522 1463 dicere,
540 1398 593 1450 nisi
612 1399 717 1469 optimis
735 1398 874 1450 sententiis
890 1395 1027 1468 verbisque
1045 1394 1198 1447 lectissimis
1222 1395 1321 1452 dicere.
1337 1395 1387 1447 Mr.

655 1581 999 1657 ΡΑΒΑΒΟΧΟΝ
1032 1586 1083 1656 11.

435 1732 527 1831 ρ’οΠ
555 1734 748 1841 αὐτάρκης
774 1733 797 1828 tt‘
824 1733 944 1840 α’ρετή
970 1735 1060 1840 arpos
1086 1728 1337 1833 εὐδαιμονίαν.

444 1878 507 1967 [lu
537 1900 607 1969 quo
636 1878 754 1946 virtus
782 1877 848 1961 sit,
876 1877 910 1943 ei
941 1874 1037 1945 nitzit
1062 1877 1188 1942 deesse
1213 1878 1269 1943 ad
1294 1875 1387 1943 beate

971 1993 1165 2063 vivendum
1180 1993 1196 2081 ]

414 2198 483 2263 Noc
508 2216 589 2263 vero
615 2215 679 2278 ego
704 2198 749 2263 M.
777 2198 938 2278 Regulum
964 2216 1216 2275 aerumnosum,
1256 2222 1319 2267 nco
1343 2203 1387 2265 in·

342 2328 488 2412 filicem,
533 2351 594 2398 noc
630 2334 788 2398 misorum
819 2352 966 2415 unquam
1005 2337 1128 2419 putavi.
1193 2336 1270 2402 Non
1309 2338 1388 2401 onim

341 2470 534 2550 magnitudo
560 2470 661 2535 animi
689 2471 758 2534 cius
784 2471 995 2535 cruciabatur
1020 2489 1040 2535 a
1065 2472 1197 2549 Poenis,
1223 2491 1294 2537 non
1319 2490 1388 2554 gra·

342 2608 444 2685 vitas,
471 2625 539 2671 non
564 2608 656 2685 fides,
684 2625 751 2671 non
777 2609 970 2686 constantia,
997 2625 1066 2671 non
1092 2608 1160 2671 ulla
1186 2608 1301 2687 virtus,
1327 2625 1387 2671 non

343 2744 484 2824 donique
508 2745 636 2808 animus
658 2745 744 2826 ipsc:
780 2745 835 2825 qui
862 2748 910 2808 tot
938 2745 1094 2808 virtutum
1128 2717 1296 2825 pracsidio
1321 2750 1388 2809 tan-

342 2882 442 2961 toque
488 2882 664 2956 comitatu,
710 2897 786 2943 cum
821 2896 942 2960 corpus
978 2879 1048 2943 eius
1083 2881 1276 2959 caperetur,
1322 2879 1388 2961 oapi

344 3019 430 3077 certe
456 3014 526 3094 ipsc
548 3028 617 3076 non
642 3014 757 3093 potuit.
821 3012 856 3077 C.
880 3028 961 3077 vero
987 3013 1131 3078 Marium
1156 3013 1317 3093 vidimus,
1339 3013 1387 3095 qui

343 3144 423 3207 mihi
453 3144 605 3208 secundis
639 3146 737 3210 robus
772 3165 857 3212 unus
887 3168 931 3215 ox
977 3150 1151 3215 tortuuafis
1188 3149 1388 3222 hominibur3

345 3277 508 3354 advorsis,
534 3296 617 3345 unus
641 3300 683 3345 ox
707 3284 843 3347 summis
865 3285 943 3350 viris
960 3285 1149 3350 videbatur:
1176 3302 1244 3365 quo
1269 3288 1389 3353 heatior

346 3431 416 3479 csse
449 3417 581 3481 mortali
615 3419 694 3483 nihil
732 3424 848 3501 potest.
927 3421 1058 3497 Nescis,
1100 3421 1235 3498 insono,
1281 3420 1389 3497 nooou,

346 3559 483 3634 quantas
517 3556 603 3619 vires
636 3557 738 3620 virtus
774 3558 912 3631 habeon
947 3574 1069 3620 nomon
1104 3556 1232 3621 tantum
1271 3554 1391 3619 virtuto

346 3708 502 3771 usurpas:
529 3693 607 3771 quid
633 3693 705 3770 ipso
730 3694 855 3769 valeat,
880 3693 1024 3771 ignoras.
1075 3691 1182 3758 Nemo
1202 3696 1313 3773 potest
1330 3708 1393 3755 nou

346 3821 553 3885 beatissimus
580 3840 669 3902 csse,
697 3826 753 3905 qui
776 3831 825 3889 est
850 3829 938 3891 totus
961 3831 1055 3909 aptus
1082 3847 1126 3893 ox
1146 3844 1240 3906 soso,
1276 3828 1393 3927 quiquo

346 3957 381 4020 in
406 3974 442 4020 se
468 3974 536 4022 uno
559 3975 619 4023 sua
645 3961 737 4041 ponit
757 3966 880 4029 omnia.
933 3963 994 4031 Cui
1020 3982 1095 4047 spos
1114 3966 1234 4043 omnis,
1259 3968 1293 4029 ot
1313 3964 1394 4031 utto

348 4098 379 4156 ot
404 4093 560 4173 cogitatio
583 4097 702 4179 pondct
727 4119 769 4165 ox
796 4104 948 4182 fortuna,
984 4104 1061 4168 huic
1083 4102 1164 4167 nihii
1191 4106 1301 4187 potest
1327 4118 1396 4170 otto

348 4232 445 4310 certi,
480 4234 579 4308 nihii.
617 4236 706 4316 quod
746 4241 954 4321 exploratum
986 4238 1107 4302 habeat
1145 4252 1398 4319 permansurum

348 4367 408 4431 sihi
432 4390 535 4437 unum
557 4373 654 4439 diem.
688 4360 696 4383 ⁵
705 4372 789 4441 Eum
817 4380 852 4439 tu
877 4374 1047 4438 hominem
1072 4376 1211 4451 torreto,
1249 4372 1278 4437 si
1302 4390 1403 4456 quem
