3450 5342
603 684 798 731 ramnoxou
822 684 866 729 ιν.
894 684 963 731 car.
986 683 1021 729 u.
1260 661 1334 736 203

278 865 341 898 mus
360 845 392 898 ad
412 842 508 898 Parad.
526 840 570 909 lll,
591 846 626 906 1.,
648 843 722 914 quasi
741 841 841 896 dictum
861 842 911 896 sit:
937 843 957 896 si
976 843 1014 896 ibi
1034 862 1088 896 non
1107 863 1160 896 esse
1180 844 1251 914 leges
1270 867 1331 901 eum

278 935 417 986 iubeant.“
453 931 629 1002 Wytlenb.

352 1024 390 1072 Et
408 1031 440 1071 lu
460 1019 565 1090 quidem
583 1021 612 1070 in
630 1023 741 1072 Ponto
754 1019 864 1090 seriem]
903 1019 972 1085 „llic
992 1020 1060 1073 mire
1080 1019 1182 1073 variant
1200 1022 1335 1092 exempla-

280 1107 327 1160 ria.
364 1105 394 1159 ln
413 1106 472 1160 aliis
490 1106 562 1159 enim
580 1106 691 1177 legitur:
716 1107 745 1158 in
764 1117 873 1176 operto,
895 1107 923 1159 in
942 1107 1014 1160 aliis:
1043 1109 1071 1160 in
1094 1119 1194 1178 portu,
1219 1108 1247 1162 in
1269 1109 1337 1162 aliis:

280 1195 309 1245 in
328 1198 423 1246 Ponto.
458 1194 495 1247 Ar
513 1193 653 1248 Ciceronis
676 1213 752 1247 mens
770 1205 819 1248 est:
849 1194 1080 1265 quemadmodum
1108 1196 1150 1248 ius
1173 1197 1253 1251 Ponti
1282 1217 1337 1250 non

280 1282 434 1346 obtinebas,
453 1300 515 1334 cum
535 1281 562 1334 in
582 1301 615 1334 eo
634 1302 715 1348 esses,
741 1294 884 1354 propterea
904 1283 977 1355 quod
996 1283 1100 1354 legibus
1123 1283 1178 1337 illic
1197 1303 1252 1337 non
1271 1304 1339 1337 esses

280 1371 429 1434 subiectum
449 1370 484 1422 ita
502 1370 564 1425 licet
581 1369 683 1423 Romae
702 1371 744 1435 sis,
766 1373 822 1423 eius
832 1383 921 1423 tamen
941 1372 982 1424 ius
993 1390 1048 1425 non
1069 1382 1159 1425 tenes:
1177 1391 1209 1425 ac
1223 1371 1337 1444 proinde

281 1457 345 1511 civis
360 1476 414 1510 non
434 1477 478 1524 es,
498 1477 560 1512 eum
578 1457 706 1511 Romanis
727 1457 830 1529 legibus
847 1478 903 1511 non
924 1479 1026 1530 pareas.
1073 1460 1160 1513 Locus
1178 1471 1215 1514 est
1237 1481 1252 1513 a
1272 1460 1337 1533 pari.

281 1544 342 1597 Non
362 1544 444 1616 igitur
461 1547 490 1596 iu
508 1556 600 1614 operto
618 1544 763 1617 legendum
783 1557 835 1613 est,
856 1566 919 1600 cum
938 1549 1026 1620 operti
1043 1547 1114 1602 illius
1132 1561 1275 1620 apparatus
1292 1570 1337 1603 so-

281 1632 348 1686 leret
367 1634 510 1704 quotannis
528 1632 587 1686 sieri
606 1633 633 1686 in
653 1633 735 1687 domo
755 1633 889 1705 pontificis
907 1636 1029 1702 maximi,
1059 1656 1110 1707 pro
1136 1637 1218 1690 salute
1243 1638 1336 1708 populi

281 1721 413 1786 Romani,
430 1731 495 1773 teste
513 1720 669 1776 Plutarcho.
706 1720 741 1774 At
759 1721 855 1775 Cicero
875 1722 1075 1777 similitudinem
1090 1724 1202 1777 ducebat
1222 1724 1255 1777 ab
1267 1724 1336 1789 loco,

281 1806 315 1858 ab
336 1807 403 1859 urbe
423 1807 508 1859 Roma
526 1819 670 1861 summoto.
713 1808 783 1862 Nam
807 1809 840 1863 de
862 1820 945 1879 portu
975 1812 1089 1865 comsit
1113 1812 1337 1865 evidentissimum

282 1894 366 1947 Marsi
386 1894 530 1961 somnium,
550 1915 605 1948 non
625 1907 662 1950 est
681 1917 730 1952 cur
748 1917 808 1951 eam
825 1898 968 1952 lectionem
988 1900 1170 1955 refellamus.“
1188 1899 1337 1952 Moriso·

284 1994 346 2036 tus.
385 1982 846 2057 „Subscribolllorisotoflxyst
866 1986 978 2043 Betul.
1015 1992 1071 2054 „ln
1085 1999 1168 2056 portu
1190 1986 1338 2052 dinusci-

283 2071 346 2126 licet
371 2071 450 2125 utin
479 2071 585 2125 erilium
611 2072 818 2145 deportareris.“
850 2074 872 2126 F
881 2094 924 2128 rc.
953 2073 1045 2145 Sylv.
1062 2105 1101 2115 -
1147 2077 1338 2144 „leoperto

282 2157 382 2211 babent
399 2178 493 2213 omnes
510 2159 572 2213 libri
591 2161 705 2232 vulgati,
729 2181 797 2233 quos
816 2162 924 2235 quidem
945 2161 1069 2215 viderim:
1089 2161 1248 2234 quibuscum
1267 2181 1337 2215 non-

283 2247 352 2300 nulli
371 2258 469 2301 veteres
488 2248 667 2302 consentiunt.
717 2248 848 2303 Nonnulli
873 2251 902 2301 in
923 2260 1052 2318 portam
1085 2249 1144 2302 aliia
1171 2250 1199 2301 in
1222 2258 1336 2319 ponto.

289 2334 348 2407 Ego
366 2336 394 2387 in
408 2347 516 2406 ponto
535 2346 612 2389 tueor
630 2356 662 2391 ac
679 2336 810 2391 retineo.“
828 2334 1020 2391 Lambinus.
1062 2337 1150 2390 Verba
1169 2339 1229 2408 Ego
1241 2363 1275 2373 —
1296 2353 1337 2385 re-

284 2428 356 2477 tineo
373 2445 429 2478 non
448 2437 510 2479 sunt
527 2426 555 2478 in
574 2436 665 2478 annot.
683 2425 874 2499 Lambinianae
900 2424 1024 2478 editionis
1050 2444 1074 2478 a.
1093 2427 1173 2478 1566.
1204 2440 1291 2493 neque
1310 2421 1338 2473 in

284 2510 334 2565 Ed.
359 2511 511 2565 Emendatt.
558 2511 745 2565 Tullianarum
771 2512 801 2566 F.
812 2513 854 2595 ·N.
877 2510 1264 2582 Kleinii(Confluent.183ll.
1290 2506 1338 2575 8.),

282 2600 311 2653 in
332 2617 384 2670 qua
402 2600 515 2652 omissae
538 2611 600 2652 sunt
617 2600 741 2653 Lambini
767 2619 847 2653 curae
872 2601 1013 2654 secundae.
1062 2598 1155 2669 Quare
1179 2596 1339 2652 sumendum

282 2697 343 2743 erat
360 2685 425 2738 illud
448 2687 571 2740 Lambini
591 2686 801 2741 additamentum
822 2709 851 2740 ex
878 2709 931 2741 una
950 2688 1020 2741 Edd.
1038 2688 1165 2752 Lambb.‚
1193 2704 1261 2757 quae
1282 2692 1340 2754 post

282 2798 306 2831 a.
327 2778 408 2831 1566.
429 2786 627 2846 apparuerunt:
654 2776 799 2847 inquibus
822 2787 885 2830 sunt
913 2776 1101 2830 annotationes
1119 2771 1242 2829 Lambini
1270 2770 1340 2823 eius·

252 2856 339 2936 afl'que
357 2882 437 2916 curae
456 2862 596 2916 secundae.
643 2864 745 2937 lnspexi
763 2864 846 2937 igitur
864 2862 914 2918 Ed.
931 2864 1024 2918 Lamb.
1043 2864 1296 2935 Argentoratensem
1316 2877 1340 2910 a.

284 2953 368 3017 1581,
388 2951 459 3003 unde
476 2952 558 3004 sumsi
578 2951 631 3006 illa.
668 2953 731 3005 Mox
750 2964 838 3007 autem
858 2972 921 3008 curn
941 2952 1077 3018 vidissem,
1107 2961 1133 3004 et
1160 2950 1187 3003 in
1217 2948 1273 3020 ipsa
1289 2945 1340 2999 Ed.

284 3038 409 3091 Lambini
428 3041 507 3093 1566.
532 3051 558 3094 et
582 3042 609 3094 in
629 3039 785 3095 Coloniensi
804 3045 892 3110 1576,
922 3060 992 3113 quae
1018 3041 1075 3094 eius
1101 3039 1207 3111 vestigia
1234 3036 1341 3110 premit,

284 3144 437 3198 expressum
455 3146 510 3183 esee
529 3128 557 3181 r'n
582 3140 687 3198 operto,
714 3131 828 3201 suspirio
853 3129 917 3182 mibi
936 3129 1035 3183 erroris
1053 3129 1161 3182 suborta
1180 3138 1233 3194 est,
1258 3144 1339 3199 quarn

285 3213 466 3269 corfirmatam
486 3215 537 3268 vidi
555 3216 673 3288 inspecta
693 3217 741 3270 Ed.
760 3218 952 3284 Lambiniana,
972 3236 1042 3290 quae
1060 3216 1159 3288 prodiit
1179 3214 1250 3286 apud
1269 3214 1339 3266 Pelr.

285 3302 528 3369 Santandreanum‚
548 3303 593 3356 ubi
612 3303 715 3357 disertis
729 3306 816 3358 verbis
833 3324 984 3377 expressum
1003 3316 1055 3359 est:
1074 3304 1152 3374 „Ego
1170 3303 1199 3353 in
1218 3312 1341 3370 operto

285 3403 364 3445 tueor
382 3411 414 3445 ao
433 3391 575 3443 retineo“=
602 3410 683 3462 quam
707 3410 795 3444 reram
824 3410 879 3443 esse
896 3391 1020 3444 Lambini
1045 3389 1205 3442 sententiam
1230 3387 1341 3438 minime

285 3478 410 3534 dubitare
428 3476 498 3530 licet.
534 3475 677 3542 Graevius,
697 3477 762 3531 nibil
781 3478 919 3549 suspicans
937 3478 971 3530 de
989 3494 1098 3540 errore,
1117 3473 1262 3527 lectoribus
1280 3490 1342 3542 per-

285 3566 379 3621 suadet
398 3564 560 3617 Lambinum
574 3563 672 3617 babere
691 3566 720 3617 in
735 3575 856 3635 ponto.
894 3562 954 3616 ΜΡ.

360 3656 398 3705 Et
417 3653 523 3725 quidem
540 3653 569 3704 in
589 3662 680 3723 operto
700 3649 805 3726 fuisti]
842 3651 1014 3721 „clarissima
1034 3661 1072 3704 est
1090 3648 1235 3713 sententia,
1264 3645 1284 3698 si
1303 3645 1342 3698 le-

287 3751 366 3810 gatur
382 3741 412 3793 in
430 3750 533 3809 operto,
552 3758 588 3795 sc.
604 3738 698 3795 Bonae
717 3741 799 3796 Deae.
845 3741 887 3795 De
906 3739 1044 3812 privilegio
1072 3738 1122 3793 islo
1140 3736 1175 3804 Q.
1196 3733 1342 3789 Cornificio

288 3828 420 3881 referente
438 3827 525 3896 lacto,
544 3839 643 3901 atquo
662 3841 754 3903 pacto,
780 3830 886 3884 Pisonis
905 3825 1002 3902 opera,
1027 3827 1196 3900 antiquatum
1215 3825 1262 3892 sit,
1291 3824 1341 3877 rid.

287 3916 332 3969 lib.
353 3919 378 3969 1.
406 3916 439 3970 ad
459 3916 534 3971 Au.“
558 3918 588 3972 0.
614 3917 715 3991 Lang.
763 3923 816 3987 „ln
834 3930 977 3990 operto:
1003 3917 1131 3971 nimirum
1149 3914 1242 3968 Ronae
1259 3913 1342 3976 Deae,

287 4003 361 4074 quod
382 4006 501 4075 proxime
520 4004 591 4061 dixit.
628 4006 675 4063 Sic
694 4026 764 4061 unus
787 4028 876 4061 meus:
901 4014 936 4060 In
952 4017 1035 4076 ponto
1054 4003 1163 4076 quidam
1181 4002 1285 4073 legun13
1315 4002 1343 4051 r'n

284 4102 368 4161 portu
397 4090 493 4164 reliqui
520 4098 642 4149 omnes.“
670 4096 745 4150 ΑΜ.
763 4095 851 4152 Man.
900 4095 997 4150 Graev.
1020 4097 1049 4147 in
1072 4112 1142 4146 tarr.
1166 4090 1236 4144 lectt.
1262 4086 1343 4138 relert

288 4178 355 4233 alios
373 4177 472 4233 babere
489 4182 518 4232 in
533 4193 646 4251 porto.
682 4183 736 4239 Sed
755 4185 868 4240 dubium
886 4204 943 4239 non
962 4194 1013 4251 est,
1042 4181 1107 4253 quin
1127 4176 1224 4232 hocin
1243 4191 1342 4243 magno

288 4284 413 4321 errorum
432 4286 548 4323 numero
572 4272 729 4341 ponendum
756 4272 806 4338 sit,
832 4272 932 4343 quibus
956 4270 1037 4324 editio
1061 4270 1124 4330 ista,
1153 4278 1297 4334 operarum
1317 4269 1343 4312 el

288 4355 450 4411 correctoris
467 4356 629 4430 negligentia
650 4361 751 4432 repleta
770 4371 816 4414 est.
852 4359 968 4413 Volebat
984 4358 1013 4409 ἐπ
1029 4363 1145 4425 ponto·
1182 4348 1241 4400 Mr-

362 4446 401 4495 Et
418 4444 523 4516 quidem
541 4446 570 4499 in
588 4459 709 4517 operto
721 4447 820 4520 fuisti]
849 4449 886 4499 Et
903 4455 934 4496 tu
952 4443 1057 4516 quidem
1076 4439 1155 4493 babet
1167 4435 1235 4491 Cod.
1247 4433 1306 4488 Cra.
1317 4437 1341 4488 3.
