3450 5342
632 688 827 735 rensooxon
851 689 894 734 tv.
922 687 992 736 cnr.
1014 689 1036 735 t.
1275 668 1345 742 181

288 846 381 918 ltaque
401 847 541 918 improbus
559 845 667 917 quidem
694 857 780 916 potest
806 847 952 916 sapientem
981 858 1069 918 petere
1095 848 1191 902 iniuria
1217 862 1343 924 tanquam

289 936 355 987 telo:
374 935 419 987 sed
438 933 490 988 boc
508 933 604 998 telum,
624 933 689 986 baec
708 933 804 985 iniuria
823 933 857 986 ad
877 935 1023 1004 sapientem
1042 954 1098 987 non
1117 937 1249 1006 pervenit,
1280 958 1340 992 eum

290 1043 346 1076 non
369 1024 482 1094 tangit.“
518 1021 698 1091 Wyttenb.
1250 1067 1254 1073 ,

359 1112 509 1179 pervenisse
527 1111 565 1160 ad
581 1128 621 1160 me
642 1127 780 1179 antequam
794 1104 906 1180 putavi]
926 1108 1009 1176 Quod
1027 1110 1114 1163 solent
1133 1111 1222 1164 lacere
1241 1110 1341 1164 librarii

290 1199 329 1251 vel
347 1199 519 1270 interpretes,
539 1209 584 1261 ut,
606 1198 650 1250 ubi
671 1197 794 1250 consulto
812 1196 944 1251 omittitu'r
963 1198 1092 1268 particula
1115 1197 1204 1269 aliqua
1224 1198 1277 1251 sive
1295 1200 1342 1251 ad-

289 1287 413 1339 versativa
431 1287 483 1338 sire
502 1285 668 1357 opponendo
686 1284 845 1348 inserviens,
872 1303 939 1337 sono
958 1285 1121 1356 supplenda,
1151 1305 1210 1338 earn
1235 1284 1342 1350 addant,

287 1372 315 1424 id
337 1372 389 1428 boc
407 1393 516 1445 qnoque
535 1373 596 1428 loco
615 1374 648 1426 ab
669 1373 699 1426 iis
718 1373 818 1427 facturn
838 1384 889 1436 est,
909 1372 1068 1427 inculcanda
1089 1372 1218 1446 particula
1242 1385 1341 1432 tamen,

288 1481 369 1532 qnam
389 1462 511 1515 exhibent
536 1473 589 1514 tres
608 1460 694 1514 Codd.
715 1461 776 1513 Atti
800 1461 841 1529 (in
868 1480 984 1532 quorum
1005 1480 1073 1526 uno,
1099 1472 1161 1514 ante
1184 1461 1342 1530 pervenisse,

287 1567 366 1618 supra
386 1549 485 1602 lineam
504 1549 623 1602 additum
643 1549 694 1615 est)
720 1560 746 1601 et
763 1546 831 1600 Edd.
858 1548 965 1601 multae.
1010 1548 1071 1616 Qua
1097 1549 1130 1601 de
1157 1568 1185 1601 re
1211 1561 1249 1602 est
1276 1549 1341 1603 haec

287 1638 424 1690 annotatio
438 1639 564 1689 Gruteri:
585 1637 754 1706 „pervenisse
771 1637 810 1686 ad
829 1655 868 1687 me
887 1637 952 1690 Pall.
964 1648 989 1690 et
1001 1637 1065 1691 Gul.
1076 1637 1132 1690 sine
1151 1647 1248 1702 tanuen,
1268 1639 1340 1710 quod

287 1726 315 1777 in
334 1725 453 1796 vulgatis.
496 1725 553 1777 Pal.
582 1735 641 1778 tert.
661 1735 798 1794 praeterea
817 1723 929 1777 exclusit
947 1725 985 1774 ad
1009 1743 1063 1776 ms:
1089 1724 1203 1795 licetque
1223 1744 1272 1796 per
1290 1744 1341 1789 me,

288 1814 333 1867 cui
352 1823 441 1864 tamen
460 1813 551 1865 minus
569 1811 671 1882 placet,
691 1811 763 1881 quod
783 1810 925 1882 praecessit
943 1812 1078 1881 nefariam
1093 1814 1122 1864 in
1141 1831 1180 1862 me
1197 1812 1340 1863 iniurium:

287 1922 345 1955 non
365 1901 459 1973 placet,
478 1901 604 1972 inquam,
623 1899 705 1953 dictio
724 1900 860 1962 iniuriam,
879 1899 923 1951 sed
943 1899 1007 1970 quid
1027 1899 1082 1952 eius
1100 1898 1160 1952 loco
1175 1898 1340 1963 substituam,

287 2009 343 2042 non
364 1988 497 2060 reperio.“
515 2019 553 2029 —
588 1987 675 2040 Nemo
689 1987 835 2040 admodum
855 1987 955 2040 curavit
974 1986 1043 2041 banc
1061 1987 1094 2041 de
1114 1989 1271 2040 miniterium
1290 1988 1341 2040 du·

287 2078 444 2132 bitationem
463 2077 502 2129 rel
520 2076 699 2148 suspicionem
718 2095 732 2127 a
752 2074 870 2128 Gruter'o
884 2075 1026 2128 iniectam:
1044 2086 1071 2128 et
1088 2076 1191 2128 merito.
1228 2073 1281 2126 Sed
1293 2074 1341 2127 ba·

287 2167 353 2219 bent
370 2175 483 2216 tornea
498 2164 652 2232 pervenisse
670 2162 743 2216 Crat.
757 2162 848 2232 Magn.
864 2162 940 2226 ttub,
960 2174 1065 2216 nostrae
1085 2165 1246 2217 venttts.
1261 2167 1339 2217 1514.

287 2253 348 2305 Par.
361 2256 439 2306 taut.
457 2254 537 2306 1512.
556 2254 635 2304 1543.
656 2251 722 2305 Dav.
741 2250 806 2322 Arg.
826 2250 905 2302 lldlb.
926 2250 1165 2305 110015111520.
1184 2249 1339 2303 [1111511.

288 2340 389 2393 Sturm.
407 2341 477 2393 And.
504 2340 579 2403 Tal.;
605 2341 757 2410 pervenisse
782 2349 892 2389 tumen
917 2337 1073 2392 lltlanutiana
1098 2337 1207 2402 Orellii,
1233 2348 1340 2393 nostrae

288 2428 347 2480 Ald.
370 2431 541 2483 1548.1552.
568 2425 646 2480 Boul.
673 2427 787 2479 Lambb.
811 2425 893 2479 Goth.
919 2428 979 2478 Car.
1004 2425 1094 2499 Stepb.
1119 2427 1208 2480 Herw.
1234 2429 1339 2478 Camer.

287 2517 318 2571 Η.
338 2517 424 2568 Wott.
443 2516 535 2587 Sylb.;
563 2536 601 2568 ex·
619 2527 679 2569 vett.
706 2515 777 2569 solae
797 2517 867 2568 Vict.
892 2515 987 2567 Lamb:
1011 2516 1072 2568 Par.
1098 2536 1116 2568 s.
1144 2535 1168 2568 a.
1193 2526 1219 2567 et
1243 2513 1339 2567 Colon.

287 2604 421 2656 omittunt·
431 2603 496 2656 illud
515 2614 612 2654 tarsen.
660 2603 738 2655 Unus
757 2601 823 2654 cod.
841 2603 902 2655 Aldi
930 2603 1009 2656 babet
1030 2604 1181 2672 pervenisse
1205 2622 1278 2653 eam
1303 2603 1340 2651 ud

286 2709 340 2754 rue,
360 2702 389 2743 ut
408 2701 445 2742 est
464 2690 544 2742 etiam
563 2691 591 2742 in
610 2689 676 2744 On.
696 2690 728 2743 E.
748 2711 789 2758 sp,
806 2691 834 2743 in
854 2691 926 2744 Gud.
945 2693 976 2743 A.
997 2692 1125 2762 scriptum
1145 2702 1182 2744 e'st
1200 2710 1338 2762 uunquam

285 2781 325 2830 ud
342 2798 382 2830 nse
397 2780 567 2848 pervent‘sse,¹
587 2780 614 2831 in
634 2778 714 2831 Drsd.
732 2783 758 2832 5.
776 2798 817 2831 on
831 2780 922 2830 nisit
938 2781 1097 2848 pervenisse.
1134 2779 1193 2830 lltlr.

360 2867 423 2917 Nisi
442 2869 536 2938 forte,
566 2887 648 2939 quum
673 2868 792 2935 parietes
815 2865 1015 2934 disturbabas,]
1043 2865 1111 2921 Cod.
1139 2866 1218 2919 Drsd.
1239 2870 1262 2919 5.
1287 2867 1339 2918 nisi

286 2974 359 3008 cum
376 2955 458 3024 [orte.
479 2985 511 2994 -
547 2954 631 3022 „Quo
652 2954 695 3007 die
713 2955 808 3009 Cicero
828 2975 856 3008 er
872 2958 943 3031 ⁸urbe
964 2956 1096 3022 discessit,
1115 2955 1145 3007 P.
1165 2952 1276 3006 Clodius
1288 2954 1338 3008 do·

287 3063 362 3096 mum
381 3044 451 3110 eius,
472 3044 586 3115 quaein
605 3043 707 3097 Palatio
727 3056 797 3110 erat,
826 3043 962 3110 incendit,
990 3042 1103 3115 parietes
1120 3041 1296 3108 disturbavit,
1308 3053 1339 3096 ut

287 3153 319 3187 eo
337 3133 365 3184 in
385 3130 445 3184 loco
463 3131 527 3185 deae
545 3132 686 3185 Libertatis
703 3133 833 3206 templum
852 3133 1020 3198 aedificaret,
1043 3143 1172 3202 tanquam
1199 3127 1338 3184 Ciceronis

287 3220 392 3273 exilium
411 3219 548 3272 Romanae
567 3220 663 3273 civitati
692 3220 839 3274 libertatem
866 3218 1004 3275 afferret.“
1030 3221 1103 3274 Frc.
1120 3219 1211 3290 Sylr.
1258 3218 1337 3285 „Do-

286 3327 346 3361 mus
373 3319 400 3360 et
417 3307 490 3359 villas
515 3306 654 3359 Ciceronis
678 3309 859 3362 combusserat
883 3308 1008 3373 Clodius,
1036 3327 1105 3378 quae
1130 3313 1236 3360 senatus
1266 3309 1336 3358 iussu

285 3415 347 3448 aere
365 3394 474 3466 publico
492 3394 651 3446 instauratae
671 3395 788 3448 suerunt.
833 3395 909 3462 Quas
938 3395 1034 3447 domus
1061 3391 1171 3444 Clodius
1195 3392 1337 3445 demolitus

285 3485 333 3547 sit,
353 3491 444 3533 narrat
461 3481 552 3532 Attico
572 3478 668 3533 Cicero
688 3480 732 3532 lib.
752 3481 826 3552 epist.
844 3485 871 3542 4,
896 3481 929 3533 ad
949 3479 1003 3533 An
1022 3480 1089 3545 [3.]⁴‘
1116 3479 1209 3548 Xyst.
1228 3478 1336 3532 Betui.

285 3567 525 3639 „suppellectilem
542 3567 621 3620 etiam
633 3567 771 3622 Ciceronis
789 3578 815 3620 et
834 3565 950 3638 reliquas
960 3584 1027 3636 ,opes
1044 3565 1132 3619 bastae
1151 3565 1261 3618 subiecit
1272 3565 1337 3616 cto-

285 3658 358 3720 dius,
386 3666 414 3708 ut
433 3655 469 3708 ait
485 3655 645 3710 Plutarchus
672 3657 700 3709 in
719 3656 779 3709 Vita
805 3654 970 3709 Ciceronis.“
999 3653 1079 3706 And.
1097 3652 1168 3706 Tal.
1192 3653 1261 3723 [cap.
1281 3654 1335 3721 33.]

286 3743 366 3798 Coni.
391 3743 446 3795 Cic.
473 3764 522 3814 pro
541 3744 598 3797 Mil.
617 3747 675 3809 32,
697 3746 725 3797 in
749 3744 840 3798 Pison.
860 3747 902 3797 11.
931 3762 980 3815 pro
1005 3742 1095 3807 Domo
1115 3745 1149 3797 23
1168 3762 1209 3813 sq.
1227 3771 1262 3781 -
1305 3741 1335 3795 ln

285 3852 359 3904 seqq.
378 3831 429 3884 Or.
448 3850 478 3892 ψ.
497 3831 576 3885 babet
587 3834 680 3902 facies
699 3853 748 3905 pro
763 3827 863 3903 suetas,¹
884 3833 955 3885 Gud.
974 3831 1003 3885 Β.
1021 3830 1168 3902 inserebat,
1193 3850 1242 3902 pro
1261 3831 1336 3901 inse-

286 3921 372 3975 rebas.
419 3921 530 3974 Confert
557 3921 639 3992 Borg.
658 3921 716 3977 Cat.
734 3922 777 3989 lll,
797 3925 827 3975 9:
856 3923 985 3992 quisunt
1003 3921 1132 3992 funestos
1157 3937 1190 3970 ac
1215 3917 1335 3989 nefarios

285 4011 360 4080 ignes
379 4009 481 4078 inferre
499 4011 598 4062 conati.
635 4011 692 4062 llllr.
1146 4024 1149 4029 “

357 4115 417 4147 eum
440 4097 559 4166 parietes
578 4127 612 4136 -
630 4097 777 4170 inserebas]
820 4095 951 4165 „Clodius
975 4116 1024 4169 per
1050 4097 1216 4167 plebiscitum
1236 4093 1335 4146 effece-

285 4196 339 4249 rat,
359 4194 389 4237 nt
408 4182 540 4238 Cicerone
557 4187 585 4238 in
604 4187 710 4240 exilium
727 4187 835 4259 expulso
854 4187 910 4239 eius
928 4186 1023 4238 domus
1047 4185 1238 4238 disturbaretur
1263 4191 1289 4232 et
1307 4181 1333 4231 in

285 4292 345 4326 area
366 4271 492 4326 sacellum
511 4273 651 4328 Libertatis
669 4285 881 4328 consecraretur.
932 4273 985 4325 lam
1006 4290 1089 4342 quum
1110 4269 1205 4322 domus
1224 4267 1333 4318 Cicero-

286 4361 326 4412 nis
344 4381 358 4412 a
378 4360 460 4412 labris
477 4360 678 4426 disturbaretur,
698 4362 854 4414 factumest
877 4377 1011 4413 concursu
1029 4355 1174 4409 Clodianae
1195 4355 1286 4427 plebis,
1306 4367 1334 4408 ut

284 4447 377 4501 eadem
397 4447 493 4502 domus
520 4446 708 4503 incenderetur
727 4459 752 4502 et
777 4449 928 4519 deflagaret.
974 4444 1035 4512 Qua
1060 4445 1093 4498 de
1116 4463 1144 4497 re
1164 4443 1259 4498 Cicero
1278 4443 1333 4514 ipse
