3450 5342
683 704 724 748 so
752 701 949 749 ransuoxon
971 701 1001 762 v,
1029 699 1054 746 a.
1325 678 1400 754 359

342 865 505 920 lecteut1-
541 861 642 916 Multos
659 861 737 915 etiam
756 861 938 931 sagacissimos
956 863 1025 914 viros
1045 858 1110 912 haec
1129 859 1298 932 brachylogia
1322 865 1397 917 lelel-

343 953 387 1020 lit,
406 973 428 1004 r.
448 973 471 1007 c.
491 950 666 1016 Lambinurn,
693 950 886 1020 llottiugerum.
929 948 1128 1020 Corruptissimi
1148 959 1236 1001 autem
1262 963 1324 1004 sunt
1342 952 1397 1005 Co·

343 1041 443 1095 dices.“
481 1039 560 1092 llunc
578 1042 626 1091 nos
644 1038 781 1109 sequimur
800 1056 862 1090 cum
882 1036 930 1089 Ed.
951 1037 1056 1089 Teubn.
1099 1036 1158 1088 Non
1180 1057 1233 1107 quo
1249 1038 1396 1091 absolutam

343 1147 400 1180 rem
420 1147 476 1180 esse
494 1127 611 1191 credam,
629 1125 674 1178 sed
693 1145 727 1177 ue
746 1124 857 1195 aliquid,
878 1124 953 1177 cuius
971 1123 1003 1177 ad
1024 1142 1066 1176 me
1086 1125 1178 1179 notitia
1199 1127 1308 1192 venerit,
1328 1127 1397 1178 oroi-

343 1218 405 1271 sisse
426 1214 529 1278 videar,
559 1213 628 1265 addo
647 1213 712 1265 duas
737 1212 919 1278 coniecturas,
946 1231 1060 1284 quarum
1081 1230 1133 1263 uua
1161 1223 1197 1265 est
1216 1212 1306 1267 llerm.
1325 1212 1397 1265 Lie-

344 1302 470 1367 baldti,
500 1302 725 1371 Numburgeusis,
759 1301 804 1373 qui
838 1302 866 1354 in
885 1299 1040 1371 Specimine
1066 1299 1260 1353 Historicorurn
1289 1301 1395 1370 Rornm.

343 1389 516 1461 reliquiarum
539 1390 628 1443 denuo
655 1386 842 1455 collectarum,
872 1389 943 1443 edito
969 1408 1041 1441 anno
1070 1390 1139 1442 1833
1168 1386 1250 1454 (Halis
1278 1388 1349 1453 Sar.)
1369 1392 1395 1442 in

343 1477 458 1532 thesibus
477 1478 653 1531 controversis
671 1478 704 1530 N.
722 1477 791 1529 xtV.
823 1477 896 1531 hunc
921 1477 1021 1548 posuit:
1054 1476 1110 1531 Cic.
1137 1479 1233 1531 l'arad.
1255 1480 1287 1545 V,
1307 1484 1332 1544 2,
1352 1483 1394 1534 36.

342 1578 486 1638 transpone
507 1586 610 1620 mecum
619 1586 627 1617 τ’
650 1567 743 1636 Atque
761 1575 792 1615 nt
811 1565 839 1616 in
858 1582 956 1636 magna
970 1565 1085 1636 familia
1103 1575 1168 1616 sunt
1188 1566 1237 1614 alii
1256 1565 1394 1632 lautiores,

342 1666 374 1706 nt
393 1655 445 1705 sili
464 1655 589 1705 videntur
607 1654 789 1704 atrienses
808 1671 847 1703 ac
867 1652 1030 1721 topiarii,
1050 1654 1128 1709 servi,
1147 1652 1195 1704 sed
1203 1663 1291 1704 tennen
1310 1656 1380 1706 servi
1388 1676 1394 1704 :

340 1743 403 1809 pori
421 1753 470 1794 etc.
507 1740 624 1794 Alteram
644 1739 757 1792 exhibuit
777 1739 871 1790 eodem
893 1758 964 1791 arrno
983 1739 1015 1792 T.
1036 1739 1169 1804 Badeo,
1191 1743 1217 1792 in
1236 1739 1320 1806 libro,
1349 1745 1394 1813 qui

342 1831 496 1882 inscribitur
516 1832 590 1880 Neue
607 1826 718 1880 latret.
737 1829 761 1896 f.
791 1826 890 1879 Plrilol.
919 1847 946 1880 u.
965 1828 1088 1898 Poedog.
1115 1849 1138 1882 v.
1167 1829 1294 1893 Seelrode,
1322 1829 1395 1879 daim

342 1937 369 1969 u.
397 1918 495 1973 Klotz,
523 1917 554 1969 ΙΙ.
573 1914 668 1986 Suppl.
696 1915 745 1966 Bd.
772 1917 797 1967 3.
818 1913 872 1966 llft.
907 1913 933 1965 in
961 1917 1209 1980 Commentatione,
1242 1936 1321 1987 quam
1352 1917 1394 1967 in-

341 2004 459 2074 scripsit:
483 2005 597 2055 Studien
624 2003 686 2054 iiber
711 2004 809 2054 cicero.
851 2003 898 2055 Est
925 2003 959 2054 ibi
986 2007 1100 2073 post:
1130 2003 1267 2070 „Orellius
1285 2005 1392 2074 recepit,

342 2092 414 2162 quod
434 2091 536 2143 exhibet
554 2089 644 2142 Codex
662 2090 693 2142 C.
714 2090 857 2161 Stephani,
877 2090 1026 2161 delevitque
1046 2091 1124 2142 verbo
1144 2093 1275 2143 atrienses
1299 2109 1332 2141 oo
1351 2101 1392 2140 to-

336 2181 436 2249 pierii,
456 2181 516 2251 quia
537 2179 563 2233 lri
582 2179 690 2251 quidem
709 2177 794 2236 infimi
815 2178 903 2250 potius
921 2178 1025 2249 generis
1043 2178 1125 2244 servi,
1146 2177 1271 2231 lautiores
1288 2177 1336 2231 sibi
1357 2177 1393 2226 ri·

341 2269 397 2320 deri
416 2287 471 2319 noo
492 2267 635 2338 potuerint.
670 2266 737 2318 Mihi
757 2286 818 2318 sero
837 2268 980 2318 vorborum
999 2267 1038 2316 sic
1053 2268 1116 2335 pori
1133 2264 1288 2319 coniunctio
1306 2284 1392 2335 mpro-

341 2356 461 2420 ooloytur
478 2355 592 2407 orationi
612 2355 711 2407 iulerre
732 2354 841 2408 ridetur.
885 2356 1027 2407 Atrienses
1046 2367 1133 2408 autern
1156 2372 1245 2405 servos
1270 2352 1394 2406 lautiores

341 2462 537 2514 nonuunquam
568 2443 617 2494 sibi
638 2443 704 2494 risos
729 2463 784 2494 esse
812 2443 891 2495 docet
917 2442 991 2497 locus
1015 2443 1099 2494 Plouti
1127 2442 1230 2494 Asinar.
1248 2439 1279 2506 ll,
1300 2445 1323 2502 2,
1344 2445 1391 2493 84:

342 2530 484 2599 Extemplo
497 2530 604 2601 furiam
620 2530 748 2600 facetum
767 2550 805 2580 me
824 2541 908 2603 utque
928 2549 977 2583 ma
984 2531 1046 2602 gni
1046 2531 1072 2602 f
1073 2531 1084 2581 i
1090 2550 1173 2594 curn,
1193 2531 1261 2580 Dico
1280 2549 1392 2581 neeesse

342 2617 543 2668 atriensem.
589 2616 619 2669 Ei
643 2629 731 2670 autem
755 2618 876 2689 adiungit
895 2617 963 2671 Ptin.
990 2618 1040 2690 Ep.
1059 2618 1102 2671 ΙΙΙ.
1122 2622 1163 2682 19,
1183 2622 1208 2673 3.
1238 2619 1391 2687 topiarium.

342 2704 435 2772 Quare
468 2707 586 2758 existimo
616 2705 702 2770 illam,
737 2726 816 2779 quam
848 2708 984 2779 amplexus
1011 2719 1049 2760 est
1082 2706 1215 2773 Orellius,
1250 2706 1391 2758 lectionem

341 2795 373 2846 iis
400 2793 506 2858 deberi,
542 2795 587 2864 qui
618 2793 820 2851 offenderentur
847 2797 942 2849 omissa
974 2794 1148 2867 comparandi
1177 2793 1306 2865 particula
1330 2787 1392 2846 ante

340 2883 471 2933 atrienses
490 2901 523 2932 αι·
546 2883 664 2951 topiarii.
712 2881 765 2936 Sed
786 2884 881 2937 desunt
904 2902 950 2936 eae
970 2883 1115 2955 particulae
1140 2894 1165 2937 et
1190 2883 1251 2936 alibi
1276 2894 1301 2936 et
1320 2881 1391 2953 apud

339 2969 480 3024 Horatium
498 2970 580 3040 Epist.
599 2970 630 3037 ll,
652 2973 677 3034 3,
697 2973 740 3024 34.
759 2977 821 3024 42st

411 3109 465 3161 larn
485 3110 538 3161 duo
558 3111 635 3162 uobis
654 3122 754 3162 restant
774 3111 909 3163 iacienda:
940 3112 1070 3180 primum,
1089 3130 1150 3163 curn
1172 3111 1198 3161 in
1218 3109 1391 3161 annotatione

337 3197 469 3250 Codicum
491 3199 641 3252 varietatem
661 3199 839 3269 posuerimus,
860 3209 888 3251 ut
907 3218 980 3250 nunc
999 3199 1152 3251 Editionum
1170 3197 1239 3248 haud
1260 3197 1390 3248 minorem

337 3278 512 3338 diversitatem
532 3304 695 3350 enarremus,
716 3303 829 3355 quarum
850 3284 996 3337 nonnullae
1015 3303 1077 3337 cum
1098 3283 1171 3335 nullo
1192 3283 1270 3352 plane
1290 3282 1389 3337 Codice

337 3375 397 3428 MS.
415 3376 590 3428 conveniunt:
622 3372 716 3424 deinde
736 3382 780 3436 ut,
807 3382 937 3442 quantuni
958 3370 1015 3422 sieri
1034 3373 1143 3441 poterit,
1174 3369 1338 3435 brevissime,
1357 3370 1389 3420 de

337 3465 455 3514 rirururn
475 3463 629 3514 criticorum
648 3461 809 3512 coniecturis
828 3457 865 3510 rel
893 3458 1050 3512 lectionibus
1070 3468 1186 3510 nostram
1213 3456 1388 3528 qualemcun-

338 3573 391 3623 que
410 3552 565 3605 sententiam
586 3551 713 3604 dicannrs.

408 3708 511 3761 liabent
528 3706 594 3760 Edd.
615 3708 682 3760 Veu.
701 3709 779 3760 1192.
799 3706 877 3760 lldlb.
898 3701 1238 3773 Par.1512.Lugd.Dar.

408 3818 501 3886 Atque
519 3824 550 3866 nt
569 3815 598 3866 in
617 3832 715 3885 ariagne
728 3813 754 3884 f
756 3814 867 3864 nmilia
886 3813 1083 3864 stultorum
1102 3817 1165 3860 suist
1181 3807 1230 3858 olii
1248 3805 1388 3868 lautiores,

334 3913 367 3954 nt
388 3902 439 3953 sibi
456 3903 589 3958 videntur,
607 3905 692 3954 servi:
712 3902 741 3952 si
759 3912 848 3953 tornen
860 3903 931 3953 serri
948 3901 1079 3951 atrienses
1098 3908 1180 3947 actu
1199 3896 1279 3964 puri
1296 3894 1389 3945 stul-

333 3991 364 4041 ti
371 3991 448 4042 tiae
467 4007 548 4041 siras
566 3999 645 4040 sunt:
665 4007 731 4059 quos
749 3991 844 4057 signo,
864 4008 930 4058 qnos
950 3986 1062 4038 tribulae
1083 3996 1132 4038 cet.
1152 3984 1200 4035 Ed.
1223 3982 1280 4034 Asc.
1300 3982 1388 4035 1511:

333 4081 430 4150 Atque
449 4088 480 4129 ut
498 4078 527 4129 in
545 4093 644 4146 magno
657 4075 771 4146 sornilin
796 4075 994 4126 stultorum
1018 4084 1082 4124 snut
1109 4072 1157 4121 olii
1185 4070 1254 4121 lant.
1280 4078 1312 4119 ut
1338 4066 1388 4117 silei

334 4166 404 4230 virt,
432 4164 739 4226 serviatrienses,
770 4162 832 4213 sed
855 4174 945 4212 tomen
964 4162 1032 4212 servi
1053 4171 1135 4210 netu
1154 4160 1237 4226 puri
1257 4155 1389 4208 stulti-

332 4253 408 4303 tine
427 4269 508 4317 snae,
526 4270 591 4324 qnos
609 4251 687 4323 signo
706 4261 753 4302 etc.

406 4393 472 4445 Edd.
494 4393 561 4447 Ven.
575 4394 653 4445 ΙΙΙΙ.
673 4389 740 4463 Arg.
760 4393 853 4462 Atque
873 4400 904 4441 ut
923 4391 951 4440 in
970 4406 1069 4458 magno
1083 4387 1171 4457 forn,
1191 4382 1267 4435 stul
1275 4390 1385 4432 torum

331 4491 397 4535 sunt
419 4481 469 4532 ulii
495 4478 639 4545 lautiores,
667 4498 727 4531 rrec
752 4478 802 4530 sibi
830 4479 955 4530 videntur
982 4473 1208 4527 otriensilins
1232 4472 1385 4540 impares.
