3450 5342
610 688 805 737 ramuoxon
830 690 851 736 1.
870 732 872 737 .
890 688 959 736 car.
980 690 1015 737 u.
1290 673 1339 746 65

285 852 420 903 cllelalss.“
438 851 469 903 P.
488 849 679 903 Victorius.
716 848 765 913 „le
788 845 906 918 quodam
925 848 996 903 libro
1015 849 1159 902 delicatas:
1189 855 1260 908 uode
1279 858 1341 928 qui·

285 937 348 990 dam
373 937 502 991 Deliacos
531 938 610 992 fuisse
642 938 772 1007 seriptum
799 937 1012 1004 arbitrabantur,
1043 939 1192 994 cuiusmodi
1219 961 1339 997 rasorum

287 1026 390 1080 mentio
408 1037 445 1080 est
469 1044 519 1097 pro
537 1006 622 1080 Seitio
643 1036 669 1079 et
686 1027 715 1079 in
734 1026 812 1079 Verr.
856 1024 910 1079 Sed
938 1026 965 1079 in
991 1026 1114 1098 pluribus
1133 1028 1269 1098 felicatas
1294 1044 1340 1096 est,

287 1132 402 1190 quarum
422 1115 542 1169 meminit
559 1113 618 1168 Sea.
637 1114 794 1184 Pompeius:
820 1132 834 1168 a
855 1115 933 1183 filice
950 1114 1048 1181 herba,
1074 1135 1143 1187 quae
1171 1127 1196 1170 et
1216 1117 1292 1187 felix
1315 1132 1341 1173 et

280 1202 401 1271 felicula
419 1199 544 1257 Catoni.“
562 1202 639 1257 Cat.
657 1202 822 1272 Longius.
857 1202 1030 1268 ,‚Delicatas,
1054 1202 1081 1255 id
1100 1215 1139 1258 est
1162 1222 1271 1271 aureas,
1296 1224 1341 1258 ar·

285 1301 411 1358 geoteas,
429 1289 595 1356 murrhioas,
612 1302 660 1345 aot
679 1290 853 1362 crystallinas.
894 1289 1028 1345 Delicatus
1052 1291 1216 1362 templorum
1235 1304 1341 1364 pateras

285 1378 417 1431 insectans
434 1377 554 1446 Persius,
574 1380 679 1444 Dicite,
704 1379 807 1450 inquit,
832 1379 994 1447 Pontifices,
1011 1379 1042 1430 in
1059 1379 1165 1448 templis
1183 1381 1251 1451 quid
1261 1381 1340 1451 facit

285 1466 405 1518 aarum?
438 1468 534 1522 unm
550 1467 614 1539 qun
633 1467 681 1533 n,
698 1467 737 1520 u.
757 1467 845 1519 vmo
864 1465 977 1538 upum
999 1465 1052 1520 uis
1070 1466 1154 1520 versu
1172 1466 1241 1521 oum
1256 1468 1289 1522 ae
1307 1469 1338 1522 o.
1417 1452 1426 1463 ⁴

285 1554 341 1607 Lat
360 1555 462 1626 primo:
480 1559 515 1607 In
533 1557 639 1624 poculis
656 1566 735 1607 eraut
748 1565 880 1625 paterae:
899 1574 942 1619 eo,
961 1555 1034 1627 quod
1048 1564 1179 1623 pateant,
1195 1555 1282 1608 latine
1295 1557 1338 1609 ita

286 1641 381 1692 (hetae.
418 1644 501 1694 Hisce
519 1643 604 1694 etiam
621 1662 693 1694 nune
709 1644 738 1693 in
754 1642 862 1711 publico
887 1643 1005 1695 convivio
1023 1642 1201 1713 antiquitatis
1218 1644 1339 1698 retinen·
1422 1672 1424 1676 ³

286 1728 337 1779 dae
354 1746 456 1795 causa,
479 1749 539 1781 cum
559 1730 686 1800 magistri
697 1729 790 1796 fiunt,
814 1729 890 1797 potio
907 1729 1113 1800 circumfertur:
1139 1739 1167 1779 at
1184 1730 1213 1781 in
1231 1733 1340 1800 sacrifi-

285 1816 373 1868 cando
392 1817 443 1869 diis
461 1818 512 1868 leae
529 1817 624 1885 poculo
640 1816 822 1886 magistratus
842 1815 891 1866 dat
910 1817 957 1868 deo
975 1818 1074 1869 vinum.
1099 1815 1184 1870 ‘Haec
1200 1816 1253 1870 ille.
1281 1816 1340 1870 Ser.

284 1903 435 1974 Pompeius
451 1904 543 1958 itidem
561 1903 707 1975 significat,
726 1903 867 1957 Romanos·
881 1904 918 1958 uti
938 1914 1028 1975 patera
1043 1904 1070 1956 in
1090 1903 1223 1958 sacrificus
1240 1903 1339 1969 solitos,

286 1994 429 2054 Pataram,
457 1993 560 2064 inquit,
584 1993 723 2062 perpluere
745 1993 774 2044 in
793 1993 957 2044 sauriacum
975 1993 1090 2050 dieitur,
1113 1992 1252 2062 significat
1278 2011 1340 2062 per·

283 2078 377 2146 pluere
395 2089 447 2130 aut
458 2150 460 2154 Ι
469 2091 610 2148 pertusam
628 2085 709 2133 ssse.“
728 2079 801 2133 Frc.
818 2079 968 2152 Sylvius.
1015 2081 1110 2133 Veneti
1128 2080 1178 2133 ita:
1194 2081 1270 2150 Quid
1286 2099 1339 2132 ou-

287 2176 341 2218 tem
361 2186 378 2218 a
398 2170 489 2220 Numa
506 2169 659 2238 Pompilio?
684 2170 805 2220 minusne
827 2179 926 2240 gratos
950 2170 1002 2221 diis
1020 2165 1214 2220 immortalibus
1233 2167 1359 2235 capedi-·

286 2273 384 2307 nasac
395 2256 500 2324 fictiles
525 2257 641 2308 urnulas
660 2257 768 2326 fuisse,
796 2274 877 2327 quam
898 2256 1074 2326 filialitas
1098 2256 1211 2308 aliorum
1227 2267 1341 2324 pateras

286 2340 476 2394 arbitramur?
511 2342 590 2411 Quae
615 2344 696 2396 nobis
721 2342 801 2396 lectio
819 2342 966 2396 admodum
993 2346 1137 2415 probatur:
1155 2363 1217 2396 nam
1237 2355 1263 2396 et
1280 2343 1339 2397 Ser.

286 2431 432 2501 Pompeius
441 2432 580 2499 filieatam
599 2443 717 2503 pateram
737 2432 799 2484 dicit
820 2452 875 2485 esse
894 2444 943 2486 cet.
989 2432 1089 2500 Quales
1114 2443 1140 2485 et
1159 2450 1232 2485 nunc
1253 2430 1341 2484 caela·

286 2529 360 2570 toras
380 2517 441 2571 lieet
459 2538 578 2586 cernere,
598 2519 671 2590 quasi
692 2519 860 2572 tenuioribus
879 2531 905 2572 et
922 2521 1026 2574 serratis
1043 2521 1122 2585 foliis,
1141 2522 1207 2572 serie
1226 2521 1340 2591 quadam

285 2605 319 2656 de
333 2605 466 2659 cauliculo
483 2608 695 2672 excurrentibus,
713 2617 739 2660 et
755 2607 830 2660 labra
848 2608 1001 2680 fundosque
1022 2606 1180 2680 poculorum
1200 2606 1341 2661 includen-

285 2692 365 2745 tibus.
403 2691 456 2745 sed
477 2692 529 2746 hoc
540 2704 567 2746 et
576 2694 710 2746 Victorius
719 2696 881 2747 annotarim
896 2696 947 2748 lo.
966 2693 1197 2749 Camerarius.
1242 2694 1341 2765 „Apud

285 2779 460 2833 Plutarchum
487 2782 607 2834 Antonio
639 2801 736 2835 aureae
760 2783 790 2851 (i.
812 2803 836 2836 e.
860 2784 1006 2853 delicatae)
1034 2793 1140 2854 paterae
1172 2780 1263 2851 probri
1281 2781 1342 2834 loco

286 2869 458 2922 obiiciantur.
513 2867 638 2922 Ceterum
669 2868 839 2924 Camerarius
869 2882 894 2923 et
922 2870 1072 2936 Victorius,
1102 2879 1214 2922 vetustas
1238 2869 1341 2939 sequuti

287 2954 422 3018 lectiones,
435 2955 572 3023 filicotas.
608 2957 839 3030 Lasarusssayfius
863 2959 890 3010 in
902 2958 955 3011 Tit.
984 2959 1025 3010 De
1044 2977 1110 3011 auro
1129 2967 1155 3010 et
1173 2967 1284 3027 argento
1303 2955 1342 3007 le·
1403 2952 1415 2962 ”

285 3053 359 3113 gato,
374 3062 454 3113 quam
467 3046 651 3098 tractationem
662 3046 696 3098 de
707 3047 827 3100 Vasculis
838 3047 980 3119 inscripsit,
994 3046 1121 3098 Deliacos
1132 3045 1183 3098 hoc
1193 3044 1254 3098 loco
1263 3043 1341 3116 legit:

287 3143 314 3183 et
325 3130 389 3183 huic
406 3130 513 3184 lectioni
531 3133 676 3203 astipulor:
701 3146 728 3187 et
746 3146 776 3188 ut
800 3135 857 3188 eius
882 3135 1024 3188 lectionem
1048 3133 1152 3187 facilius
1171 3151 1276 3203 sequar,
1300 3132 1342 3184 sa-

287 3219 364 3272 ciunt
389 3237 434 3283 ea,
463 3238 531 3290 quae
551 3221 642 3290 paullo
660 3233 719 3293 post
737 3222 770 3274 de
794 3221 904 3275 Deliaca
924 3222 1086 3293 supellectile
1112 3219 1231 3274 scribit.“
1252 3220 1343 3290 Xyst.

287 3305 400 3360 Betui.
419 3334 466 3355 -.
505 3307 571 3371 „Sic
598 3309 748 3377 [filicatas]
776 3312 910 3364 restitutus
935 3322 974 3363 est
999 3309 1042 3362 bic
1067 3308 1142 3361 locus
1175 3306 1264 3358 multis
1289 3305 1342 3358 iam

287 3404 349 3447 ante
368 3392 447 3445 annis
464 3411 495 3444 ex
512 3393 669 3446 auctoritate
687 3397 811 3448 codicum
830 3397 1016 3467 antiquorum:
1036 3412 1199 3465 quamquam
1218 3390 1342 3446 nonnulli

286 3480 340 3551 legi
362 3476 456 3531 volunt
474 3479 610 3531 Deliacos.
656 3479 709 3532 Sed
740 3482 825 3551 pluris
850 3493 889 3534 est
911 3482 1018 3544 veritas,
1049 3499 1129 3550 quam
1150 3476 1343 3532 ¹coniectura.“

287 3565 487 3621 Lambinus.
537 3565 606 3629 „Hic
625 3564 700 3619 locus
717 3567 789 3620 varie
807 3567 916 3638 legitur:
941 3566 980 3619 sel
999 3567 1144 3630 delicatas,
1164 3565 1181 3616 i.
1201 3583 1222 3616 e.
1241 3563 1341 3634 pretio·

288 3674 337 3719 sas,
357 3653 433 3724 quasi
453 3653 525 3706 lusui
543 3654 657 3708 dicatas:
677 3655 716 3707 sel
729 3655 867 3723 filiculae,
887 3655 919 3707 ad
938 3654 1014 3708 silicis
1031 3653 1127 3706 herbae
1145 3652 1261 3722 speciem
1282 3668 1342 3702 cae·

289 3742 367 3796 latas:
387 3741 426 3793 vel
445 3742 574 3794 Deliacos
592 3763 699 3796 exsere
718 3743 830 3798 Deliaco
848 3745 946 3809 factas,
965 3743 1039 3797 cuius
1058 3738 1237 3813 antiquissima
1257 3739 1342 3811 gloria

290 3831 353 3898 luit,
373 3841 403 3884 ut
420 3830 457 3883 ait
473 3830 543 3883 Plio.
562 3835 606 3897 ³4,
625 3834 670 3884 2.“
692 3832 774 3885 Aul.
793 3831 949 3887 Talaeus.
985 3831 1134 3896 „Filicatns
1152 3826 1263 3881 maxime
1277 3847 1342 3898 pro-

290 3918 410 3971 bandum
428 3917 531 3971 ridetur
549 3936 563 3970 a
582 3917 651 3972 filice
670 3920 782 3987 frutice,
813 3921 889 3974 cuius
912 3921 1000 3991 imago
1026 3919 1053 3972 in
1073 3915 1176 3987 poculis
1203 3925 1228 3968 et
1247 3914 1343 3984 pateris

290 4005 388 4059 caelari
406 4003 482 4058 solita
500 4005 597 4069 fuerit,
623 4017 652 4059 ut
669 4018 732 4061 sunt
749 4008 821 4078 apud
842 4006 1051 4062 Demosthenem
1071 4005 1162 4067 φιάλαι
1180 4006 1341 4072 lusoopyrtcs

290 4094 324 4146 de
342 4111 396 4165 qua
415 4101 504 4146 tameo
523 4111 587 4146 voce
605 4093 781 4149 Grammatici
802 4107 914 4149 certant.
958 4094 992 4147 Et
1018 4094 1089 4165 apud
1113 4090 1256 4162 Virgilium
1282 4087 1343 4138 Me·

289 4181 381 4234 nalcas
397 4181 494 4252 pocula
514 4181 604 4251 pouit:

404 4270 526 4339 Fagiua,
546 4270 680 4322 caelatum
699 4272 785 4323 divini
803 4290 870 4341 opus
890 4269 1098 4331 Alcimedontis,

405 4360 494 4407 Lenta
512 4357 608 4427 quibus
628 4368 705 4409 torno
719 4358 805 4427 sacili
822 4358 1000 4427 superaddita
1019 4355 1083 4405 vitis

404 4441 529 4509 Diffusus
546 4444 645 4495 hedera
665 4445 746 4495 vestit
761 4446 882 4512 pallente
901 4440 1061 4512 corymbos.“
1085 4438 1115 4490 Η,
1136 4431 1239 4488 Woll.
