3450 5342
348 670 417 716 vill·
777 668 967 714 inaurium.

349 837 515 917 professus
541 854 624 901 sum.
688 835 726 897 ln
762 835 983 913 singularibus
1016 838 1142 909 autem,
1174 834 1203 896 si
1229 850 1294 912 qua
1320 835 1400 895 sunt

348 955 483 1021 editioni
509 973 623 1031 meae,
661 953 864 1017 ornamentis
900 971 992 1034 pono
1025 955 1180 1033 excerpta
1206 950 1399 1013 scholarum

346 1073 386 1137 b.
412 1071 673 1154 Wyttenbacbii,
715 1087 781 1150 quo
814 1072 888 1134 viro
921 1071 1098 1135 immortali
1134 1086 1194 1150 per
1230 1068 1398 1147 integrum

345 1192 415 1255 fere
441 1209 564 1256 annum
588 1194 801 1273 praeceptore
826 1205 905 1253 usus
930 1206 1004 1254 sum
1028 1188 1160 1253 Leidae.
1213 1184 1312 1251 Cuius
1332 1186 1396 1248 viri

344 1311 540 1375 memoriam
567 1326 668 1390 quum
693 1309 817 1386 recolo,
844 1308 973 1373 animus
990 1306 1180 1372 dulcissima
1203 1305 1290 1369 illius
1307 1307 1396 1366 tem-

344 1428 434 1509 poris
457 1427 688 1493 recordatione
706 1427 850 1492 suaviter
873 1431 1111 1504 commovetur,
1138 1441 1204 1505 quo
1229 1422 1310 1487 nulli
1333 1423 1395 1500 rei,

344 1547 408 1611 nisi
432 1547 564 1624 litteris,
599 1547 708 1610 vivere
733 1546 814 1609 mibi
839 1547 948 1625 licuit,
987 1562 1054 1627 quo
1074 1542 1215 1608 florebat
1240 1547 1271 1604 et
1296 1542 1393 1604 iuve-

344 1682 424 1729 num
457 1664 692 1729 liberalissimis
727 1663 841 1728 studiis
877 1669 909 1728 et
944 1664 1116 1729 hominum
1150 1659 1393 1725 existimatione

344 1784 543 1865 antiquitatis
579 1783 767 1864 disciplina,
804 1799 871 1863 quo
901 1782 1097 1848 humanitati
1126 1797 1186 1845 sua
1219 1758 1392 1843 constabat

342 1903 430 1979 laus,
461 1919 522 1965 sua
557 1899 712 1981 dignitas,
747 1917 843 1965 suum
879 1900 1039 1981 pretium,
1075 1915 1142 1979 quo
1177 1914 1219 1961 ne
1245 1896 1390 1977 suspicio

343 2017 474 2099 quidem
500 2022 571 2096 erat
595 2018 667 2082 lore
702 2017 898 2098 aliquando,
932 2022 983 2096 ut,
1019 2010 1105 2100 quae
1136 2021 1206 2081 toto
1244 2017 1389 2097 amplexi

342 2151 488 2200 essemus
514 2140 658 2216 pectore,
684 2136 833 2216 plerique
859 2135 1052 2215 fastidirent,
1075 2154 1257 2218 eorumque
1273 2137 1388 2201 interi-

340 2259 410 2317 tum
435 2254 458 2317 ii
484 2270 617 2335 quoque
643 2255 755 2318 animo
781 2257 814 2319 et
835 2272 896 2320 ore
921 2258 1156 2337 praesagirent,
1183 2259 1302 2338 quiea
1326 2275 1388 2338 per

339 2371 459 2436 multos
482 2389 587 2437 annos
603 2373 666 2454 ipsi
682 2375 870 2439 coluissent.
920 2373 972 2440 Ex
986 2377 1049 2441 illis
1072 2376 1170 2458 igitur
1190 2375 1311 2441 scholis
1325 2394 1387 2440 ex-

340 2490 462 2571 cerpsi,
497 2507 583 2571 quae
606 2509 626 2556 e
651 2511 688 2557 re
713 2493 786 2558 fore
812 2495 1058 2575 existimabam,
1095 2514 1226 2561 memor
1256 2514 1386 2577 eorum,

339 2625 424 2688 quae
449 2609 578 2690 scripsit
604 2607 784 2677 Creuzerus
805 2613 840 2676 in
864 2613 1071 2695 praelatione
1098 2615 1248 2681 editionis
1274 2616 1385 2680 maio-

235 2766 254 2791 -,
339 2727 383 2790 ris
404 2728 565 2797 librorum
588 2728 628 2795 de
649 2728 776 2798 Natura
796 2730 964 2797 Deorum:
998 2732 1096 2813 „Quo
1128 2734 1233 2815 magis
1259 2735 1385 2813 gaude-

262 2844 265 2933 j
288 2875 290 2879 ·
337 2863 438 2945 „mus
449 2865 549 2931 posse
566 2849 732 2928 lectorem,
759 2850 936 2915 distentum
958 2850 1237 2934 defatigatumque
1255 2853 1386 2920 insuavi

249 2960 291 2977 ”·
328 2948 551 3040 ,praelatione
577 2969 709 3044 nostra,
734 2967 769 3029 in
794 2966 984 3037 scholarum
1012 2969 1386 3052 wyttenbacbianarum

336 3087 390 3159 „et
415 3082 512 3148 beata
544 3084 694 3151 ubertate
720 3090 752 3149 et
787 3088 986 3153 amoenitate
1017 3091 1258 3172 acquiescere.“
1319 3090 1386 3158 Sed

335 3200 370 3265 iu
395 3200 446 3268 bis
471 3201 567 3267 nobis
593 3219 725 3283 quoque
751 3205 1026 3286 acquiescendum
1049 3209 1120 3289 erit,
1141 3210 1281 3275 neillius
1299 3217 1385 3276 tom-

335 3317 426 3398 poris
441 3335 527 3384 cum
552 3324 667 3389 nostro
692 3325 940 3404 comparatione
955 3327 1100 3393 instituta
1112 3328 1146 3391 in
1167 3327 1274 3392 verbis
1294 3330 1384 3395 male

336 3436 488 3500 ominatis
512 3437 638 3503 desinat
656 3439 740 3508 haec
765 3443 937 3522 praelatio.

383 3588 573 3656 Scribebam
596 3593 726 3672 Ulmae,
753 3595 909 3662 Kalendis
934 3597 1021 3680 Sept
1047 3615 1076 3661 a.
1098 3596 1338 3667 Mucccxnv.
