3450 5342
669 689 867 739 osnauoxon
891 691 934 740 ιι.
963 689 1031 738 cen.
1049 692 1070 738 ι.
1322 669 1393 742 271

343 855 439 908 omisso
459 855 497 917 si,
522 852 594 906 Gud.
613 850 643 904 B.
674 851 760 905 babet:
792 852 873 922 quid,
903 852 927 902 si
957 870 1008 902 non
1033 853 1105 904 dives
1125 852 1229 922 quidem
1247 854 1318 905 est?
1355 856 1395 909 De

340 962 403 994 voce
422 942 505 992 etiam
524 942 602 994 tertio
622 940 681 992 loco
700 940 784 1011 posita
805 940 926 1011 loquitur
946 937 1123 992 Glismannus
1142 937 1168 990 in
1183 937 1265 990 lahnii
1284 942 1396 997 Annali·

342 1032 391 1082 bus
421 1029 630 1083 Philoittsat.
651 1027 696 1094 111,
716 1032 740 1080 1.
760 1047 785 1098 p.
802 1031 837 1081 Π
854 1047 894 1098 sq.
924 1028 950 1079 in
979 1045 1092 1080 censura
1119 1024 1317 1078 Grammaticae
1341 1030 1398 1083 Lat.

340 1119 532 1189 Zumptianae,
563 1116 642 1170 allato
659 1117 737 1169 etiam
764 1116 824 1168 loco
850 1115 946 1169 Tusce.
967 1116 987 1180 l,
1007 1119 1049 1168 26.
1078 1133 1135 1184 prc.
1162 1113 1196 1165 de
1221 1111 1270 1166 Or.
1289 1113 1334 1180 111,
1354 1119 1397 1181 56,

340 1211 400 1261 213.
420 1206 465 1258 ubi
485 1206 567 1257 etiam
585 1216 709 1276 quartum
732 1202 810 1256 habet
830 1203 929 1256 locum.
971 1200 1021 1254 Os.
1041 1199 1070 1252 E.
1090 1179 1169 1253 habet
1188 1200 1236 1270 qui
1255 1220 1304 1270 pro
1324 1202 1396 1272 quid,

344 1296 435 1346 titiam
454 1295 551 1347 omittit
570 1293 642 1346 Gud.
660 1293 694 1345 A.
730 1291 790 1344 Mr.

411 1384 493 1451 Quem
511 1382 580 1432 enirn
598 1380 775 1449 intelligimus
795 1375 938 1443 diviteml]
961 1375 1041 1427 Enim
1058 1375 1131 1429 deest
1147 1376 1175 1429 in
1188 1374 1256 1431 Cod.
1270 1377 1394 1443 Gud.A.;

339 1471 366 1521 in
389 1469 439 1522 0¹.
460 1471 479 1521 1.
500 1479 538 1521 εει
556 1462 668 1518 dicimus
687 1486 737 1536 pro
755 1466 940 1535 intelligimus.
978 1461 1037 1516 Crz.
1057 1469 1083 1521 2.
1101 1462 1180 1518 babet
1203 1467 1232 1517 A
1239 1465 1315 1532 udi,
1344 1467 1394 1519 boc

340 1556 447 1608 uerbum
463 1584 492 1595 -
503 1576 513 1614 ‚·
532 1554 612 1606 Drsd.
633 1558 658 1606 1.
676 1557 703 1606 3.
722 1551 830 1604 verbum
847 1553 906 1604 boc.
942 1549 983 1602 Ad
1011 1572 1033 1604 v.
1061 1553 1089 1602 in
1110 1572 1162 1623 quo
1188 1555 1291 1606 bomine
1313 1557 1393 1625 poni-

339 1663 396 1694 mus
416 1645 481 1714 (pro
500 1642 611 1713 quibus,-
630 1641 728 1693 omisso
747 1651 816 1704 aut,
835 1639 907 1693 Gud.
925 1638 957 1694 A.
976 1639 1069 1694 habet:
1094 1641 1143 1692 boc
1166 1641 1195 1692 in
1220 1661 1272 1713 quo
1289 1643 1393 1695 bomine

337 1732 461 1799 pommus
481 1728 599 1792 verbum)
619 1728 700 1798 Borg.
720 1728 825 1780 confert
848 1728 930 1780 Tusa.
949 1727 994 1793 tlt,
1012 1731 1072 1783 34:
1102 1729 1132 1778 de
1160 1728 1230 1780 omni
1256 1747 1337 1795 casu,
1364 1733 1393 1782 in

339 1836 393 1886 quo
412 1833 504 1867 nomen
520 1815 585 1884 poni
601 1815 670 1866 solet
689 1815 866 1867 calamitatis.
903 1814 961 1866 Mc.

409 1902 504 1971 opinor
521 1902 550 1953 in
568 1920 614 1964 eo,
633 1901 677 1951 cui
695 1911 777 1952 tanta
792 1900 926 1970 possessio
944 1904 1011 1969 est‚]
1050 1900 1128 1966 ,‚MS.
1155 1903 1244 1969 ineo,
1274 1904 1393 1974 inquo

337 1999 420 2040 tanta
436 1989 567 2057 possessio
584 1990 654 2040 est.“
673 1987 795 2041 Graev.
838 1987 885 2041 Est
913 1987 956 2042 hic
976 1989 1103 2042 nimirum
1122 2009 1181 2043 mos
1201 2002 1392 2068 correctorum,

337 2089 368 2130 ut
385 2076 418 2128 nd
440 2075 557 2146 proxima
578 2095 700 2147 quaeque
722 2076 866 2146 respiciant
885 2087 910 2129 et
929 2076 962 2128 ad
982 2095 1012 2129 ea
1031 2077 1169 2148 scriptoris
1186 2079 1265 2131 verba
1284 2099 1392 2132 accom-

338 2163 456 2216 modent.
503 2162 602 2215 Eadem
630 2162 775 2228 correctio,
795 2162 852 2227 vel,
872 2163 892 2215 si
913 2163 1010 2229 mavis,
1029 2164 1183 2236 depravatio
1202 2167 1284 2220 estin
1305 2167 1391 2222 codd.

338 2252 418 2305 Bern.
438 2250 504 2303 Οιι.
524 2252 543 2306 1.
564 2251 598 2305 U.
618 2253 675 2305 Bas.
697 2252 787 2305 Guels.
806 2250 879 2303 Gud.
899 2251 930 2303 Α.
951 2251 1032 2304 Drsd.
1042 2255 1066 2304 1.
1085 2255 1110 2306 3.
1130 2258 1172 2319 5.;
1190 2254 1217 2307 in
1237 2257 1295 2309 Cre.
1307 2258 1332 2307 1.
1352 2255 1391 2307 le-

338 2340 410 2408 gitur
428 2341 531 2391 cuios
557 2350 638 2392 tanta
664 2351 705 2392 est
722 2340 868 2409 possessio,
897 2357 953 2389 non
980 2339 1064 2402 male;
1083 2342 1141 2394 Cra.
1161 2345 1186 2394 2.
1208 2362 1272 2412 quo
1289 2354 1390 2404 tanta,-

336 2428 404 2477 inest
419 2447 468 2497 pro
480 2438 521 2478 est
534 2427 583 2480 Ox.
594 2427 624 2482 E.
661 2427 691 2480 ln
705 2446 780 2498 seqq.
797 2426 891 2478 Lamb.
911 2426 1006 2478 edidit:
1026 2437 1057 2478 ut
1077 2445 1115 2477 ea
1134 2429 1172 2477 ad
1183 2428 1331 2480 liberaliter
1349 2432 1390 2481 vi-

337 2516 452 2566 vendum
470 2545 505 2554 ·-
524 2526 666 2567 contentus
684 2517 736 2567 sit:
757 2534 826 2585 quae
846 2514 927 2566 lectio
946 2514 972 2566 in
994 2513 1062 2566 Edd.
1085 2514 1197 2567 Lambb.
1215 2527 1240 2568 et
1260 2514 1340 2568 Goth.
1360 2528 1389 2570 ut

336 2602 491 2656 coniectura
509 2602 537 2654 in
558 2604 678 2672 margine
690 2603 821 2674 adscripta
835 2612 960 2673 apparet:
979 2601 1007 2654 in
1027 2601 1155 2655 orationis
1173 2602 1268 2654 seriem
1283 2614 1388 2672 recepta

336 2688 421 2741 estin
441 2688 509 2741 Edd.
529 2687 626 2742 Colon.
644 2690 676 2741 H.
697 2689 783 2742 Wolf.
828 2687 950 2740 Eandem
970 2707 1061 2742 vocem
1085 2690 1238 2743 desiderans
1257 2690 1390 2744 Bentleius

294 2828 296 2833 .
336 2777 390 2830 alio
408 2776 468 2828 loco
487 2777 639 2846 ponendam
658 2778 758 2831 censuit
777 2776 946 2847 coniecitque
958 2778 1048 2844 facile
1065 2795 1104 2828 ea
1123 2788 1264 2830 contentos
1277 2781 1322 2832 sit.
1359 2779 1388 2831 ln

336 2865 416 2918 Drsd.
436 2868 460 2917 1.
481 2875 519 2916 est
532 2865 622 2934 facile
640 2867 747 2916 etiam
767 2875 909 2917 contentus
927 2865 978 2915 sit:
1004 2864 1032 2917 iu
1058 2885 1110 2936 qua
1137 2866 1282 2937 scriptione
1309 2867 1390 2937 possit

336 2952 432 3023 aliquis
451 2952 586 3022 vestigium
606 2952 714 3005 voculae
739 2972 771 3004 ea
790 2955 875 3006 inesse
900 2954 1043 3024 suspicari,
1069 2965 1098 3007 ut
1115 2973 1148 3007 ea
1172 2954 1270 3008 lectum
1290 2955 1322 3008 sit
1340 2945 1389 3020 eia,

338 3039 411 3109 quod
430 3050 468 3092 est
486 3040 677 3110 compendium
697 3040 769 3094 vocis
786 3042 878 3093 etiam.
915 3040 956 3094 Ad
977 3041 1144 3095 locutionem
1165 3043 1283 3096 conferri
1303 3054 1389 3113 potest

335 3127 391 3180 Cic.
409 3127 481 3180 Lael.
499 3130 543 3192 23,
563 3130 611 3181 86:
639 3129 663 3179 si
682 3129 757 3179 modo
783 3129 867 3180 uelint
894 3128 989 3198 aliqua
1014 3147 1047 3178 ex
1069 3138 1149 3197 parte
1173 3128 1322 3181 liberaliter
1348 3131 1389 3182 oi-

333 3233 403 3266 oere.
420 3213 479 3266 Mu.
516 3213 698 3278 „liberaliter
715 3215 790 3280 visit,
809 3215 855 3285 qui
874 3214 958 3267 libere
976 3215 1051 3281 vivit,
1071 3216 1172 3269 nemini
1191 3218 1322 3270 obnosins
1340 3228 1388 3280 est,

334 3303 377 3356 cui
397 3313 500 3354 tantum
519 3309 653 3371 superest,
679 3312 707 3353 ut
724 3299 840 3352 liberalis
856 3299 889 3352 sit
918 3319 981 3370 erga
1005 3301 1079 3354 alios.
1123 3303 1215 3353 Facile
1242 3314 1385 3355 contentos

333 3392 351 3443 i.
368 3411 392 3443 e.
413 3408 468 3442 nou
488 3399 594 3452 coacte,
613 3387 755 3439 libenter.“
775 3387 954 3456 Wyttenb.

407 3477 454 3547 qui
471 3475 541 3526 nibil
562 3485 693 3544 quaerat,
721 3473 790 3524 niliil
811 3474 953 3542 appetat‚]
987 3471 1065 3537 „MS.
1090 3473 1138 3544 qui
1166 3472 1235 3524 nibil
1261 3485 1386 3544 quaerat,

332 3572 462 3634 appetat,
480 3564 583 3629 optet.“
600 3561 720 3614 Graev.
767 3560 889 3614 Alterum
909 3570 933 3612 et
959 3559 1066 3612 tertium
1091 3560 1161 3611 nibil
1186 3559 1283 3613 omittit
1307 3559 1386 3613 etiam

333 3651 400 3704 Cod.
419 3648 490 3702 Gud.
509 3649 556 3711 A.;
575 3649 693 3700 medium
713 3647 779 3702 cod.
801 3648 880 3700 Drsd.
900 3651 924 3700 1.
963 3647 1051 3699 Verba
1073 3646 1143 3698 nibil
1160 3656 1272 3714 appetet
1292 3646 1388 3703 desunt

333 3740 359 3790 in
380 3737 447 3791 cot.
467 3738 524 3788 Cur..
543 3738 568 3789 3.
607 3738 636 3788 lu
663 3738 721 3789 Cra.
741 3739 766 3788 1.
784 3745 822 3788 εει
846 3744 933 3804 optat.
977 3733 1058 3788 Drsd.
1077 3737 1103 3788 4.
1130 3744 1155 3786 et
1174 3731 1245 3788 Gud.
1263 3734 1294 3788 B.
1318 3736 1389 3787 nibil

334 3825 488 3893 amplius
514 3834 620 3892 optet.
673 3824 703 3875 lu
730 3823 809 3876 Drsd.
836 3828 862 3877 5.
887 3834 946 3893 post
974 3822 1105 3891 amplius,
1139 3822 1275 3875 adduntur
1306 3825 1385 3877 rerba

333 3932 414 3984 qaam
433 3911 513 3970 bean·
542 3911 569 3963 in
589 3909 696 3963 Suerin.
721 3911 799 3963 verba
828 3928 910 3982 quarn
929 3909 1070 3974 lrabeat,
1099 3909 1172 3961 unde
1200 3909 1288 3974 vides,
1320 3911 1384 3980 quid
1418 3956 1421 3961 ,

334 3999 413 4052 Drsd.
432 4004 457 4053 5.
476 3997 596 4051 voluerit.
640 3998 671 4050 ln
690 3996 767 4051 Suer.
787 4008 846 4068 post
872 3995 939 4049 baec
957 3996 1053 4048 desunt
1071 3997 1149 4049 verba
1170 3997 1287 4049 Animas
1306 4015 1386 4064 opor-

331 4086 495 4139 tet-nibil
513 4094 589 4137 curet
608 4085 738 4154 amplios·
758 4085 852 4138 oculus
870 4085 942 4136 euim
960 4083 1099 4137 scribentis
1117 4084 1247 4139 aberravit
1267 4103 1281 4135 a
1296 4083 1384 4153 priore

333 4173 451 4242 amplius
469 4171 501 4225 ad
523 4171 660 4242 posterius.
708 4171 790 4239 Quod
809 4171 835 4224 h.
853 4172 871 4224 1.
896 4169 1003 4223 variavit
1021 4170 1170 4223 orationem
1199 4171 1283 4222 verbis
1300 4190 1383 4241 quaa-

330 4271 376 4313 rat
395 4290 429 4299 -
448 4271 560 4330 appetat
579 4270 707 4328 —optet‚
725 4259 794 4312 inira
815 4262 873 4313 cd.
893 4258 1026 4311 similiters
1045 4269 1178 4327 appetunt
1198 4287 1232 4296 —
1251 4269 1331 4329 egent
1350 4290 1383 4302 -

332 4349 421 4399 deesse
439 4349 560 4398 sentiunt
579 4376 613 4385 —-
633 4348 789 4419 requirunt,
818 4357 843 4398 et
862 4348 940 4399 Auct.
959 4345 991 4397 ad
1010 4344 1072 4397 Her.
1091 4344 1136 4410 lv,
1156 4348 1206 4399 37:
1232 4366 1330 4416 quaero
1349 4379 1382 4389 —

330 4433 452 4485 desidero
472 4460 505 4473 -
525 4434 645 4504 requiro:
666 4452 734 4503 quos
751 4433 828 4486 locos
846 4433 962 4487 laudavit
981 4430 1062 4502 Borg.
1096 4430 1125 4482 M
1134 4451 1155 4483 r.
