3450 5342
309 675 356 719 XX
464 626 568 714 'tubex
598 665 780 713 antenatus
808 663 926 713 ctttttct
954 665 995 711 tu
1021 665 1205 714 etntuoxt.

311 831 405 901 paucis
423 828 524 882 ollandi
545 824 656 878 maculis
674 825 798 897 iniquum
818 825 858 877 sit.
911 823 990 876 Conl.
1018 822 1113 876 Orellii
1133 823 1273 877 Onomast.
1303 825 1375 878 Tull.

314 920 347 974 Τ.
368 920 387 974 Ι.
406 940 431 990 ρ.
450 921 510 973 318.
1212 987 1214 992 ,

384 1013 427 1062 2⁰.
464 1006 524 1059 Non
544 1016 583 1059 est
606 1003 684 1056 uobis
702 999 896 1072 praetereunda
922 999 1004 1053 editio
1024 1002 1076 1054 Cic.
1096 1001 1127 1052 de
1146 1006 1206 1054 Seu.
1228 1002 1259 1052 de
1282 1004 1371 1056 Amic.

313 1104 339 1145 et
358 1095 578 1158 Paradoxorum,
596 1110 666 1162 quae
685 1087 783 1161 prodiit
801 1086 905 1158 Lipsiae
924 1106 947 1140 a.
966 1090 1045 1142 tutu.
1063 1089 1135 1159 apud
1153 1089 1184 1144 B.
1201 1088 1236 1142 G.
1255 1091 1372 1145 Teub-

315 1201 443 1236 nerum.
482 1179 609 1251 Quisquis
628 1189 680 1244 est,
707 1177 752 1248 qui
774 1175 875 1230 curavit
893 1175 962 1229 hanc
980 1175 1125 1230 editionem
1145 1179 1265 1244 (nescio,
1297 1180 1373 1250 quis·

314 1289 378 1323 narn
396 1269 440 1322 ille
459 1267 565 1334 suerit),
585 1267 606 1319 is
625 1268 708 1338 probe
729 1283 785 1318 rem
805 1265 899 1336 gessit,
918 1276 943 1318 et
962 1264 1118 1336 aliquoties,
1137 1277 1269 1338 quantum
1289 1269 1369 1340 equi·

316 1359 377 1412 deni
397 1355 584 1418 animadverti,
613 1355 812 1408 emendationes
840 1353 929 1407 intulit
955 1352 1081 1406 contestis
1109 1352 1179 1407 baud
1198 1355 1373 1424 spernendas.

315 1446 361 1499 Sic
381 1447 400 1510 Ι,
420 1451 458 1499 2:
488 1445 541 1495 Sed
559 1445 623 1494 lroec
646 1444 730 1495 videri
755 1452 870 1511 possunt
896 1440 1064 1505 obscuriora,
1092 1460 1174 1514 quum
1204 1442 1373 1496 limatius

316 1535 503 1603 disputantur.

387 1623 429 1674 21.
466 1623 507 1673 M.
533 1623 563 1670 T.
582 1619 711 1671 Ciceronis
738 1621 805 1670 Cato
832 1617 916 1668 irraior
940 1635 987 1668 seu
1014 1617 1046 1666 cle
1063 1621 1206 1670 Senectute
1230 1630 1259 1670 et
1278 1625 1369 1672 Parc·

316 1709 395 1765 doxa.
433 1712 501 1760 Zum
520 1706 674 1759 Gebruuclie
696 1706 750 1778 fiir
770 1704 883 1756 Sebulen
911 1722 962 1756 neu
982 1703 1087 1776 besorgt
1110 1725 1137 1758 u.
1155 1707 1203 1759 mit
1224 1706 1369 1759 deutschen

318 1800 420 1851 Wort·
440 1816 468 1850 ιι.
486 1797 738 1866 Suelterlrlc'irungen
756 1793 883 1846 veneten
904 1813 928 1845 v.
948 1796 981 1845 1..
993 1795 1019 1844 J.
1039 1797 1064 1844 B
1071 1793 1099 1844 il
1105 1793 1256 1848 letbeclr.
1275 1797 1370 1847 Dritte

315 1885 427 1938 verbcss.
447 1905 474 1937 u.
493 1884 640 1936 vermelrrte
659 1883 736 1950 Aust.
755 1912 788 1922 -
817 1885 977 1944 Hunnover,
1000 1883 1079 1934 1837.
1101 1883 1193 1935 Helm.
1212 1886 1237 1935 8.
1280 1883 1370 1937 Disci-

317 1971 386 2044 pulis
405 1971 509 2040 scripsit
528 1971 627 2034 editor,
647 1989 703 2022 non
725 1969 785 2021 viris
803 1967 895 2021 doctis.
932 1967 999 2021 Nota
1018 1980 1056 2022 est
1075 1970 1131 2022 eius
1139 1969 1185 2021 viri
1203 1970 1281 2035 ratio,
1301 1991 1369 2042 quae

318 2059 424 2124 babuit,
445 2077 500 2130 quo
518 2078 545 2112 se
565 2057 654 2111 multis
672 2055 891 2121 courmendaret,
918 2056 979 2127 quia
997 2055 1070 2109 utilia
1091 2055 1172 2109 multa
1197 2068 1223 2110 et
1248 2061 1280 2110 ad
1306 2078 1368 2111 ora·

318 2149 418 2202 tionem
437 2145 514 2200 etad
533 2155 720 2216 argumentum
742 2161 889 2213 congerere
907 2142 1009 2196 solebat
1026 2143 1072 2210 B„
1098 2162 1166 2215 quae
1195 2142 1285 2198 multis
1304 2144 1370 2198 locis

317 2248 379 2289 suut
397 2236 529 2306 dispersa,
548 2253 636 2305 ireque
655 2253 669 2286 a
688 2230 838 2303 discipulis,
869 2231 915 2302 qui
938 2228 1037 2302 privati
1062 2230 1144 2303 opera
1169 2232 1258 2302 legere
1286 2252 1370 2306 cupe-

316 2335 378 2377 rent
396 2323 478 2376 libros
496 2321 635 2375 Ciceronis
653 2321 686 2373 ab
705 2340 737 2373 eo
756 2319 855 2384 editos,
874 2319 1024 2391 comparari
1043 2332 1161 2390 possunt.

437 2470 466 2561 c)
496 2475 678 2540 Editioncs
702 2475 858 2560 Operum
884 2475 1060 2539 Ciceronis
1081 2476 1247 2541 omnium.

388 2613 449 2665 Non
469 2611 572 2664 videtur
590 2613 766 2665 necessarium
795 2613 945 2666 accuratius
963 2611 1097 2682 disputare
1122 2613 1154 2666 de
1172 2613 1283 2685 singulis
1301 2619 1367 2685 Ope-

319 2723 378 2755 rum
398 2701 529 2752 Ciceronis
545 2699 720 2764 editionibus,
742 2717 808 2768 quas
825 2698 858 2752 ad
878 2719 988 2752 manum
1008 2700 1102 2766 habui,
1129 2722 1262 2774 quasque,
1283 2715 1311 2757 ut
1330 2705 1368 2757 vi-

319 2789 393 2842 debis
417 2807 445 2839 ex
473 2787 704 2854 annotationibus,
734 2786 859 2839 omnibus
887 2786 954 2840 locis
978 2788 1093 2858 inspexi:
1127 2809 1291 2862 quamquam
1317 2791 1367 2845 boc

319 2874 496 2930 necessarium
515 2894 569 2927 non
589 2875 639 2927 luit
657 2875 685 2926 in
703 2875 748 2940 iis,
774 2894 843 2945 quae
868 2875 915 2927 uni
939 2875 1017 2929 alicui
1037 2876 1145 2930 editioni
1171 2878 1313 2949 primariae
1332 2881 1365 2934 ita

318 2984 345 3017 se
363 2963 544 3033 applicarent,
572 2973 601 3014 ut
621 2961 685 3014 nibil
705 2962 782 3026 novi,
808 2960 873 3013 nibil
901 2962 1002 3034 proprii
1030 2953 1196 3018 exhiberent:
1225 2965 1303 3020 veluti
1321 2966 1367 3019 Bi-

319 3052 429 3123 pontina
449 3061 474 3102 et
492 3069 522 3101 ea
543 3046 682 3102 Ciceronis
700 3048 821 3120 Operum
841 3048 934 3115 editio,
953 3070 1021 3121 quae
1040 3051 1205 3106 Mannbemii
1223 3055 1367 3126 'prodiit'),

319 3137 358 3191 rel
383 3138 508 3191 alterutra
537 3135 726 3201 Lambiniana,
754 3136 896 3201 (nimirum
926 3157 955 3190 ex
981 3138 1027 3206 iis,
1062 3160 1130 3211 quae
1161 3161 1217 3194 non
1246 3143 1367 3196 Lambini

319 3238 427 3292 tenum,
446 3224 490 3277 sed
511 3223 567 3276 eius
586 3235 689 3277 tantum
707 3226 906 3279 annotationem
925 3227 1055 3294 exhibent,
1073 3240 1172 3284 testum
1190 3242 1278 3284 autem
1296 3230 1368 3302 prius

321 3312 472 3385 vulgatum,
503 3311 661 3365 lectionibus
686 3315 824 3381 Lambini,
860 3334 922 3368 cum
949 3314 1051 3388 aliquot
1080 3317 1151 3383 aliis,
1180 3318 1294 3389 margini
1322 3321 1369 3373 ad-

318 3402 452 3473 scriptis,)
472 3419 586 3471 quarum
607 3399 674 3454 duae
692 3413 754 3455 sunt
772 3403 800 3455 in
819 3403 899 3470 meis,
923 3423 953 3456 ex
971 3423 1085 3476 quarum
1116 3407 1318 3478 comparatione
1337 3407 1369 3459 il-

249 3532 253 3539 .
319 3491 364 3545 lud
385 3501 473 3544 tamen
493 3489 630 3543 commodi
649 3491 725 3561 cepi,
755 3502 798 3555 ut,
830 3511 900 3563 quae
930 3490 1011 3545 altera
1035 3511 1232 3565 nonnunquam
1260 3493 1369 3548 liaberet

319 3597 463 3651 operarum
482 3596 574 3630 errore
593 3577 751 3650 depravata,
779 3578 861 3632 altera
882 3579 1016 3632 exhiberet
1040 3578 1105 3632 mibi
1123 3580 1226 3633 mendis
1245 3602 1326 3636 vacua
1345 3594 1369 3634 et

320 3675 449 3718 correcta.
485 3663 569 3716 Erant
588 3664 669 3734 igitur
686 3665 714 3716 in
734 3664 866 3717 manibus.

320 3788 345 3822 a.
380 3766 429 3819 Ed.
448 3766 672 3820 Ascensiana.
699 3768 745 3821 lV.
765 3767 835 3822 Voll.
857 3768 875 3821 l.
895 3789 930 3822 ni.
950 3771 1069 3837 Parisiis,
1089 3776 1171 3828 1511:
1191 3773 1224 3826 de
1247 3795 1299 3847 qua
1320 3774 1366 3826 rid.

390 3852 485 3908 Orellii
505 3852 646 3909 Onomast.
662 3854 779 3909 Tullian.
797 3856 830 3911 T.
847 3856 865 3911 l.
886 3878 911 3930 p.
930 3862 991 3913 tut.

308 3943 346 3996 b.
383 3941 433 3995 Ed.
452 3939 699 4012 Cratandrina.
719 3944 764 3996 lV.
782 3944 881 3999 vottf.
900 3965 935 4001 m.
955 3945 1087 4014 Basileae,
1108 3952 1186 4003 1528.
1204 3947 1367 4019 Vid.0rellii

389 4026 530 4082 Onomast.
549 4030 566 4082 l.
586 4051 608 4084 c.
627 4051 653 4104 p.
672 4035 732 4085 198.

390 4282 413 4348 ⁸)
431 4284 552 4357 Utraque
571 4270 636 4340 haec
655 4288 735 4341 editio
761 4290 821 4344 ideo
847 4292 927 4345 etiam
947 4291 979 4343 ad
999 4292 1117 4345 criticam
1143 4295 1275 4347 rationem
1296 4293 1366 4348 omni

319 4354 475 4408 auctoritate
493 4368 574 4423 caret,
595 4358 666 4429 quia,
686 4360 749 4432 quid
762 4360 895 4416 Codicum
915 4363 1074 4429 auctoritati,
1095 4365 1158 4435 quid
1173 4367 1368 4421 correctoribus

318 4420 461 4494 debeatur,
480 4447 535 4481 uon
555 4443 673 4500 apparet.
