<?xml version="1.0" encoding="UTF-8"?>
<!DOCTYPE html PUBLIC "-//W3C//DTD XHTML 1.0 Transitional//EN"
    "http://www.w3.org/TR/xhtml1/DTD/xhtml1-transitional.dtd">
<html xmlns="http://www.w3.org/1999/xhtml" xml:lang="en" lang="en">
 <head>
  <title>
</title>
<meta http-equiv="Content-Type" content="text/html;charset=utf-8" />
  <meta name='ocr-system' content='tesseract 3.04.00' />
  <meta name='ocr-capabilities' content='ocr_page ocr_carea ocr_par ocr_line ocrx_word'/>
</head>
<body>
  <div class='ocr_page' id='page_1' title='image "./paradoxa00wyttgoog_0185.png"; bbox 0 0 3450 5342; ppageno 0'>
   <div class='ocr_carea' id='block_1_1' title="bbox 662 687 1390 761">
    <p class='ocr_par' dir='ltr' id='par_1_1' title="bbox 662 687 1390 761">
     <span class='ocr_line' id='line_1_1' title="bbox 662 687 1390 761; baseline 0.018 -13"><span class='ocrx_word' id='word_1_1' title='bbox 662 702 860 750; x_wconf 81' lang='grc' dir='ltr'><strong><em>ιιιιιιιοιιοιι</em></strong></span> <span class='ocrx_word' id='word_1_2' title='bbox 885 703 934 749; x_wconf 92' lang='grc' dir='ltr'>ιιι.</span> <span class='ocrx_word' id='word_1_3' title='bbox 959 703 1028 751; x_wconf 71' lang='grc' dir='ltr'><strong><em>ιιι».</em></strong></span> <span class='ocrx_word' id='word_1_4' title='bbox 1046 707 1068 751; x_wconf 91' lang='grc' dir='ltr'>ι.</span> <span class='ocrx_word' id='word_1_5' title='bbox 1318 687 1390 761; x_wconf 89' lang='grc'>117</span> 
     </span>
    </p>
   </div>
   <div class='ocr_carea' id='block_1_2' title="bbox 320 857 1390 4521">
    <p class='ocr_par' dir='ltr' id='par_1_2' title="bbox 320 857 1390 2503">
     <span class='ocr_line' id='line_1_2' title="bbox 333 857 1388 932; baseline 0.007 -16"><span class='ocrx_word' id='word_1_6' title='bbox 333 882 394 916; x_wconf 88' lang='lat' dir='ltr'>cam</span> <span class='ocrx_word' id='word_1_7' title='bbox 413 860 613 932; x_wconf 67' lang='lat' dir='ltr'>inscriptionem</span> <span class='ocrx_word' id='word_1_8' title='bbox 638 879 667 912; x_wconf 84' lang='lat' dir='ltr'>ex</span> <span class='ocrx_word' id='word_1_9' title='bbox 686 857 772 914; x_wconf 90' lang='lat' dir='ltr'>Codd.</span> <span class='ocrx_word' id='word_1_10' title='bbox 797 862 896 914; x_wconf 88' lang='lat' dir='ltr'>uostris</span> <span class='ocrx_word' id='word_1_11' title='bbox 919 860 999 915; x_wconf 89' lang='lat' dir='ltr'>habet</span> <span class='ocrx_word' id='word_1_12' title='bbox 1016 861 1115 914; x_wconf 88' lang='lat' dir='ltr'>nullus.</span> <span class='ocrx_word' id='word_1_13' title='bbox 1161 861 1231 917; x_wconf 88' lang='lat' dir='ltr'>Editi</span> <span class='ocrx_word' id='word_1_14' title='bbox 1255 865 1315 920; x_wconf 92' lang='lat' dir='ltr'>libri</span> <span class='ocrx_word' id='word_1_15' title='bbox 1343 891 1388 924; x_wconf 88' lang='lat' dir='ltr'>va·</span> 
     </span>
     <span class='ocr_line' id='line_1_3' title="bbox 335 947 1387 1011; baseline 0.007 -10"><span class='ocrx_word' id='word_1_16' title='bbox 335 951 414 1003; x_wconf 88' lang='lat' dir='ltr'>riant.</span> <span class='ocrx_word' id='word_1_17' title='bbox 432 949 500 1003; x_wconf 88' lang='lat' dir='ltr'>Edd.</span> <span class='ocrx_word' id='word_1_18' title='bbox 530 950 598 1002; x_wconf 87' lang='lat' dir='ltr'>Ven.</span> <span class='ocrx_word' id='word_1_19' title='bbox 620 950 699 1002; x_wconf 82' lang='grc'><strong>1492.</strong></span> <span class='ocrx_word' id='word_1_20' title='bbox 728 949 809 1001; x_wconf 92' lang='grc'><strong>1514.</strong></span> <span class='ocrx_word' id='word_1_21' title='bbox 835 947 896 1001; x_wconf 82' lang='lat' dir='ltr'>Atd.</span> <span class='ocrx_word' id='word_1_22' title='bbox 922 951 1002 1003; x_wconf 75' lang='grc'><strong>1511.</strong></span> <span class='ocrx_word' id='word_1_23' title='bbox 1027 949 1087 1001; x_wconf 89' lang='lat' dir='ltr'>Par.</span> <span class='ocrx_word' id='word_1_24' title='bbox 1114 951 1194 1002; x_wconf 86' lang='grc'><strong>1512.</strong></span> <span class='ocrx_word' id='word_1_25' title='bbox 1223 949 1290 1006; x_wconf 80' lang='lat' dir='ltr'>Dav.</span> <span class='ocrx_word' id='word_1_26' title='bbox 1308 958 1387 1011; x_wconf 89' lang='grc'><strong>1515.</strong></span> 
     </span>
     <span class='ocr_line' id='line_1_4' title="bbox 334 1035 1388 1108; baseline 0.005 -18"><span class='ocrx_word' id='word_1_27' title='bbox 334 1038 402 1107; x_wconf 80' lang='lat' dir='ltr'>Arg.</span> <span class='ocrx_word' id='word_1_28' title='bbox 421 1040 501 1091; x_wconf 90' lang='grc'><strong>1515.</strong></span> <span class='ocrx_word' id='word_1_29' title='bbox 519 1037 626 1091; x_wconf 67' lang='lat' dir='ltr'>Aerem</span> <span class='ocrx_word' id='word_1_30' title='bbox 645 1037 724 1088; x_wconf 87' lang='grc'><strong>1511.</strong></span> <span class='ocrx_word' id='word_1_31' title='bbox 743 1035 842 1089; x_wconf 86' lang='lat' dir='ltr'>habent</span> <span class='ocrx_word' id='word_1_32' title='bbox 860 1037 938 1090; x_wconf 85' lang='lat' dir='ltr'>rerba</span> <span class='ocrx_word' id='word_1_33' title='bbox 959 1047 1075 1108; x_wconf 89' lang='lat' dir='ltr'>quatuor</span> <span class='ocrx_word' id='word_1_34' title='bbox 1095 1036 1181 1107; x_wconf 84' lang='lat' dir='ltr'>prima</span> <span class='ocrx_word' id='word_1_35' title='bbox 1200 1036 1319 1094; x_wconf 88' lang='lat' dir='ltr'>Graeca:</span> <span class='ocrx_word' id='word_1_36' title='bbox 1338 1041 1388 1095; x_wconf 81' lang='lat' dir='ltr'>La-</span> 
     </span>
     <span class='ocr_line' id='line_1_5' title="bbox 334 1123 1390 1195; baseline 0.003 -17"><span class='ocrx_word' id='word_1_37' title='bbox 334 1126 419 1178; x_wconf 88' lang='lat' dir='ltr'>tinam</span> <span class='ocrx_word' id='word_1_38' title='bbox 438 1123 638 1195; x_wconf 74' lang='lat' dir='ltr'>inscriptionem</span> <span class='ocrx_word' id='word_1_39' title='bbox 657 1141 713 1176; x_wconf 88' lang='lat' dir='ltr'>non</span> <span class='ocrx_word' id='word_1_40' title='bbox 733 1123 840 1178; x_wconf 89' lang='lat' dir='ltr'>habent.</span> <span class='ocrx_word' id='word_1_41' title='bbox 879 1123 978 1177; x_wconf 84' lang='lat' dir='ltr'>Eadem</span> <span class='ocrx_word' id='word_1_42' title='bbox 999 1125 1077 1176; x_wconf 87' lang='lat' dir='ltr'>verba</span> <span class='ocrx_word' id='word_1_43' title='bbox 1097 1124 1217 1189; x_wconf 84' lang='lat' dir='ltr'>Graeca,</span> <span class='ocrx_word' id='word_1_44' title='bbox 1244 1125 1289 1177; x_wconf 86' lang='lat' dir='ltr'>sed</span> <span class='ocrx_word' id='word_1_45' title='bbox 1314 1127 1390 1181; x_wconf 91' lang='lat' dir='ltr'>addi·</span> 
     </span>
     <span class='ocr_line' id='line_1_6' title="bbox 334 1209 1389 1284; baseline 0.005 -22"><span class='ocrx_word' id='word_1_46' title='bbox 334 1211 369 1263; x_wconf 88' lang='lat' dir='ltr'>tis</span> <span class='ocrx_word' id='word_1_47' title='bbox 386 1210 425 1263; x_wconf 92' lang='lat' dir='ltr'>his</span> <span class='ocrx_word' id='word_1_48' title='bbox 444 1210 544 1264; x_wconf 86' lang='lat' dir='ltr'>latinis:</span> <span class='ocrx_word' id='word_1_49' title='bbox 574 1210 712 1281; x_wconf 81' lang='lat' dir='ltr'>Aequalia</span> <span class='ocrx_word' id='word_1_50' title='bbox 738 1228 794 1261; x_wconf 84' lang='lat' dir='ltr'>esse</span> <span class='ocrx_word' id='word_1_51' title='bbox 817 1221 948 1278; x_wconf 80' lang='lat' dir='ltr'>peccata,</span> <span class='ocrx_word' id='word_1_52' title='bbox 975 1211 1097 1264; x_wconf 79' lang='lat' dir='ltr'>exhibent</span> <span class='ocrx_word' id='word_1_53' title='bbox 1126 1210 1194 1263; x_wconf 85' lang='lat' dir='ltr'>Edd.</span> <span class='ocrx_word' id='word_1_54' title='bbox 1218 1209 1280 1264; x_wconf 88' lang='lat' dir='ltr'>Car.</span> <span class='ocrx_word' id='word_1_55' title='bbox 1299 1211 1389 1284; x_wconf 81' lang='lat' dir='ltr'>Steph.</span> 
     </span>
     <span class='ocr_line' id='line_1_7' title="bbox 335 1297 1390 1353; baseline 0.002 -2"><span class='ocrx_word' id='word_1_56' title='bbox 335 1298 425 1352; x_wconf 88' lang='lat' dir='ltr'>Herw.</span> <span class='ocrx_word' id='word_1_57' title='bbox 444 1297 519 1352; x_wconf 86' lang='lat' dir='ltr'>Cam.</span> <span class='ocrx_word' id='word_1_58' title='bbox 537 1297 597 1350; x_wconf 82' lang='lat' dir='ltr'>Ald.</span> <span class='ocrx_word' id='word_1_59' title='bbox 615 1300 695 1353; x_wconf 87' lang='grc'><strong>1548.</strong></span> <span class='ocrx_word' id='word_1_60' title='bbox 720 1298 782 1351; x_wconf 89' lang='lat' dir='ltr'>Par.</span> <span class='ocrx_word' id='word_1_61' title='bbox 801 1301 881 1353; x_wconf 80' lang='grc'><strong>1543.</strong></span> <span class='ocrx_word' id='word_1_62' title='bbox 904 1298 984 1352; x_wconf 87' lang='lat' dir='ltr'>Boul.</span> <span class='ocrx_word' id='word_1_63' title='bbox 1006 1297 1108 1351; x_wconf 86' lang='lat' dir='ltr'>Sturm.</span> <span class='ocrx_word' id='word_1_64' title='bbox 1155 1298 1251 1352; x_wconf 89' lang='lat' dir='ltr'>lisdem</span> <span class='ocrx_word' id='word_1_65' title='bbox 1280 1298 1390 1353; x_wconf 89' lang='lat' dir='ltr'>Graecis</span> 
     </span>
     <span class='ocr_line' id='line_1_8' title="bbox 335 1384 1389 1456; baseline 0.005 -20"><span class='ocrx_word' id='word_1_66' title='bbox 335 1385 484 1454; x_wconf 75' lang='lat' dir='ltr'>praemissis</span> <span class='ocrx_word' id='word_1_67' title='bbox 501 1384 593 1438; x_wconf 87' lang='lat' dir='ltr'>Latina</span> <span class='ocrx_word' id='word_1_68' title='bbox 613 1385 680 1439; x_wconf 88' lang='lat' dir='ltr'>haec</span> <span class='ocrx_word' id='word_1_69' title='bbox 699 1384 798 1439; x_wconf 86' lang='lat' dir='ltr'>habent</span> <span class='ocrx_word' id='word_1_70' title='bbox 816 1385 918 1438; x_wconf 87' lang='lat' dir='ltr'>addita:</span> <span class='ocrx_word' id='word_1_71' title='bbox 946 1386 1027 1454; x_wconf 82' lang='lat' dir='ltr'>Quod</span> <span class='ocrx_word' id='word_1_72' title='bbox 1043 1385 1171 1456; x_wconf 84' lang='lat' dir='ltr'>aequalia</span> <span class='ocrx_word' id='word_1_73' title='bbox 1187 1397 1301 1454; x_wconf 85' lang='lat' dir='ltr'>peecata</span> <span class='ocrx_word' id='word_1_74' title='bbox 1322 1387 1389 1441; x_wconf 89' lang='lat' dir='ltr'>Edd.</span> 
     </span>
     <span class='ocr_line' id='line_1_9' title="bbox 328 1471 1385 1545; baseline 0.008 -22"><span class='ocrx_word' id='word_1_75' title='bbox 328 1471 395 1524; x_wconf 81' lang='lat' dir='ltr'>&#39;Ald</span> <span class='ocrx_word' id='word_1_76' title='bbox 413 1476 492 1527; x_wconf 86' lang='grc'><strong>1552.</strong></span> <span class='ocrx_word' id='word_1_77' title='bbox 509 1485 535 1527; x_wconf 96' lang='lat' dir='ltr'>et</span> <span class='ocrx_word' id='word_1_78' title='bbox 553 1471 628 1526; x_wconf 84' lang='lat' dir='ltr'>Crat.</span> <span class='ocrx_word' id='word_1_79' title='bbox 664 1473 759 1544; x_wconf 83' lang='lat' dir='ltr'><strong>Neque</strong></span> <span class='ocrx_word' id='word_1_80' title='bbox 778 1472 913 1527; x_wconf 82' lang='lat' dir='ltr'>Graecam</span> <span class='ocrx_word' id='word_1_81' title='bbox 934 1492 1022 1545; x_wconf 89' lang='lat' dir='ltr'>neque</span> <span class='ocrx_word' id='word_1_82' title='bbox 1041 1473 1164 1525; x_wconf 75' lang='lat' dir='ltr'>Latinam</span> <span class='ocrx_word' id='word_1_83' title='bbox 1182 1474 1385 1545; x_wconf 74' lang='lat' dir='ltr'>inscriptionem</span> 
     </span>
     <span class='ocr_line' id='line_1_10' title="bbox 334 1559 1388 1619; baseline 0.008 -8"><span class='ocrx_word' id='word_1_84' title='bbox 334 1560 433 1613; x_wconf 86' lang='lat' dir='ltr'>habent</span> <span class='ocrx_word' id='word_1_85' title='bbox 454 1560 522 1612; x_wconf 85' lang='lat' dir='ltr'>Edd.</span> <span class='ocrx_word' id='word_1_86' title='bbox 548 1559 628 1613; x_wconf 86' lang='lat' dir='ltr'>Hdlb.</span> <span class='ocrx_word' id='word_1_87' title='bbox 653 1581 672 1614; x_wconf 91' lang='lat' dir='ltr'>s.</span> <span class='ocrx_word' id='word_1_88' title='bbox 691 1561 708 1612; x_wconf 88' lang='lat' dir='ltr'>l.</span> <span class='ocrx_word' id='word_1_89' title='bbox 734 1572 803 1615; x_wconf 89' lang='lat' dir='ltr'>eta.</span> <span class='ocrx_word' id='word_1_90' title='bbox 830 1572 856 1615; x_wconf 89' lang='lat' dir='ltr'>et</span> <span class='ocrx_word' id='word_1_91' title='bbox 874 1563 935 1616; x_wconf 88' lang='lat' dir='ltr'>Par.</span> <span class='ocrx_word' id='word_1_92' title='bbox 954 1583 973 1615; x_wconf 88' lang='lat' dir='ltr'>s.</span> <span class='ocrx_word' id='word_1_93' title='bbox 993 1581 1017 1616; x_wconf 92' lang='lat' dir='ltr'>a.</span> <span class='ocrx_word' id='word_1_94' title='bbox 1043 1561 1143 1614; x_wconf 85' lang='lat' dir='ltr'>Latinis</span> <span class='ocrx_word' id='word_1_95' title='bbox 1168 1559 1249 1614; x_wconf 88' lang='lat' dir='ltr'>literis</span> <span class='ocrx_word' id='word_1_96' title='bbox 1273 1577 1388 1619; x_wconf 80' lang='lat' dir='ltr'>exaratas</span> 
     </span>
     <span class='ocr_line' id='line_1_11' title="bbox 334 1647 1387 1719; baseline 0.004 -20"><span class='ocrx_word' id='word_1_97' title='bbox 334 1647 433 1702; x_wconf 85' lang='lat' dir='ltr'>habent</span> <span class='ocrx_word' id='word_1_98' title='bbox 451 1648 570 1700; x_wconf 85' lang='lat' dir='ltr'>Graecas</span> <span class='ocrx_word' id='word_1_99' title='bbox 592 1649 653 1700; x_wconf 88' lang='lat' dir='ltr'>Par.</span> <span class='ocrx_word' id='word_1_100' title='bbox 673 1651 753 1702; x_wconf 73' lang='grc'><strong>1501.</strong></span> <span class='ocrx_word' id='word_1_101' title='bbox 778 1649 1012 1719; x_wconf 80' lang='lat' dir='ltr'>erLugd.1515:</span> <span class='ocrx_word' id='word_1_102' title='bbox 1045 1647 1102 1700; x_wconf 86' lang='lat' dir='ltr'>illa:</span> <span class='ocrx_word' id='word_1_103' title='bbox 1130 1647 1169 1698; x_wconf 84' lang='lat' dir='ltr'>oti</span> <span class='ocrx_word' id='word_1_104' title='bbox 1186 1649 1229 1699; x_wconf 84' lang='lat' dir='ltr'>isa</span> <span class='ocrx_word' id='word_1_105' title='bbox 1246 1659 1277 1699; x_wconf 85' lang='lat' dir='ltr'>ta</span> <span class='ocrx_word' id='word_1_106' title='bbox 1296 1669 1387 1703; x_wconf 80' lang='lat' dir='ltr'>nmor-</span> 
     </span>
     <span class='ocr_line' id='line_1_12' title="bbox 333 1734 1387 1808; baseline 0.008 -25"><span class='ocrx_word' id='word_1_107' title='bbox 333 1745 452 1797; x_wconf 77' lang='lat' dir='ltr'>remuta,</span> <span class='ocrx_word' id='word_1_108' title='bbox 470 1734 550 1788; x_wconf 87' lang='lat' dir='ltr'>haec:</span> <span class='ocrx_word' id='word_1_109' title='bbox 576 1735 673 1786; x_wconf 84' lang='lat' dir='ltr'>otiien</span> <span class='ocrx_word' id='word_1_110' title='bbox 692 1744 724 1784; x_wconf 83' lang='lat' dir='ltr'>ta</span> <span class='ocrx_word' id='word_1_111' title='bbox 740 1736 950 1788; x_wconf 78' lang='lat' dir='ltr'>onrurtleemoto.</span> <span class='ocrx_word' id='word_1_112' title='bbox 995 1735 1059 1789; x_wconf 90' lang='lat' dir='ltr'>Sola</span> <span class='ocrx_word' id='word_1_113' title='bbox 1086 1745 1175 1788; x_wconf 89' lang='lat' dir='ltr'>nostra</span> <span class='ocrx_word' id='word_1_114' title='bbox 1201 1735 1269 1789; x_wconf 84' lang='lat' dir='ltr'>liob.</span> <span class='ocrx_word' id='word_1_115' title='bbox 1296 1736 1387 1808; x_wconf 87' lang='lat' dir='ltr'>Steph.</span> 
     </span>
     <span class='ocr_line' id='line_1_13' title="bbox 333 1819 1389 1894; baseline 0.005 -23"><span class='ocrx_word' id='word_1_116' title='bbox 333 1823 476 1891; x_wconf 84' lang='lat' dir='ltr'>(quaeest</span> <span class='ocrx_word' id='word_1_117' title='bbox 500 1819 618 1891; x_wconf 88' lang='lat' dir='ltr'>aequalis</span> <span class='ocrx_word' id='word_1_118' title='bbox 636 1819 820 1888; x_wconf 83' lang='lat' dir='ltr'>victorianae)</span> <span class='ocrx_word' id='word_1_119' title='bbox 845 1822 934 1877; x_wconf 87' lang='lat' dir='ltr'>addita</span> <span class='ocrx_word' id='word_1_120' title='bbox 957 1821 1036 1876; x_wconf 87' lang='lat' dir='ltr'>habet</span> <span class='ocrx_word' id='word_1_121' title='bbox 1059 1822 1137 1874; x_wconf 86' lang='lat' dir='ltr'>verba</span> <span class='ocrx_word' id='word_1_122' title='bbox 1165 1827 1210 1873; x_wconf 78' lang='grc' dir='ltr'>καὶ</span> <span class='ocrx_word' id='word_1_123' title='bbox 1232 1819 1267 1874; x_wconf 77' lang='lat' dir='ltr'>eci</span> <span class='ocrx_word' id='word_1_124' title='bbox 1292 1845 1389 1894; x_wconf 77' lang='grc' dir='ltr'><strong><em>κατη-</em></strong></span> 
     </span>
     <span class='ocr_line' id='line_1_14' title="bbox 333 1904 1389 1981; baseline 0.005 -22"><span class='ocrx_word' id='word_1_125' title='bbox 333 1904 534 1977; x_wconf 73' lang='grc' dir='ltr'><em>γορήματα,</em></span> <span class='ocrx_word' id='word_1_126' title='bbox 554 1908 626 1960; x_wconf 89' lang='lat' dir='ltr'>nulla</span> <span class='ocrx_word' id='word_1_127' title='bbox 646 1907 733 1960; x_wconf 86' lang='lat' dir='ltr'>addita</span> <span class='ocrx_word' id='word_1_128' title='bbox 753 1909 927 1961; x_wconf 79' lang='lat' dir='ltr'>conversione</span> <span class='ocrx_word' id='word_1_129' title='bbox 947 1908 1053 1974; x_wconf 88' lang='lat' dir='ltr'>Latina,</span> <span class='ocrx_word' id='word_1_130' title='bbox 1080 1927 1148 1979; x_wconf 92' lang='lat' dir='ltr'>quae</span> <span class='ocrx_word' id='word_1_131' title='bbox 1174 1908 1283 1981; x_wconf 92' lang='lat' dir='ltr'>reliquis</span> <span class='ocrx_word' id='word_1_132' title='bbox 1301 1921 1389 1964; x_wconf 68' lang='lat' dir='ltr'>umen</span> 
     </span>
     <span class='ocr_line' id='line_1_15' title="bbox 335 1994 1389 2069; baseline 0.006 -23"><span class='ocrx_word' id='word_1_133' title='bbox 335 1994 457 2066; x_wconf 89' lang='lat' dir='ltr'>quinque</span> <span class='ocrx_word' id='word_1_134' title='bbox 474 1995 618 2047; x_wconf 83' lang='lat' dir='ltr'>Paradoxis</span> <span class='ocrx_word' id='word_1_135' title='bbox 635 1995 735 2048; x_wconf 85' lang='lat' dir='ltr'>adiecta</span> <span class='ocrx_word' id='word_1_136' title='bbox 752 2007 799 2052; x_wconf 83' lang='lat' dir='ltr'>est.</span> <span class='ocrx_word' id='word_1_137' title='bbox 834 1995 965 2067; x_wconf 87' lang='lat' dir='ltr'>Reliquae</span> <span class='ocrx_word' id='word_1_138' title='bbox 984 1995 1052 2049; x_wconf 85' lang='lat' dir='ltr'>Edd.</span> <span class='ocrx_word' id='word_1_139' title='bbox 1073 2015 1165 2069; x_wconf 82' lang='lat' dir='ltr'>omnes</span> <span class='ocrx_word' id='word_1_140' title='bbox 1193 1996 1256 2051; x_wconf 90' lang='lat' dir='ltr'>inde</span> <span class='ocrx_word' id='word_1_141' title='bbox 1275 2019 1289 2052; x_wconf 91' lang='lat' dir='ltr'>a</span> <span class='ocrx_word' id='word_1_142' title='bbox 1308 2000 1389 2052; x_wconf 88' lang='lat' dir='ltr'>Lam-</span> 
     </span>
     <span class='ocr_line' id='line_1_16' title="bbox 334 2082 1388 2155; baseline 0.006 -22"><span class='ocrx_word' id='word_1_143' title='bbox 334 2083 451 2148; x_wconf 87' lang='lat' dir='ltr'>biniaua,</span> <span class='ocrx_word' id='word_1_144' title='bbox 471 2083 612 2136; x_wconf 88' lang='lat' dir='ltr'>nobiscum</span> <span class='ocrx_word' id='word_1_145' title='bbox 631 2083 741 2137; x_wconf 82' lang='lat' dir='ltr'>faciunt.</span> <span class='ocrx_word' id='word_1_146' title='bbox 777 2083 850 2136; x_wconf 84' lang='lat' dir='ltr'>Loco</span> <span class='ocrx_word' id='word_1_147' title='bbox 870 2083 1048 2155; x_wconf 86' lang='lat' dir='ltr'>inscriptionis</span> <span class='ocrx_word' id='word_1_148' title='bbox 1059 2082 1169 2137; x_wconf 88' lang='lat' dir='ltr'>Latinae</span> <span class='ocrx_word' id='word_1_149' title='bbox 1186 2084 1213 2136; x_wconf 92' lang='lat' dir='ltr'>in</span> <span class='ocrx_word' id='word_1_150' title='bbox 1234 2084 1301 2138; x_wconf 87' lang='lat' dir='ltr'>cod.</span> <span class='ocrx_word' id='word_1_151' title='bbox 1318 2085 1388 2139; x_wconf 88' lang='lat' dir='ltr'>Sue-</span> 
     </span>
     <span class='ocr_line' id='line_1_17' title="bbox 335 2171 1386 2242; baseline 0.003 -20"><span class='ocrx_word' id='word_1_152' title='bbox 335 2172 389 2224; x_wconf 88' lang='lat' dir='ltr'>rin.</span> <span class='ocrx_word' id='word_1_153' title='bbox 408 2184 458 2225; x_wconf 89' lang='lat' dir='ltr'>est:</span> <span class='ocrx_word' id='word_1_154' title='bbox 485 2177 580 2224; x_wconf 82' lang='lat' dir='ltr'>Parva</span> <span class='ocrx_word' id='word_1_155' title='bbox 606 2173 696 2242; x_wconf 79' lang='lat' dir='ltr'>inquit</span> <span class='ocrx_word' id='word_1_156' title='bbox 714 2182 755 2222; x_wconf 80' lang='lat' dir='ltr'>est</span> <span class='ocrx_word' id='word_1_157' title='bbox 782 2181 814 2222; x_wconf 84' lang='lat' dir='ltr'>ut</span> <span class='ocrx_word' id='word_1_158' title='bbox 833 2190 933 2242; x_wconf 66' lang='lat' dir='ltr'>stangno</span> <span class='ocrx_word' id='word_1_159' title='bbox 961 2172 1056 2240; x_wconf 83' lang='lat' dir='ltr'>culpa,</span> <span class='ocrx_word' id='word_1_160' title='bbox 1084 2171 1111 2224; x_wconf 91' lang='lat' dir='ltr'>in</span> <span class='ocrx_word' id='word_1_161' title='bbox 1132 2173 1189 2224; x_wconf 81' lang='lat' dir='ltr'>Cra.</span> <span class='ocrx_word' id='word_1_162' title='bbox 1209 2175 1234 2225; x_wconf 86' lang='lat'>1.</span> <span class='ocrx_word' id='word_1_163' title='bbox 1254 2191 1269 2224; x_wconf 90' lang='lat' dir='ltr'>a</span> <span class='ocrx_word' id='word_1_164' title='bbox 1290 2192 1330 2242; x_wconf 87' lang='lat' dir='ltr'>pr.</span> <span class='ocrx_word' id='word_1_165' title='bbox 1351 2193 1386 2229; x_wconf 91' lang='lat' dir='ltr'>m.</span> 
     </span>
     <span class='ocr_line' id='line_1_18' title="bbox 336 2258 1388 2330; baseline 0.003 -19"><span class='ocrx_word' id='word_1_166' title='bbox 336 2270 390 2312; x_wconf 86' lang='lat' dir='ltr'>est:</span> <span class='ocrx_word' id='word_1_167' title='bbox 407 2260 519 2312; x_wconf 83' lang='lat' dir='ltr'>Dolores</span> <span class='ocrx_word' id='word_1_168' title='bbox 539 2279 592 2312; x_wconf 81' lang='lat' dir='ltr'>non</span> <span class='ocrx_word' id='word_1_169' title='bbox 609 2277 665 2311; x_wconf 84' lang='lat' dir='ltr'>esse</span> <span class='ocrx_word' id='word_1_170' title='bbox 676 2258 866 2329; x_wconf 72' lang='lat' dir='ltr'>soroddandus</span> <span class='ocrx_word' id='word_1_171' title='bbox 879 2259 1094 2310; x_wconf 78' lang='lat' dir='ltr'>demonstratur:</span> <span class='ocrx_word' id='word_1_172' title='bbox 1112 2259 1209 2330; x_wconf 88' lang='lat' dir='ltr'>quibus</span> <span class='ocrx_word' id='word_1_173' title='bbox 1220 2258 1312 2313; x_wconf 85' lang='lat' dir='ltr'>deletis</span> <span class='ocrx_word' id='word_1_174' title='bbox 1323 2259 1388 2314; x_wconf 91' lang='lat' dir='ltr'>haec</span> 
     </span>
     <span class='ocr_line' id='line_1_19' title="bbox 320 2346 1388 2418; baseline -0.002 -18"><span class='ocrx_word' id='word_1_175' title='bbox 320 2347 445 2407; x_wconf 79' lang='lat' dir='ltr'>⁴additur</span> <span class='ocrx_word' id='word_1_176' title='bbox 463 2346 616 2418; x_wconf 84' lang='lat' dir='ltr'>inscriptio:</span> <span class='ocrx_word' id='word_1_177' title='bbox 641 2348 721 2415; x_wconf 80' lang='lat' dir='ltr'>Quod</span> <span class='ocrx_word' id='word_1_178' title='bbox 736 2357 849 2415; x_wconf 80' lang='lat' dir='ltr'>peccatu</span> <span class='ocrx_word' id='word_1_179' title='bbox 868 2366 920 2398; x_wconf 85' lang='lat' dir='ltr'>non</span> <span class='ocrx_word' id='word_1_180' title='bbox 938 2359 1003 2398; x_wconf 82' lang='lat' dir='ltr'>sunt</span> <span class='ocrx_word' id='word_1_181' title='bbox 1020 2347 1153 2399; x_wconf 84' lang='lat' dir='ltr'>metienda</span> <span class='ocrx_word' id='word_1_182' title='bbox 1176 2357 1272 2398; x_wconf 82' lang='lat' dir='ltr'>eventu</span> <span class='ocrx_word' id='word_1_183' title='bbox 1292 2366 1388 2410; x_wconf 86' lang='lat' dir='ltr'>rerum,</span> 
     </span>
     <span class='ocr_line' id='line_1_20' title="bbox 336 2432 1368 2503; baseline 0.003 -18"><span class='ocrx_word' id='word_1_184' title='bbox 336 2435 386 2485; x_wconf 82' lang='lat' dir='ltr'>sed</span> <span class='ocrx_word' id='word_1_185' title='bbox 399 2435 473 2486; x_wconf 77' lang='lat' dir='ltr'>vitiis</span> <span class='ocrx_word' id='word_1_186' title='bbox 492 2435 633 2486; x_wconf 70' lang='lat' dir='ltr'>leominum.</span> <span class='ocrx_word' id='word_1_187' title='bbox 653 2432 712 2486; x_wconf 81' lang='lat' dir='ltr'>Cre.</span> <span class='ocrx_word' id='word_1_188' title='bbox 732 2439 756 2487; x_wconf 86' lang='lat'>2.</span> <span class='ocrx_word' id='word_1_189' title='bbox 772 2433 866 2488; x_wconf 84' lang='lat' dir='ltr'>habet:</span> <span class='ocrx_word' id='word_1_190' title='bbox 884 2435 980 2486; x_wconf 82' lang='lat' dir='ltr'>Omnia</span> <span class='ocrx_word' id='word_1_191' title='bbox 996 2445 1109 2503; x_wconf 83' lang='lat' dir='ltr'>peccota</span> <span class='ocrx_word' id='word_1_192' title='bbox 1126 2453 1183 2486; x_wconf 84' lang='lat' dir='ltr'>esse</span> <span class='ocrx_word' id='word_1_193' title='bbox 1198 2435 1289 2503; x_wconf 82' lang='lat' dir='ltr'>pario.</span> <span class='ocrx_word' id='word_1_194' title='bbox 1309 2435 1368 2488; x_wconf 87' lang='lat' dir='ltr'>Mr.</span> 
     </span>
    </p>

    <p class='ocr_par' dir='ltr' id='par_1_3' title="bbox 333 2517 1389 3641">
     <span class='ocr_line' id='line_1_21' title="bbox 402 2517 1387 2592; baseline 0 -18"><span class='ocrx_word' id='word_1_195' title='bbox 402 2517 468 2574; x_wconf 69' lang='lat' dir='ltr'>“on</span> <span class='ocrx_word' id='word_1_196' title='bbox 491 2527 534 2575; x_wconf 75' lang='grc' dir='ltr'>ἴσα</span> <span class='ocrx_word' id='word_1_197' title='bbox 560 2520 595 2573; x_wconf 71' lang='grc' dir='ltr'>ια’</span> <span class='ocrx_word' id='word_1_198' title='bbox 613 2550 647 2561; x_wconf 92' lang='grc'>-</span> <span class='ocrx_word' id='word_1_199' title='bbox 667 2519 886 2590; x_wconf 51' lang='grc' dir='ltr'>κατορθώματι]</span> <span class='ocrx_word' id='word_1_200' title='bbox 935 2521 1014 2588; x_wconf 85' lang='lat' dir='ltr'>Quae</span> <span class='ocrx_word' id='word_1_201' title='bbox 1038 2521 1070 2574; x_wconf 88' lang='lat' dir='ltr'>ad</span> <span class='ocrx_word' id='word_1_202' title='bbox 1095 2531 1284 2592; x_wconf 86' lang='lat' dir='ltr'>argumentum</span> <span class='ocrx_word' id='word_1_203' title='bbox 1311 2520 1387 2574; x_wconf 86' lang='lat' dir='ltr'>huius</span> 
     </span>
     <span class='ocr_line' id='line_1_22' title="bbox 334 2609 1387 2680; baseline 0.001 -18"><span class='ocrx_word' id='word_1_204' title='bbox 334 2610 467 2662; x_wconf 78' lang='lat' dir='ltr'>Paradoxi</span> <span class='ocrx_word' id='word_1_205' title='bbox 485 2611 619 2679; x_wconf 88' lang='lat' dir='ltr'>pertinent</span> <span class='ocrx_word' id='word_1_206' title='bbox 638 2609 724 2661; x_wconf 91' lang='lat' dir='ltr'>variae</span> <span class='ocrx_word' id='word_1_207' title='bbox 743 2610 919 2679; x_wconf 88' lang='lat' dir='ltr'>interpretum</span> <span class='ocrx_word' id='word_1_208' title='bbox 939 2609 1103 2680; x_wconf 89' lang='lat' dir='ltr'>optimorum</span> <span class='ocrx_word' id='word_1_209' title='bbox 1121 2609 1280 2675; x_wconf 87' lang='lat' dir='ltr'>sententiae,</span> <span class='ocrx_word' id='word_1_210' title='bbox 1300 2612 1387 2663; x_wconf 86' lang='lat' dir='ltr'>casin</span> 
     </span>
     <span class='ocr_line' id='line_1_23' title="bbox 333 2695 1388 2767; baseline 0.004 -19"><span class='ocrx_word' id='word_1_211' title='bbox 333 2701 490 2748; x_wconf 71' lang='lat' dir='ltr'>Exn-ursum</span> <span class='ocrx_word' id='word_1_212' title='bbox 508 2696 641 2749; x_wconf 89' lang='lat' dir='ltr'>coniicere</span> <span class='ocrx_word' id='word_1_213' title='bbox 660 2695 744 2747; x_wconf 82' lang='lat' dir='ltr'>visum</span> <span class='ocrx_word' id='word_1_214' title='bbox 762 2705 800 2757; x_wconf 86' lang='lat' dir='ltr'>est</span> <span class='ocrx_word' id='word_1_215' title='bbox 818 2696 955 2766; x_wconf 84' lang='lat' dir='ltr'>quintum,</span> <span class='ocrx_word' id='word_1_216' title='bbox 975 2716 1008 2748; x_wconf 86' lang='lat' dir='ltr'>ne</span> <span class='ocrx_word' id='word_1_217' title='bbox 1027 2697 1165 2750; x_wconf 88' lang='lat' dir='ltr'>annotatio</span> <span class='ocrx_word' id='word_1_218' title='bbox 1176 2698 1231 2767; x_wconf 86' lang='lat' dir='ltr'>ipsa</span> <span class='ocrx_word' id='word_1_219' title='bbox 1242 2696 1388 2752; x_wconf 88' lang='lat' dir='ltr'>interrum-</span> 
     </span>
     <span class='ocr_line' id='line_1_24' title="bbox 335 2783 1389 2858; baseline -0.002 -20"><span class='ocrx_word' id='word_1_220' title='bbox 335 2797 426 2858; x_wconf 90' lang='lat' dir='ltr'>patur.</span> <span class='ocrx_word' id='word_1_221' title='bbox 471 2785 512 2838; x_wconf 77' lang='lat' dir='ltr'>Ad</span> <span class='ocrx_word' id='word_1_222' title='bbox 537 2783 740 2855; x_wconf 87' lang='lat' dir='ltr'>inscriptionem</span> <span class='ocrx_word' id='word_1_223' title='bbox 760 2802 822 2835; x_wconf 86' lang='lat' dir='ltr'>vero</span> <span class='ocrx_word' id='word_1_224' title='bbox 841 2783 911 2836; x_wconf 86' lang='lat' dir='ltr'>hanc</span> <span class='ocrx_word' id='word_1_225' title='bbox 931 2783 1053 2837; x_wconf 86' lang='lat' dir='ltr'>addimus</span> <span class='ocrx_word' id='word_1_226' title='bbox 1071 2784 1216 2837; x_wconf 85' lang='lat' dir='ltr'>Camerarii</span> <span class='ocrx_word' id='word_1_227' title='bbox 1236 2785 1389 2837; x_wconf 81' lang='lat' dir='ltr'>annotatio·</span> 
     </span>
     <span class='ocr_line' id='line_1_25' title="bbox 336 2867 1387 2942; baseline -0.005 -16"><span class='ocrx_word' id='word_1_228' title='bbox 336 2891 413 2926; x_wconf 90' lang='lat' dir='ltr'>nem:</span> <span class='ocrx_word' id='word_1_229' title='bbox 431 2870 481 2937; x_wconf 93' lang='lat' dir='ltr'>„ln</span> <span class='ocrx_word' id='word_1_230' title='bbox 500 2871 609 2924; x_wconf 86' lang='lat' dir='ltr'>Venetis</span> <span class='ocrx_word' id='word_1_231' title='bbox 635 2870 742 2923; x_wconf 84' lang='lat' dir='ltr'>additur</span> <span class='ocrx_word' id='word_1_232' title='bbox 760 2872 832 2941; x_wconf 89' lang='lat' dir='ltr'>(post</span> <span class='ocrx_word' id='word_1_233' title='bbox 852 2891 943 2924; x_wconf 88' lang='lat' dir='ltr'>vocem</span> <span class='ocrx_word' id='word_1_234' title='bbox 963 2867 1154 2942; x_wconf 79' lang='grc' dir='ltr'><em>ἁμαρτήματα)</em></span> <span class='ocrx_word' id='word_1_235' title='bbox 1173 2876 1217 2923; x_wconf 82' lang='grc' dir='ltr'>καὶ</span> <span class='ocrx_word' id='word_1_236' title='bbox 1241 2868 1387 2940; x_wconf 75' lang='grc' dir='ltr'><em>κατηγορή-</em></span> 
     </span>
     <span class='ocr_line' id='line_1_26' title="bbox 335 2958 1388 3031; baseline 0.002 -21"><span class='ocrx_word' id='word_1_237' title='bbox 335 2979 417 3021; x_wconf 78' lang='grc' dir='ltr'><strong>ματα.</strong></span> <span class='ocrx_word' id='word_1_238' title='bbox 459 2958 493 3011; x_wconf 88' lang='lat' dir='ltr'>Et</span> <span class='ocrx_word' id='word_1_239' title='bbox 511 2958 656 3011; x_wconf 86' lang='lat' dir='ltr'>disseruere</span> <span class='ocrx_word' id='word_1_240' title='bbox 684 2958 792 3028; x_wconf 90' lang='lat' dir='ltr'>quidem</span> <span class='ocrx_word' id='word_1_241' title='bbox 818 2958 851 3010; x_wconf 90' lang='lat' dir='ltr'>de</span> <span class='ocrx_word' id='word_1_242' title='bbox 878 2958 918 3012; x_wconf 87' lang='lat' dir='ltr'>his</span> <span class='ocrx_word' id='word_1_243' title='bbox 937 2979 1045 3031; x_wconf 92' lang='lat' dir='ltr'>quoque</span> <span class='ocrx_word' id='word_1_244' title='bbox 1070 2959 1169 3026; x_wconf 84' lang='lat' dir='ltr'>Stoici,</span> <span class='ocrx_word' id='word_1_245' title='bbox 1199 2960 1233 3012; x_wconf 87' lang='lat' dir='ltr'>ita</span> <span class='ocrx_word' id='word_1_246' title='bbox 1260 2971 1288 3013; x_wconf 91' lang='lat' dir='ltr'>ut</span> <span class='ocrx_word' id='word_1_247' title='bbox 1313 2978 1388 3012; x_wconf 80' lang='lat' dir='ltr'>exae-</span> 
     </span>
     <span class='ocr_line' id='line_1_27' title="bbox 336 3045 1387 3119; baseline 0.003 -21"><span class='ocrx_word' id='word_1_248' title='bbox 336 3065 421 3118; x_wconf 89' lang='lat' dir='ltr'>quare</span> <span class='ocrx_word' id='word_1_249' title='bbox 438 3047 509 3100; x_wconf 89' lang='lat' dir='ltr'>inter</span> <span class='ocrx_word' id='word_1_250' title='bbox 526 3066 554 3099; x_wconf 89' lang='lat' dir='ltr'>se</span> <span class='ocrx_word' id='word_1_251' title='bbox 563 3046 723 3100; x_wconf 83' lang='lat' dir='ltr'>riderentur.</span> <span class='ocrx_word' id='word_1_252' title='bbox 759 3045 832 3100; x_wconf 86' lang='lat' dir='ltr'>llaec</span> <span class='ocrx_word' id='word_1_253' title='bbox 848 3057 937 3099; x_wconf 92' lang='lat' dir='ltr'>autem</span> <span class='ocrx_word' id='word_1_254' title='bbox 953 3058 1027 3112; x_wconf 83' lang='lat' dir='ltr'>sunt,</span> <span class='ocrx_word' id='word_1_255' title='bbox 1049 3066 1117 3118; x_wconf 84' lang='lat' dir='ltr'>quae</span> <span class='ocrx_word' id='word_1_256' title='bbox 1129 3067 1293 3119; x_wconf 86' lang='lat' dir='ltr'>quocunque</span> <span class='ocrx_word' id='word_1_257' title='bbox 1306 3048 1387 3101; x_wconf 89' lang='lat' dir='ltr'>modo</span> 
     </span>
     <span class='ocr_line' id='line_1_28' title="bbox 336 3134 1388 3207; baseline -0.003 -18"><span class='ocrx_word' id='word_1_258' title='bbox 336 3138 370 3189; x_wconf 89' lang='lat' dir='ltr'>de</span> <span class='ocrx_word' id='word_1_259' title='bbox 388 3135 475 3206; x_wconf 89' lang='lat' dir='ltr'>aliqua</span> <span class='ocrx_word' id='word_1_260' title='bbox 494 3155 524 3187; x_wconf 88' lang='lat' dir='ltr'>re</span> <span class='ocrx_word' id='word_1_261' title='bbox 543 3135 685 3200; x_wconf 89' lang='lat' dir='ltr'>dicuntur,</span> <span class='ocrx_word' id='word_1_262' title='bbox 701 3146 729 3187; x_wconf 92' lang='lat' dir='ltr'>ut</span> <span class='ocrx_word' id='word_1_263' title='bbox 749 3134 951 3204; x_wconf 89' lang='lat' dir='ltr'>pronuntiatum</span> <span class='ocrx_word' id='word_1_264' title='bbox 973 3136 1135 3207; x_wconf 84' lang='lat' dir='ltr'>perficiatur.</span> <span class='ocrx_word' id='word_1_265' title='bbox 1182 3135 1310 3204; x_wconf 83' lang='lat' dir='ltr'>Quamvis</span> <span class='ocrx_word' id='word_1_266' title='bbox 1337 3135 1388 3207; x_wconf 88' lang='lat' dir='ltr'>igi·</span> 
     </span>
     <span class='ocr_line' id='line_1_29' title="bbox 336 3222 1386 3294; baseline -0.001 -17"><span class='ocrx_word' id='word_1_267' title='bbox 336 3237 382 3277; x_wconf 89' lang='lat' dir='ltr'>tur</span> <span class='ocrx_word' id='word_1_268' title='bbox 400 3222 444 3276; x_wconf 91' lang='lat' dir='ltr'>illa</span> <span class='ocrx_word' id='word_1_269' title='bbox 470 3222 539 3275; x_wconf 77' lang='lat' dir='ltr'>varia</span> <span class='ocrx_word' id='word_1_270' title='bbox 565 3222 630 3285; x_wconf 90' lang='lat' dir='ltr'>sint,</span> <span class='ocrx_word' id='word_1_271' title='bbox 661 3233 750 3275; x_wconf 91' lang='lat' dir='ltr'>tamen</span> <span class='ocrx_word' id='word_1_272' title='bbox 781 3223 838 3293; x_wconf 88' lang='lat' dir='ltr'>pari</span> <span class='ocrx_word' id='word_1_273' title='bbox 858 3223 961 3277; x_wconf 87' lang='lat' dir='ltr'>ratione</span> <span class='ocrx_word' id='word_1_274' title='bbox 983 3224 1073 3277; x_wconf 91' lang='lat' dir='ltr'>omnia</span> <span class='ocrx_word' id='word_1_275' title='bbox 1092 3225 1250 3277; x_wconf 89' lang='lat' dir='ltr'>sententiam</span> <span class='ocrx_word' id='word_1_276' title='bbox 1269 3223 1386 3294; x_wconf 89' lang='lat' dir='ltr'>aliquam</span> 
     </span>
     <span class='ocr_line' id='line_1_30' title="bbox 336 3308 1386 3380; baseline -0.005 -15"><span class='ocrx_word' id='word_1_277' title='bbox 336 3311 492 3365; x_wconf 83' lang='lat' dir='ltr'>absolvunt:</span> <span class='ocrx_word' id='word_1_278' title='bbox 511 3321 541 3362; x_wconf 90' lang='lat' dir='ltr'>ut</span> <span class='ocrx_word' id='word_1_279' title='bbox 558 3309 642 3372; x_wconf 77' lang='lat' dir='ltr'>ridet,</span> <span class='ocrx_word' id='word_1_280' title='bbox 661 3308 756 3373; x_wconf 85' lang='lat' dir='ltr'>sentit,</span> <span class='ocrx_word' id='word_1_281' title='bbox 777 3309 909 3362; x_wconf 82' lang='lat' dir='ltr'>ambulat:</span> <span class='ocrx_word' id='word_1_282' title='bbox 926 3310 1018 3380; x_wconf 86' lang='lat' dir='ltr'>loqui,</span> <span class='ocrx_word' id='word_1_283' title='bbox 1038 3311 1162 3380; x_wconf 85' lang='lat' dir='ltr'>navigare</span> <span class='ocrx_word' id='word_1_284' title='bbox 1180 3310 1207 3361; x_wconf 93' lang='lat' dir='ltr'>in</span> <span class='ocrx_word' id='word_1_285' title='bbox 1227 3309 1321 3378; x_wconf 87' lang='lat' dir='ltr'>pelago</span> <span class='ocrx_word' id='word_1_286' title='bbox 1343 3308 1386 3361; x_wconf 85' lang='lat' dir='ltr'>Si-</span> 
     </span>
     <span class='ocr_line' id='line_1_31' title="bbox 336 3394 1387 3465; baseline -0.007 -12"><span class='ocrx_word' id='word_1_287' title='bbox 336 3399 409 3454; x_wconf 86' lang='lat' dir='ltr'>culo.</span> <span class='ocrx_word' id='word_1_288' title='bbox 445 3396 542 3449; x_wconf 86' lang='lat' dir='ltr'>Cicero</span> <span class='ocrx_word' id='word_1_289' title='bbox 560 3406 648 3448; x_wconf 85' lang='lat' dir='ltr'>tamen</span> <span class='ocrx_word' id='word_1_290' title='bbox 665 3395 718 3448; x_wconf 88' lang='lat' dir='ltr'>hoc</span> <span class='ocrx_word' id='word_1_291' title='bbox 736 3394 798 3446; x_wconf 91' lang='lat' dir='ltr'>loco</span> <span class='ocrx_word' id='word_1_292' title='bbox 817 3396 850 3449; x_wconf 88' lang='lat' dir='ltr'>de</span> <span class='ocrx_word' id='word_1_293' title='bbox 877 3397 917 3449; x_wconf 89' lang='lat' dir='ltr'>his</span> <span class='ocrx_word' id='word_1_294' title='bbox 934 3395 999 3449; x_wconf 87' lang='lat' dir='ltr'>nihil</span> <span class='ocrx_word' id='word_1_295' title='bbox 1021 3396 1169 3448; x_wconf 87' lang='lat' dir='ltr'>disseruit.“</span> <span class='ocrx_word' id='word_1_296' title='bbox 1212 3395 1293 3448; x_wconf 86' lang='lat' dir='ltr'>Vides</span> <span class='ocrx_word' id='word_1_297' title='bbox 1318 3414 1387 3465; x_wconf 90' lang='lat' dir='ltr'>quo·</span> 
     </span>
     <span class='ocr_line' id='line_1_32' title="bbox 336 3481 1387 3552; baseline -0.008 -12"><span class='ocrx_word' id='word_1_298' title='bbox 336 3485 421 3540; x_wconf 90' lang='lat' dir='ltr'>modo</span> <span class='ocrx_word' id='word_1_299' title='bbox 440 3503 467 3535; x_wconf 91' lang='lat' dir='ltr'>se</span> <span class='ocrx_word' id='word_1_300' title='bbox 482 3481 587 3535; x_wconf 89' lang='lat' dir='ltr'>torserit</span> <span class='ocrx_word' id='word_1_301' title='bbox 603 3482 631 3534; x_wconf 91' lang='lat' dir='ltr'>in</span> <span class='ocrx_word' id='word_1_302' title='bbox 650 3481 806 3551; x_wconf 77' lang='lat' dir='ltr'>explicando</span> <span class='ocrx_word' id='word_1_303' title='bbox 834 3483 930 3548; x_wconf 86' lang='lat' dir='ltr'>verbo,</span> <span class='ocrx_word' id='word_1_304' title='bbox 959 3482 1031 3552; x_wconf 87' lang='lat' dir='ltr'>quod</span> <span class='ocrx_word' id='word_1_305' title='bbox 1059 3492 1114 3533; x_wconf 85' lang='lat' dir='ltr'>erat</span> <span class='ocrx_word' id='word_1_306' title='bbox 1139 3492 1184 3532; x_wconf 93' lang='lat' dir='ltr'>aut</span> <span class='ocrx_word' id='word_1_307' title='bbox 1209 3481 1387 3533; x_wconf 77' lang='lat' dir='ltr'>obiiciendum</span> 
     </span>
     <span class='ocr_line' id='line_1_33' title="bbox 335 3568 697 3641; baseline -0.022 -13"><span class='ocrx_word' id='word_1_308' title='bbox 335 3585 383 3628; x_wconf 91' lang='lat' dir='ltr'>aut</span> <span class='ocrx_word' id='word_1_309' title='bbox 403 3570 602 3641; x_wconf 80' lang='lat' dir='ltr'>corrigendum.</span> <span class='ocrx_word' id='word_1_310' title='bbox 638 3568 668 3621; x_wconf 85' lang='lat' dir='ltr'><strong>M</strong></span> <span class='ocrx_word' id='word_1_311' title='bbox 676 3589 697 3621; x_wconf 86' lang='lat' dir='ltr'>r.</span> 
     </span>
    </p>

    <p class='ocr_par' dir='ltr' id='par_1_4' title="bbox 336 3656 1389 3994">
     <span class='ocr_line' id='line_1_34' title="bbox 409 3656 1389 3730; baseline -0.004 -19"><span class='ocrx_word' id='word_1_312' title='bbox 409 3657 548 3730; x_wconf 72' lang='lat' dir='ltr'>Aequalis</span> <span class='ocrx_word' id='word_1_313' title='bbox 565 3676 675 3708; x_wconf 84' lang='lat' dir='ltr'>esse-</span> <span class='ocrx_word' id='word_1_314' title='bbox 688 3657 786 3728; x_wconf 81' lang='lat' dir='ltr'>facto]</span> <span class='ocrx_word' id='word_1_315' title='bbox 829 3656 932 3723; x_wconf 85' lang='lat' dir='ltr'>„Stoici</span> <span class='ocrx_word' id='word_1_316' title='bbox 955 3657 1062 3711; x_wconf 87' lang='lat' dir='ltr'>aiebant</span> <span class='ocrx_word' id='word_1_317' title='bbox 1088 3666 1194 3727; x_wconf 84' lang='lat' dir='ltr'>peccata</span> <span class='ocrx_word' id='word_1_318' title='bbox 1216 3675 1269 3709; x_wconf 90' lang='lat' dir='ltr'>esse</span> <span class='ocrx_word' id='word_1_319' title='bbox 1286 3675 1389 3726; x_wconf 82' lang='lat' dir='ltr'>aequa-</span> 
     </span>
     <span class='ocr_line' id='line_1_35' title="bbox 336 3744 1388 3819; baseline -0.002 -20"><span class='ocrx_word' id='word_1_320' title='bbox 336 3750 391 3813; x_wconf 82' lang='lat' dir='ltr'>lia,</span> <span class='ocrx_word' id='word_1_321' title='bbox 421 3747 495 3819; x_wconf 90' lang='lat' dir='ltr'>quod</span> <span class='ocrx_word' id='word_1_322' title='bbox 517 3747 633 3800; x_wconf 80' lang='lat' dir='ltr'>refertur</span> <span class='ocrx_word' id='word_1_323' title='bbox 657 3747 689 3800; x_wconf 89' lang='lat' dir='ltr'>ad</span> <span class='ocrx_word' id='word_1_324' title='bbox 710 3745 901 3817; x_wconf 87' lang='lat' dir='ltr'>quantitatem,</span> <span class='ocrx_word' id='word_1_325' title='bbox 927 3766 982 3799; x_wconf 93' lang='lat' dir='ltr'>non</span> <span class='ocrx_word' id='word_1_326' title='bbox 1002 3757 1090 3799; x_wconf 85' lang='lat' dir='ltr'>tamen</span> <span class='ocrx_word' id='word_1_327' title='bbox 1108 3744 1221 3808; x_wconf 82' lang='lat' dir='ltr'>similia,</span> <span class='ocrx_word' id='word_1_328' title='bbox 1250 3755 1278 3797; x_wconf 90' lang='lat' dir='ltr'>ut</span> <span class='ocrx_word' id='word_1_329' title='bbox 1297 3755 1388 3797; x_wconf 82' lang='lat' dir='ltr'>oronet</span> 
     </span>
     <span class='ocr_line' id='line_1_36' title="bbox 337 3831 1388 3906; baseline -0.008 -15"><span class='ocrx_word' id='word_1_330' title='bbox 337 3837 482 3901; x_wconf 87' lang='lat' dir='ltr'>Stobaeus,</span> <span class='ocrx_word' id='word_1_331' title='bbox 509 3834 581 3906; x_wconf 92' lang='lat' dir='ltr'>quod</span> <span class='ocrx_word' id='word_1_332' title='bbox 600 3835 708 3906; x_wconf 85' lang='lat' dir='ltr'>respicit</span> <span class='ocrx_word' id='word_1_333' title='bbox 733 3834 916 3906; x_wconf 86' lang='lat' dir='ltr'>qualitatem.“</span> <span class='ocrx_word' id='word_1_334' title='bbox 933 3835 955 3887; x_wconf 90' lang='lat' dir='ltr'>F</span> <span class='ocrx_word' id='word_1_335' title='bbox 961 3854 1029 3888; x_wconf 90' lang='lat' dir='ltr'>acc.</span> <span class='ocrx_word' id='word_1_336' title='bbox 1075 3835 1111 3886; x_wconf 81' lang='lat' dir='ltr'>Ex</span> <span class='ocrx_word' id='word_1_337' title='bbox 1130 3834 1215 3886; x_wconf 85' lang='lat' dir='ltr'>Codd.</span> <span class='ocrx_word' id='word_1_338' title='bbox 1242 3831 1292 3885; x_wconf 87' lang='grc' dir='ltr'>Οι.</span> <span class='ocrx_word' id='word_1_339' title='bbox 1317 3831 1388 3884; x_wconf 85' lang='lat' dir='ltr'>solus</span> 
     </span>
     <span class='ocr_line' id='line_1_37' title="bbox 337 3920 1291 3994; baseline -0.008 -15"><span class='ocrx_word' id='word_1_340' title='bbox 337 3925 371 3980; x_wconf 86' lang='lat' dir='ltr'>N.</span> <span class='ocrx_word' id='word_1_341' title='bbox 389 3925 468 3978; x_wconf 87' lang='lat' dir='ltr'>habet</span> <span class='ocrx_word' id='word_1_342' title='bbox 486 3924 688 3994; x_wconf 90' lang='lat' dir='ltr'>inscriptionem</span> <span class='ocrx_word' id='word_1_343' title='bbox 707 3922 856 3989; x_wconf 89' lang='lat' dir='ltr'>Graecam,</span> <span class='ocrx_word' id='word_1_344' title='bbox 875 3924 993 3977; x_wconf 84' lang='lat' dir='ltr'>Latinam</span> <span class='ocrx_word' id='word_1_345' title='bbox 1014 3924 1094 3976; x_wconf 91' lang='lat' dir='ltr'>modo</span> <span class='ocrx_word' id='word_1_346' title='bbox 1114 3921 1144 3976; x_wconf 84' lang='lat' dir='ltr'>E.</span> <span class='ocrx_word' id='word_1_347' title='bbox 1163 3922 1194 3975; x_wconf 89' lang='lat' dir='ltr'>N.</span> <span class='ocrx_word' id='word_1_348' title='bbox 1232 3920 1291 3972; x_wconf 86' lang='lat' dir='ltr'>Mr.</span> 
     </span>
    </p>

    <p class='ocr_par' dir='ltr' id='par_1_5' title="bbox 337 4009 1387 4258">
     <span class='ocr_line' id='line_1_38' title="bbox 409 4009 1387 4083; baseline -0.005 -20"><span class='ocrx_word' id='word_1_349' title='bbox 409 4017 517 4076; x_wconf 78' lang='lat' dir='ltr'>Parva,</span> <span class='ocrx_word' id='word_1_350' title='bbox 535 4011 636 4082; x_wconf 83' lang='lat' dir='ltr'>inquis]</span> <span class='ocrx_word' id='word_1_351' title='bbox 674 4011 733 4065; x_wconf 86' lang='lat' dir='ltr'>lloc</span> <span class='ocrx_word' id='word_1_352' title='bbox 751 4032 860 4083; x_wconf 91' lang='lat' dir='ltr'>quoque</span> <span class='ocrx_word' id='word_1_353' title='bbox 876 4023 1013 4083; x_wconf 89' lang='lat' dir='ltr'>tamquam</span> <span class='ocrx_word' id='word_1_354' title='bbox 1033 4013 1201 4065; x_wconf 81' lang='lat' dir='ltr'>exoratione</span> <span class='ocrx_word' id='word_1_355' title='bbox 1222 4010 1316 4072; x_wconf 85' lang='lat' dir='ltr'>media,</span> <span class='ocrx_word' id='word_1_356' title='bbox 1336 4009 1387 4059; x_wconf 86' lang='lat' dir='ltr'>sie-</span> 
     </span>
     <span class='ocr_line' id='line_1_39' title="bbox 338 4090 1387 4172; baseline -0.006 -20"><span class='ocrx_word' id='word_1_357' title='bbox 338 4090 387 4153; x_wconf 41' lang='lat' dir='ltr'>uti&#39;</span> <span class='ocrx_word' id='word_1_358' title='bbox 401 4099 532 4170; x_wconf 88' lang='lat' dir='ltr'>superius.</span> <span class='ocrx_word' id='word_1_359' title='bbox 578 4096 695 4152; x_wconf 85' lang='lat' dir='ltr'>Consule</span> <span class='ocrx_word' id='word_1_360' title='bbox 715 4098 733 4152; x_wconf 85' lang='lat' dir='ltr'>l.</span> <span class='ocrx_word' id='word_1_361' title='bbox 752 4105 778 4154; x_wconf 89' lang='grc'><strong>4.</strong></span> <span class='ocrx_word' id='word_1_362' title='bbox 798 4101 830 4153; x_wconf 87' lang='lat' dir='ltr'>de</span> <span class='ocrx_word' id='word_1_363' title='bbox 848 4102 908 4154; x_wconf 83' lang='lat' dir='ltr'>Fin.</span> <span class='ocrx_word' id='word_1_364' title='bbox 928 4121 985 4172; x_wconf 82' lang='lat' dir='ltr'>cap.</span> <span class='ocrx_word' id='word_1_365' title='bbox 1005 4105 1047 4154; x_wconf 76' lang='grc'>21.</span> <span class='ocrx_word' id='word_1_366' title='bbox 1067 4101 1112 4152; x_wconf 88' lang='lat' dir='ltr'>ubi</span> <span class='ocrx_word' id='word_1_367' title='bbox 1132 4099 1183 4151; x_wconf 91' lang='lat' dir='ltr'>hnc</span> <span class='ocrx_word' id='word_1_368' title='bbox 1198 4100 1284 4168; x_wconf 91' lang='lat' dir='ltr'>ipsum</span> <span class='ocrx_word' id='word_1_369' title='bbox 1303 4096 1387 4147; x_wconf 85' lang='lat' dir='ltr'>Para·</span> 
     </span>
     <span class='ocr_line' id='line_1_40' title="bbox 337 4185 952 4258; baseline 0.007 -20"><span class='ocrx_word' id='word_1_370' title='bbox 337 4187 433 4241; x_wconf 77' lang='lat' dir='ltr'>dotum</span> <span class='ocrx_word' id='word_1_371' title='bbox 454 4185 544 4239; x_wconf 88' lang='lat' dir='ltr'>multis</span> <span class='ocrx_word' id='word_1_372' title='bbox 563 4188 648 4240; x_wconf 85' lang='lat' dir='ltr'>verbis</span> <span class='ocrx_word' id='word_1_373' title='bbox 666 4187 819 4258; x_wconf 82' lang='lat' dir='ltr'>explicatur.</span> <span class='ocrx_word' id='word_1_374' title='bbox 857 4189 952 4242; x_wconf 82' lang='lat' dir='ltr'>Face.</span> 
     </span>
    </p>

    <p class='ocr_par' dir='ltr' id='par_1_6' title="bbox 338 4271 1388 4521">
     <span class='ocr_line' id='line_1_41' title="bbox 408 4271 1388 4348; baseline 0.002 -24"><span class='ocrx_word' id='word_1_375' title='bbox 408 4276 516 4337; x_wconf 81' lang='lat' dir='ltr'>Parvo,</span> <span class='ocrx_word' id='word_1_376' title='bbox 533 4274 632 4345; x_wconf 84' lang='lat' dir='ltr'>inquit,</span> <span class='ocrx_word' id='word_1_377' title='bbox 650 4294 691 4326; x_wconf 83' lang='lat' dir='ltr'>res</span> <span class='ocrx_word' id='word_1_378' title='bbox 709 4285 759 4327; x_wconf 80' lang='lat' dir='ltr'>cst.</span> <span class='ocrx_word' id='word_1_379' title='bbox 796 4279 836 4328; x_wconf 88' lang='lat' dir='ltr'>At</span> <span class='ocrx_word' id='word_1_380' title='bbox 847 4295 946 4348; x_wconf 77' lang='lat' dir='ltr'>inagna</span> <span class='ocrx_word' id='word_1_381' title='bbox 965 4276 1067 4344; x_wconf 67' lang='lat' dir='ltr'>culpm]</span> <span class='ocrx_word' id='word_1_382' title='bbox 1088 4275 1311 4342; x_wconf 77' lang='lat' dir='ltr'>„l‘raeponuntur</span> <span class='ocrx_word' id='word_1_383' title='bbox 1323 4271 1388 4326; x_wconf 85' lang='lat' dir='ltr'>haec</span> 
     </span>
     <span class='ocr_line' id='line_1_42' title="bbox 338 4358 1388 4435; baseline 0 -24"><span class='ocrx_word' id='word_1_384' title='bbox 338 4361 416 4415; x_wconf 81' lang='lat' dir='ltr'>verba</span> <span class='ocrx_word' id='word_1_385' title='bbox 435 4362 463 4414; x_wconf 94' lang='lat' dir='ltr'>in</span> <span class='ocrx_word' id='word_1_386' title='bbox 481 4362 548 4414; x_wconf 88' lang='lat' dir='ltr'>meis</span> <span class='ocrx_word' id='word_1_387' title='bbox 563 4361 689 4414; x_wconf 87' lang='lat' dir='ltr'>undecim</span> <span class='ocrx_word' id='word_1_388' title='bbox 709 4361 797 4427; x_wconf 88' lang='lat' dir='ltr'>libris,</span> <span class='ocrx_word' id='word_1_389' title='bbox 826 4382 910 4435; x_wconf 87' lang='lat' dir='ltr'>eaque</span> <span class='ocrx_word' id='word_1_390' title='bbox 936 4361 1130 4415; x_wconf 83' lang='lat' dir='ltr'>confirmantur</span> <span class='ocrx_word' id='word_1_391' title='bbox 1157 4360 1297 4411; x_wconf 89' lang='lat' dir='ltr'>doctorum</span> <span class='ocrx_word' id='word_1_392' title='bbox 1318 4358 1388 4411; x_wconf 83' lang='lat' dir='ltr'>viro·</span> 
     </span>
     <span class='ocr_line' id='line_1_43' title="bbox 339 4446 1387 4521; baseline 0.002 -22"><span class='ocrx_word' id='word_1_393' title='bbox 339 4467 397 4501; x_wconf 88' lang='lat' dir='ltr'>rum</span> <span class='ocrx_word' id='word_1_394' title='bbox 417 4448 529 4502; x_wconf 87' lang='lat' dir='ltr'>iudicio:</span> <span class='ocrx_word' id='word_1_395' title='bbox 549 4465 653 4516; x_wconf 84' lang='lat' dir='ltr'>porvn,</span> <span class='ocrx_word' id='word_1_396' title='bbox 672 4449 776 4519; x_wconf 84' lang='lat' dir='ltr'>inquit,</span> <span class='ocrx_word' id='word_1_397' title='bbox 794 4461 885 4502; x_wconf 69' lang='lat' dir='ltr'>estut</span> <span class='ocrx_word' id='word_1_398' title='bbox 907 4467 1005 4521; x_wconf 78' lang='lat' dir='ltr'>progna</span> <span class='ocrx_word' id='word_1_399' title='bbox 1024 4448 1113 4516; x_wconf 85' lang='lat' dir='ltr'>culpo.</span> <span class='ocrx_word' id='word_1_400' title='bbox 1155 4446 1220 4499; x_wconf 82' lang='lat' dir='ltr'>tttiti</span> <span class='ocrx_word' id='word_1_401' title='bbox 1248 4468 1301 4501; x_wconf 92' lang='lat' dir='ltr'>non</span> <span class='ocrx_word' id='word_1_402' title='bbox 1322 4468 1387 4501; x_wconf 86' lang='lat' dir='ltr'>con·</span> 
     </span>
    </p>
   </div>
   <div class='ocr_carea' id='block_1_3' title="bbox 0 0 1736 5342">
    <p class='ocr_par' dir='ltr' id='par_1_7' title="bbox 0 0 1736 5342">
     <span class='ocr_line' id='line_1_44' title="bbox 0 0 1736 5342; baseline 0 0"><span class='ocrx_word' id='word_1_403' title='bbox 0 0 1736 5342; x_wconf 95' lang='lat' dir='ltr'> </span> 
     </span>
    </p>
   </div>
  </div>
 </body>
</html>
