3450 5342
338 642 387 715 76
671 660 842 709 rsusooxt
871 660 1066 710 erorcouau.

337 829 399 880 iilos
417 823 594 896 cogitassem
613 821 671 873 eita
689 839 711 874 s.
729 838 766 885 e.,
785 829 920 892 quattuor.
966 824 1088 872 Putasne
1108 820 1169 872 ilios
1187 821 1217 872 iu
1240 821 1301 874 uita
1321 826 1386 896 quie-

338 931 418 987 quam
437 931 458 964 s.
477 910 610 981 cogitasse
628 925 702 976 esp„
721 907 850 978 quinque.
898 907 945 960 Aa
960 917 1092 976 putamus
1109 926 1157 959 nos
1175 908 1241 962 illas
1261 914 1387 982 cogitasse

337 1001 484 1073 quidquam
501 998 531 1049 ia
549 997 608 1048 vita
626 1013 649 1046 s.
666 1013 704 1058 e.,
720 1004 781 1048 tres.
818 998 955 1046 Putamus
973 1012 1020 1047 aru
1038 995 1100 1046 iilos
1119 995 1274 1068 quidquam
1291 1001 1322 1051 in
1339 1001 1387 1052 eito

336 1108 359 1144 s.
376 1107 413 1152 e.,
430 1104 509 1139 unus.
552 1086 675 1135 Putasne
700 1100 753 1134 nom
775 1082 838 1134 ilios
861 1083 1011 1153 cogitasse,
1029 1082 1177 1154 quidquam
1198 1084 1230 1134 ia
1249 1084 1311 1136 vita
1329 1107 1349 1144 s.
1362 1107 1386 1150 o,

336 1162 414 1229 unus.
451 1178 620 1225 Putamusne
632 1169 693 1221 illos
703 1171 835 1241 cogitasse
847 1169 990 1241 quiequam
1003 1171 1031 1221 ia
1043 1170 1133 1238 vitans.
1144 1188 1178 1227 e..
1189 1170 1256 1225 duo.
1290 1177 1385 1226 Anco

334 1265 439 1334 gitasse
458 1258 565 1331 aliquid
580 1258 609 1308 ia
628 1257 687 1309 uita
698 1275 722 1310 s.
730 1275 762 1319 e.,
780 1266 806 1310 et
824 1255 944 1309 additum
956 1266 1087 1325 putamus
1097 1265 1157 1327 pcs't
1170 1275 1217 1323 ass,
1237 1278 1319 1312 unus.
1347 1264 1384 1314 As

337 1350 472 1420 cogitasse
488 1346 539 1399 sibi
550 1346 580 1397 ia
598 1344 657 1396 uita
675 1344 891 1416 quidquameap.
905 1343 1059 1397 etudditum
1077 1347 1297 1413 putamus'illos,
1316 1368 1382 1402 unus.

337 1436 371 1488 Et
391 1454 442 1506 pro
459 1431 699 1503 expetendumuisi
710 1431 789 1501 quod,
809 1448 917 1483 novem:
937 1433 1113 1500 expetendum
1130 1450 1205 1485 esse
1225 1438 1281 1488 nisi
1301 1438 1383 1509 quasit

340 1525 421 1575 Vetus
438 1518 500 1573 Cur.
518 1518 662 1591 Stepherii:
681 1536 718 1570 am
736 1519 870 1589 cogitasse
889 1517 1033 1589 quicquam
1050 1536 1094 1571 eos
1110 1530 1303 1588 putamus.-
1321 1522 1384 1589 „Aa

339 1611 484 1677 umdomus]
505 1608 643 1674 cogitasse
662 1605 809 1678 quidquam
826 1605 856 1656 iu
872 1605 946 1656 sita:
962 1606 1000 1659 sic
1017 1605 1154 1659 Palatinus
1173 1610 1328 1663 secundus:
1345 1629 1383 1661 ne·

338 1717 391 1770 que
410 1697 516 1751 recessit
535 1694 583 1748 Ed.
610 1692 736 1759 Victorii,
769 1710 850 1766 quern
876 1693 949 1764 quod
978 1693 1034 1746 sine
1061 1695 1211 1766 parenthesi
1240 1698 1383 1769 expresserit

337 1786 514 1837 abundamus.
542 1801 578 1834 au
605 1782 738 1854 cogitasse
756 1791 807 1833 etc.
850 1779 927 1833 Aliso
946 1781 1091 1834 intrusere:
1119 1782 1304 1839 abundamus.
1346 1789 1382 1839 Aa

335 1884 466 1944 putamus
483 1888 641 1942 quemquam
660 1870 754 1920 irarum
772 1869 906 1938 cogitasse
925 1868 1069 1940 quicquam
1086 1870 1116 1921 ia
1134 1871 1194 1922 cita
1214 1876 1289 1926 etc,“
1308 1874 1382 1927 Gru-

338 1975 399 2015 ter.
435 1961 485 2025 „tn
503 1958 529 2010 h.
547 1957 564 2009 Ι.
584 1976 612 2010 se
629 1967 731 2008 torsere
758 1954 806 2005 riri
825 1954 898 2008 docti
916 1945 942 2008 e't
959 1955 1082 2010 editores.
1130 1957 1205 2024 Quia
1229 1961 1382 2013 constructio

339 2066 394 2100 non
411 2047 563 2111 constabat,
582 2046 712 2098 intrusere
731 2040 841 2112 aliquid.
889 2042 1020 2097 (imerius
1047 2055 1106 2114 post
1131 2045 1267 2118 Largium
1296 2049 1383 2119 recepit

336 2147 482 2206 putamus,
502 2131 575 2204 quod
594 2143 633 2185 est
650 2131 677 2182 iu
697 2129 765 2182 Edd.
783 2149 839 2202 pr.,
868 2131 913 2182 sed
941 2150 1004 2184 cum
1024 2150 1074 2184 aa:
1095 2150 1132 2183 an
1158 2135 1297 2204 cogitasse
1320 2137 1384 2208 quic·

339 2242 420 2296 quam
435 2219 589 2292 putamus?
608 2219 680 2290 quod
699 2218 794 2272 delerit
811 2218 935 2289 Longius.
972 2219 1026 2272 sed
1044 2220 1079 2272 its
1098 2231 1159 2274 ante
1178 2223 1262 2276 scribi
1284 2224 1384 2276 debebat

339 2308 544 2364 innumerabiles
563 2308 640 2360 aiios·
671 2307 701 2360 in
720 2307 770 2358 alii
787 2306 906 2377 intellige
923 2320 1084 2377 spectavere,
1105 2311 1192 2360 secuti
1210 2322 1293 2377 sunt,
1315 2333 1331 2364 e
1347 2330 1384 2364 su·

339 2397 497 2472 perioribus.
522 2396 566 2448 sed
594 2396 725 2466 rogitasse
747 2414 810 2448 sane
832 2395 942 2447 verbum
970 2396 1114 2462 desiderat,
1141 2417 1156 2449 u
1188 2418 1245 2471 quo
1273 2400 1383 2471 pendeat

340 2490 431 2559 itaque
448 2496 577 2553 putamus
595 2494 620 2537 et
637 2483 693 2554 ipse
708 2483 810 2550 addidi,
837 2486 899 2556 quis
921 2485 947 2536 in
968 2485 1042 2538 libris
1060 2485 1151 2537 irruitis
1168 2498 1310 2558 repertum
1329 2490 1384 2541 est.“

339 2573 415 2627 Ern.
452 2573 645 2641 „Andarnnst
663 2573 741 2626 etiarn
761 2571 918 2625 Pithoeun.“
936 2572 1055 2626 Grues.
1091 2573 1156 2627 Ore.
1174 2574 1205 2627 E.
1216 2575 1250 2630 U.
1272 2583 1383 2629 Putasne

338 2663 399 2716 iilos
417 2664 445 2714 in
464 2663 522 2714 vita
541 2662 684 2734 quicquam
704 2660 755 2713 sibi
774 2679 831 2713 esse
848 2662 1023 2730 expetendum
1043 2663 1198 2733 cogitasse?
1217 2663 1239 2714 l.
1258 2686 1284 2735 q.
1304 2669 1384 2718 Puta—

340 2770 398 2803 mus
416 2770 463 2802 nos
481 2750 542 2802 iilos
560 2752 693 2821 cogitasse
710 2751 854 2821 quicquam
873 2752 901 2800 in
919 2751 972 2800 hac
990 2755 1049 2802 vita
1061 2750 1112 2802 sibi
1130 2769 1186 2803 esse
1205 2755 1383 2822 expetendum.

339 2842 389 2895 Ox.
406 2840 438 2893 N.
456 2844 591 2892 Putamus
608 2856 652 2889 eos
670 2839 813 2908 quicquam
831 2837 964 2907 cogitasse
985 2838 1127 2909 quicquum
1146 2842 1173 2889 iu
1195 2841 1254 2891 vita
1269 2841 1322 2894 sibi
1337 2858 1383 2892 esse

339 2948 398 2998 exp.
435 2927 486 2980 Or.
506 2943 535 2987 ψ.
566 2927 614 2977 Aa
632 2926 782 2996 cogitamus
807 2943 855 2975 aas
882 2924 943 2976 iilos
969 2937 1082 2994 putasse
1107 2930 1252 2998 quicquam
1283 2932 1312 2982 iu
1335 2931 1382 2982 uita

339 3017 390 3068 sibi
414 3035 474 3085 exp.
499 3014 564 3067 On.
582 3011 603 3063 I.
622 3013 654 3064 N.
680 3013 716 3065 U.
735 3031 760 3080 η.
778 3029 802 3066 a.
820 3029 849 3073 ψ.
874 3022 942 3063 esset
967 3015 1010 3082 (ut
1035 3032 1083 3067 aas
1104 3015 1225 3084 edimus)
1251 3036 1303 3086 pro
1325 3035 1382 3078 esse;

339 3101 446 3154 Suerin.
464 3120 500 3151 aa
517 3110 647 3170 putamus
666 3119 714 3150 uos
731 3099 792 3151 iilos
811 3102 997 3171 cogitasse-
1015 3103 1068 3153 uisi
1089 3105 1162 3173 quod
1182 3104 1259 3158 laud.
1279 3117 1346 3158 esset
1361 3116 1382 3155 et

338 3189 508 3260 praeclarum
531 3188 676 3241 videretur.
717 3187 789 3241 Gud.
816 3189 850 3242 Α.
889 3192 935 3242 An
961 3191 1093 3261 cogitasse
1118 3191 1169 3242 sibi
1192 3195 1337 3266 quicquam
1359 3194 1382 3242 iu

342 3279 400 3331 vita
418 3295 477 3345 exp.
496 3275 549 3328 nisi
566 3275 638 3346 quad
654 3284 695 3326 est
723 3275 798 3326 laud.
828 3286 855 3326 et
879 3278 1050 3346 praeclarum
1076 3278 1220 3333 videretur.
1269 3279 1340 3333 Gud.
1358 3278 1382 3328 B.

340 3385 396 3419 esse
413 3385 488 3436 exp„
506 3375 562 3417 tum
583 3363 658 3416 lauti.
676 3373 778 3416 esset.
814 3361 936 3429 Grae,
956 3376 985 3417 ut
1001 3364 1067 3418 Ori.
1087 3365 1118 3417 E.
1138 3363 1184 3428 U.;
1206 3364 1277 3419 Cod.
1297 3366 1380 3418 Duisb.

341 3454 547 3526 cogitassemus
570 3451 636 3521 (hoc
666 3470 699 3503 ue
715 3451 935 3523 interrogativum
961 3470 1010 3505 nos
1043 3453 1226 3523 recipiendum
1258 3453 1381 3520 duximus)

341 3545 427 3615 quicq.
446 3544 475 3593 iu
494 3543 552 3594 vita
570 3539 621 3593 sibi
637 3559 694 3592 esse
711 3559 772 3609 exp.
789 3543 843 3593 uisi
862 3540 947 3612 quid
968 3540 1078 3593 laudab,
1103 3551 1131 3590 st
1155 3544 1257 3609 praeci.
1278 3562 1334 3595 esse
1349 3542 1381 3592 oi·

341 3632 450 3682 deretur
457 3651 467 3691 ;
487 3626 545 3682 Cra.
564 3632 589 3682 1.
606 3641 738 3697 putamus
754 3647 803 3682 uas
819 3648 864 3683 eos
883 3631 970 3702 quicq.
996 3629 1024 3680 in
1043 3630 1101 3680 vito
1120 3629 1171 3680 sibi
1188 3649 1248 3682 esse
1270 3650 1328 3700 exp.
1346 3649 1381 3682 ea-

339 3720 455 3789 gitasse,
473 3719 526 3770 nisi
545 3719 617 3789 quod
633 3717 709 3769 laud.
729 3729 798 3771 esset
817 3728 845 3769 et
860 3717 1128 3788 praec1.·eideatur‚·
1149 3715 1208 3769 Cre.
1221 3723 1247 3770 2.
1265 3737 1303 3770 era
1320 3715 1382 3787 cogi·

341 3814 415 3854 tasse
433 3804 539 3876 aliquid
556 3805 585 3855 im
603 3805 661 3855 uita
678 3815 765 3874 expet.
785 3804 836 3858 sibi
853 3806 908 3858 misi
926 3805 998 3876 quod
1014 3805 1091 3856 laud.
1109 3816 1136 3855 et
1152 3806 1255 3874 praeci.
1276 3823 1332 3858 esse
1348 3803 1382 3856 vi·

342 3893 458 3948 deretur.
484 3891 543 3945 Crz.
562 3895 587 3945 3.
613 3910 665 3944 nou
695 3895 828 3965 cogitasse
852 3912 1010 3967 quemquam
1034 3894 1129 3964 (supra
1154 3893 1202 3946 tin.
1221 3895 1323 3966 quicq.)
1337 3910 1381 3962 pa·

342 3991 433 4032 termus
450 3979 502 4033 sibi
518 3998 577 4049 esp.
591 3981 620 4032 ia
639 3981 705 4035 vita.
730 3980 909 4038 Codd.Bern.
930 3993 955 4036 et
972 3981 1032 4036 Bas.
1041 3993 1233 4052 putamusnos
1246 3980 1381 4054 illosquic·

342 4087 423 4140 quom
440 4067 469 4119 iu
489 4069 547 4120 vita
565 4068 616 4120 sibi
631 4088 691 4139 exp.
709 4088 766 4123 esse
784 4071 933 4142 cogitasse,
951 4071 1004 4122 nisi
1022 4071 1094 4141 quod
1110 4070 1129 4124 I.
1147 4080 1175 4120 et
1199 4089 1244 4139 pr.
1270 4089 1327 4122 esse
1349 4068 1382 4122 ei·

342 4156 471 4209 deretur?
487 4157 567 4211 Drsd.
586 4161 611 4210 1.
629 4155 684 4211 non
704 4157 782 4211 babet
796 4169 942 4228 putamus,
966 4170 1023 4212 turn
1043 4159 1146 4213 exhibet
1173 4159 1226 4211 sibi
1249 4181 1307 4214 esse
1325 4179 1382 4230 esp.¹

342 4243 471 4316 denique:
487 4246 563 4300 laud.
582 4255 610 4296 et
624 4245 725 4314 prasci.
742 4262 799 4298 esse
816 4245 969 4306 videreta&
988 4245 1067 4301 Drsd.
1087 4254 1112 4300 2.
1153 4250 1202 4301 An
1227 4251 1336 4322 aliquid
1350 4249 1384 4298 di-

343 4340 383 4379 cet
402 4333 533 4402 cogitasse
551 4331 602 4385 sibi
619 4351 675 4385 esse
691 4350 769 4402 exp.;
788 4330 910 4386 Drsdrd.
929 4351 965 4385 au
979 4345 1111 4403 putamus
1121 4356 1283 4410 quemquam
1300 4341 1383 4391 horum

344 4419 475 4486 cogitasse
493 4421 580 4490 quicq.
599 4421 627 4471 iu
648 4422 706 4472 vita
724 4420 776 4472 sibi
792 4436 849 4473 esse
870 4451 900 4461 -
921 4424 996 4479 laud.
1025 4436 1051 4476 et
1076 4427 1177 4494 praeci.
1208 4445 1265 4479 esse
1291 4426 1384 4478 uidere·
