3450 5342
661 710 857 762 rsmnoxon
882 713 924 759 vr.
956 710 1025 760 etr.
1049 712 1071 760 1.
1232 770 1236 780 ,
1316 695 1391 771 269

411 877 488 942 Quae
504 881 546 923 est
566 870 622 923 ista
640 873 685 938 —]
731 870 796 937 „Est
815 869 880 923 baec
899 874 1078 942 apostrophe,
1104 872 1120 924 i.
1142 891 1164 925 e.
1190 873 1302 928 intentio
1330 897 1391 933 ora-

339 958 419 1011 tionis
437 959 560 1011 adversus
579 957 695 1029 aliquem
715 969 846 1028 tanquam
868 970 1043 1029 praesentem.
1089 958 1229 1030 Significat
1247 973 1335 1016 autem
1363 968 1391 1019 in

340 1058 395 1100 toto
418 1044 468 1099 boc
485 1045 581 1099 Parad.
598 1046 636 1098 M.
656 1045 782 1101 Crassum
800 1046 932 1113 Divitem,
952 1066 1028 1111 eum,
1054 1046 1099 1118 qui
1120 1058 1210 1117 postea
1235 1066 1298 1102 cum
1326 1053 1393 1105 Cae·

339 1155 397 1188 sare
414 1146 441 1188 et
456 1135 588 1206 Pompeio
612 1135 738 1207 princeps
759 1137 798 1188 rei
825 1134 947 1206 publicae
966 1135 1028 1188 luit:
1054 1136 1171 1208 denique
1190 1156 1253 1191 cum
1278 1141 1392 1194 exercitu

341 1223 476 1293 aPartbis
493 1242 585 1277 caesus
603 1225 669 1277 est.“
687 1223 794 1293 Wytt.
841 1222 931 1275 Verba
950 1233 990 1274 est
1017 1225 1073 1275 ista
1090 1223 1186 1278 desunt
1204 1224 1232 1278 in
1257 1224 1329 1279 Gud.
1346 1227 1392 1290 B.;

339 1312 370 1365 iis
387 1311 494 1365 additur
512 1322 569 1362 tam
587 1311 614 1364 in
633 1311 752 1366 GudA.
800 1309 832 1364 lu
851 1311 931 1364 Drsd.
949 1314 976 1364 4.
1002 1321 1040 1364 est
1056 1311 1125 1362 enim
1143 1330 1194 1383 pro
1210 1313 1248 1368 in.
1293 1311 1343 1366 Ox.
1362 1313 1393 1367 E.

340 1410 399 1469 post
418 1410 469 1450 tua
486 1399 565 1453 babet
586 1400 698 1471 glossam
717 1405 757 1456 M.
779 1405 883 1453 Crasse.
931 1399 963 1451 ln
981 1400 1040 1453 cn.
1059 1399 1084 1452 1.
1113 1410 1149 1452 est
1168 1403 1318 1454 assentatio
1343 1422 1392 1474 pro

339 1488 504 1549 ostentati05
530 1498 587 1541 tum
606 1488 634 1541 in
652 1487 702 1541 Ed.
721 1508 779 1560 pre.
798 1490 878 1542 1465.
901 1496 939 1539 est
957 1485 1032 1538 solus
1050 1494 1134 1537 tune
1153 1486 1247 1540 dives?
1274 1487 1392 1560 itemque

339 1574 367 1626 in
384 1574 454 1627 Edd.
474 1574 535 1628 Par.
554 1578 634 1629 lbll'l.
653 1577 735 1628 1511.
754 1574 840 1645 Lugd.
878 1572 936 1625 Mr.

409 1680 524 1733 insolens
547 1680 705 1745 ostentatio]
751 1677 888 1742 „insolens
917 1695 973 1729 non
1003 1687 1106 1731 tantum
1142 1691 1180 1733 est
1207 1684 1337 1754 superbus
1367 1695 1392 1737 et

338 1767 384 1837 qui
409 1765 466 1820 aliis
489 1785 538 1838 per
562 1765 746 1838 arrogantiam
770 1764 893 1830 insultet,
919 1764 965 1818 sed
990 1765 1116 1836 proprie,
1148 1767 1194 1836 qui
1217 1789 1274 1821 non
1299 1771 1392 1825 solitus

337 1865 376 1907 est
394 1853 465 1906 dives
483 1873 553 1919 esse,
573 1854 618 1926 qui
638 1851 761 1906 nondum
780 1863 899 1906 assuetus
916 1863 954 1906 est
971 1852 1080 1908 divitiiss
1106 1852 1210 1910 Graece
1228 1854 1391 1921 νεόπλουτος,

338 1941 445 2013 qualem
465 1961 491 1994 se
509 1942 619 2013 gerebat
637 1940 755 2009 Crassus,
777 1959 943 2013 quamquam
962 1950 1019 1994 erat
1036 1938 1255 2003 παλαιὸπλουτος.
1291 1945 1337 2001 Sic
1355 1959 1392 2002 est

338 2029 408 2100 apud
426 2027 482 2082 Cio.
499 2029 532 2082 de
551 2028 600 2083 Or.
617 2029 662 2097 lll,
681 2033 739 2084 84.:
758 2029 807 2081 sed
817 2029 911 2099 fuisse
929 2027 1085 2081 insolentem
1110 2031 1139 2082 in
1155 2034 1279 2100 pecunia.
1326 2034 1390 2088 Hor.

339 2115 457 2170 Carmm.
476 2117 507 2182 ll,
526 2121 551 2182 3,
570 2121 586 2170 1
607 2138 665 2190 sqq.
683 2146 719 2157 —
738 2125 867 2168 memento
887 2144 919 2157 -·-
937 2132 1045 2179 screare
1061 2128 1175 2168 mentem
1193 2147 1228 2157 —
1246 2119 1281 2170 ab
1299 2121 1392 2174 inso-

339 2206 428 2257 lenti
446 2215 621 2274 temperatam
639 2205 775 2260 Iaetitia.“
793 2205 899 2274 Wyu.
941 2200 1071 2256 Similiter
1096 2203 1300 2259 Doederleinius
1326 2208 1391 2277 (La-

339 2293 400 2345 tein.
420 2291 524 2364 Syrou.
544 2312 571 2345 u.
590 2292 707 2363 Etymol.
726 2292 745 2344 l.
772 2311 798 2363 p.
816 2290 892 2356 177.)
912 2288 966 2343 duo
984 2289 1112 2343 vocabula
1132 2292 1220 2346 statuit
1243 2312 1297 2346 esse
1322 2289 1390 2356 δμώ-

338 2399 407 2440 νυμα
426 2381 554 2444 insolens,
580 2399 696 2452 quorum
715 2379 828 2432 alterum
847 2377 881 2430 sit
905 2376 1092 2431 ducenduma
1117 2382 1217 2446 solere,
1243 2382 1355 2436 alterum
1375 2402 1390 2434 a

338 2466 428 2519 salire.
465 2466 518 2519 Sed
539 2466 596 2519 vide
618 2486 686 2539 quae
713 2478 807 2521 contra
832 2475 924 2519 monet
951 2464 982 2518 L.
1008 2484 1030 2518 r.
1049 2463 1110 2532 lan,
1137 2468 1165 2519 in
1190 2468 1306 2523 Ztscbrlt
1324 2471 1343 2522 s.
1363 2471 1388 2523 d.

338 2552 449 2609 Altertb.
467 2554 548 2606 Wiss.
566 2557 644 2608 184⁰.
663 2559 707 2609 92.
743 2554 802 2608 Mr.

407 2683 463 2731 Pro
481 2678 518 2728 dii
535 2678 728 2745 immortalesl]
757 2677 890 2733 Scribitur
911 2678 981 2746 proli
1000 2677 1029 2729 in
1052 2675 1137 2732 Codd.
1163 2680 1222 2733 Cre.
1242 2683 1268 2732 2.
1294 2679 1389 2748 (procli

336 2778 365 2821 ut
384 2768 413 2818 in
431 2764 534 2838 aliquot
552 2765 619 2819 Edd.
637 2766 766 2837 scripturn
785 2765 837 2836 est)
854 2765 935 2819 Drsd.
948 2769 973 2818 1.
993 2771 1017 2818 9.
1036 2768 1061 2819 3.
1080 2769 1105 2819 4.
1133 2777 1158 2820 et
1176 2767 1204 2818 in
1224 2764 1292 2820 Edd.
1318 2765 1390 2818 mul-

337 2855 375 2908 tis.
411 2854 497 2907 Hodie
526 2853 648 2925 plerique
672 2855 752 2908 etiam
778 2854 849 2908 banc
875 2853 1094 2908 interiectionem
1120 2854 1242 2906 scribunt
1266 2872 1331 2922 pro,
1360 2873 1389 2907 er

337 2951 480 3013 praecepto
505 2942 634 2994 Prisciani
661 2941 724 2995 lnst.
748 2940 872 2994 Gramm.
889 2939 922 3007 ll,
941 2945 966 2995 2.
985 2959 1011 3011 p·
1032 2944 1076 2994 69.
1101 2941 1150 2994 Ed.
1170 2940 1278 2995 Krebl.s
1309 2942 1390 3007 Iuli,

338 3039 464 3100 quaeest
483 3039 549 3082 nota
566 3029 758 3099 aspirationis,
776 3048 830 3082 non
844 3038 936 3099 potest
955 3028 1095 3081 terminari
1112 3028 1229 3097 syllaba.
1265 3027 1318 3080 Sed
1339 3029 1388 3084 vid.

337 3116 518 3170 Forcellinum
544 3116 593 3172 Ed.
620 3115 712 3170 Germ.
735 3117 769 3169 T.
794 3114 841 3170 ΠΙ.
870 3135 896 3187 p.
915 3119 977 3171 491.
1006 3114 1037 3168 C.
1064 3113 1172 3167 Cellarii
1197 3115 1230 3168 de
1259 3113 1388 3188 Ortbogr.

336 3205 392 3258 bat.
410 3204 508 3256 librum
527 3203 561 3255 T.
578 3203 598 3256 l.
617 3223 644 3274 p.
663 3207 725 3258 324.
746 3203 783 3259 G.
799 3205 831 3258 F.
851 3203 1010 3257 Grotefend.
1028 3202 1069 3271 (in
1089 3201 1212 3256 Gramm.
1231 3202 1286 3256 Lat.
1300 3202 1332 3257 T.
1340 3202 1387 3271 ll.)

336 3290 392 3344 bat.
417 3289 547 3360 Ortbogr.
572 3287 596 3358 fi.
616 3291 678 3342 tes.
702 3288 799 3359 Reisig.
827 3289 883 3344 Lat.
908 3288 1079 3359 Spracbwiss.
1102 3287 1127 3358 5.
1145 3292 1207 3343 161.
1225 3310 1252 3360 p.
1273 3293 1334 3345 269.
1353 3319 1387 3328 -

336 3377 420 3445 Quod
438 3377 474 3429 ait
491 3374 551 3427 Atd.
569 3373 643 3427 Man.
663 3385 723 3444 post
740 3373 814 3425 dives
835 3373 891 3443 legi
911 3373 975 3425 alias
993 3371 1099 3444 quid?
1120 3391 1170 3440 pro
1189 3374 1226 3423 dii
1249 3374 1335 3439 imm,
1361 3375 1389 3427 id

334 3465 362 3518 in
384 3463 459 3517 nullo
478 3481 528 3532 ego
546 3460 615 3513 libro
632 3461 729 3531 reperi,
747 3478 836 3531 neque
854 3459 965 3529 scripto,
985 3476 1072 3527 neque
1091 3457 1170 3511 edito.
1206 3457 1280 3513 Esset
1299 3472 1387 3512 ortum

333 3572 364 3604 ex
387 3549 529 3603 oculorum
546 3547 716 3600 aberratione
733 3548 761 3600 iu
781 3547 880 3600 lineam
899 3543 1044 3599 secundam
1060 3550 1120 3614 post
1137 3542 1215 3609 banc,
1235 3554 1293 3613 post
1309 3547 1386 3599 verba

333 3639 442 3692 solusne
462 3635 543 3689 dives.
580 3633 654 3686 Idem
673 3653 751 3687 error
767 3633 873 3706 peperit
890 3631 1060 3686 omissionem
1079 3629 1222 3683 verborum
1240 3634 1295 3683 Pro
1304 3631 1342 3682 dii
1352 3660 1387 3672 -

333 3724 442 3777 solusne
461 3722 535 3775 dives
552 3721 581 3774 iu
600 3721 686 3774 codd.
705 3721 770 3774 Orx.
790 3742 816 3790 η.
836 3738 857 3774 a.
876 3738 905 3784 ψ.
929 3716 988 3771 Cra.
1008 3722 1032 3770 1.
1068 3716 1127 3770 Mr.

407 3855 464 3896 tam
482 3845 598 3897 insolens
627 3845 806 3913 ostentatio?]
844 3844 972 3921 „Solent,
999 3844 1045 3915 qui
1074 3843 1166 3897 divites
1189 3854 1251 3896 sunt
1277 3854 1302 3896 et
1326 3844 1386 3914 glo-

334 3932 410 3999 riosi,
436 3931 536 3985 divitias
563 3952 623 3986 suas
641 3945 780 3988 ostentare.
828 3932 1007 3987 Memorabile
1026 3944 1069 3987 est
1094 3931 1160 3985 illud
1190 3932 1290 3984 Valerii
1317 3932 1386 3985 Max.

332 4014 364 4072 L.
382 4020 427 4072 lV.
445 4020 481 4086 [4,
501 4020 538 4086 1.]
560 4020 593 4072 de
612 4032 780 4092 paupertate:
810 4022 947 4085 Cornelia,
966 4019 1067 4091 inquit,
1095 4021 1274 4072 Gracchorum
1292 4030 1385 4084 mater,

333 4123 396 4158 cum
414 4110 552 4174 Campana
576 4118 714 4172 matrona,
739 4109 815 4178 apud
831 4108 908 4159 illam
926 4108 1049 4176 hospita,
1078 4116 1236 4158 ornamenta
1253 4123 1305 4158 sua
1320 4105 1385 4174 pul-

333 4194 465 4246 cherrima
483 4193 567 4244 seculi
584 4194 659 4247 illius
678 4196 841 4255 ostenderet,
866 4195 955 4248 traxit
979 4212 1038 4244 eam
1056 4211 1186 4258 sermone,
1215 4209 1383 4264 quousquee

332 4282 428 4333 ecbola
455 4281 573 4332 redirent
600 4280 676 4333 liberi
683 4304 691 4333 .·
724 4292 752 4332 et
782 4282 863 4339 baec,
903 4281 1008 4352 inquit,
1040 4289 1197 4332 ornamenta
1223 4295 1281 4329 mea
1309 4289 1382 4332 sunt.

333 4369 430 4422 Omnia
447 4369 572 4422 nineirum
590 4367 687 4432 babet,
706 4379 735 4422 ut
753 4368 824 4420 idem
843 4367 943 4421 ibidem
962 4366 1040 4433 dicit,
1061 4365 1108 4438 qni
1125 4363 1196 4416 nibil
1213 4365 1383 4434 concupiscit,

331 4456 488 4527 ecquidem
507 4456 623 4521 certius,
649 4474 730 4528 quam
749 4456 796 4527 qui
814 4465 913 4508 cuncta
928 4453 1064 4525 possidet,
1091 4452 1154 4524 qnia
1179 4451 1322 4505 dominium
1340 4470 1383 4504 re-
