3450 5342
409 669 484 742 290
744 682 919 733 rinsooxa
945 680 1142 730 srorcoaou.

413 863 438 905 et
451 871 504 904 uno
525 849 594 902 Atdt.
631 847 660 898 ln
675 845 791 899 Drsd.1.
807 855 832 896 et
845 846 871 897 3.
890 851 928 894 cst
947 841 1076 891 eosdem
1093 850 1119 889 te
1131 850 1251 892 auctore.
1270 840 1367 912 Pergit
1380 841 1427 896 Or.
1439 844 1464 897 E.

414 939 594 1009 corruptelam
612 935 706 987 iudicii
724 933 799 984 sive
817 929 955 1002 officii,
974 926 1019 979 ubi
1039 926 1120 978 babes
1138 927 1253 997 glossam
1274 928 1316 981 vel
1338 942 1466 984 correcto·

414 1029 449 1081 ris
466 1027 578 1080 alicuius
602 1022 781 1094 suspicionem
810 1020 837 1071 in
863 1027 1016 1071 contextum
1042 1026 1186 1086 receptam.
1224 1015 1292 1069 On.
1314 1015 1334 1069 l.
1354 1017 1385 1070 N.
1414 1039 1464 1070 cor-

414 1114 548 1185 ruptelam
577 1111 745 1171 iudicum,
774 1105 845 1178 quod
877 1116 916 1159 est
943 1104 1104 1174 interpretis.
1159 1103 1233 1157 Tum
1262 1103 1326 1158 Cra.
1346 1110 1370 1159 1.
1397 1108 1463 1158 mol-

414 1202 519 1255 lientes.
555 1198 614 1251 Mc.

487 1299 552 1340 tuos
573 1285 720 1337 mercedum
735 1283 875 1352 pactiones
902 1282 929 1332 in
953 1280 1124 1348 patrociniis]
1177 1282 1253 1331 Tuas
1283 1281 1383 1335 omittit
1408 1280 1463 1334 Cot.

417 1376 467 1430 Ox.
488 1375 508 1428 l.
545 1373 575 1425 ln
595 1372 674 1425 Drsd.
693 1376 718 1425 5.
738 1382 776 1424 est
793 1389 879 1421 suos
899 1367 1047 1420 mercedum
1063 1367 1218 1436 petitiones.
1263 1369 1308 1421 Ad
1336 1390 1391 1423 rem
1414 1371 1463 1423 Fre.

417 1461 536 1534 Sylvius:
556 1459 759 1528 „Corruptelom
778 1458 871 1509 usitate
891 1455 966 1508 dixit:
994 1455 1132 1523 corruptio
1159 1467 1252 1509 autem
1272 1459 1314 1510 rix
1339 1459 1415 1511 latine
1430 1458 1462 1508 di-

417 1560 501 1605 eatur.
537 1547 575 1601 Ut
593 1546 662 1600 libro
686 1547 720 1600 de
738 1547 853 1617 Legibus
872 1545 891 1596 1.
912 1545 980 1611 [tn]
1029 1546 1119 1595 Tanto
1146 1554 1189 1595 est
1215 1547 1373 1614 corruptela
1390 1534 1462 1597 malie

417 1635 630 1703 consuetudinis,
657 1645 689 1686 ut
708 1634 742 1685 ob
761 1652 793 1685 eo
812 1645 945 1704 tunquam
961 1631 1074 1701 igniculi
1092 1630 1312 1702 exstinguuntur
1331 1653 1349 1683 o
1373 1644 1459 1685 notura

419 1725 506 1778 doti.“
542 1723 583 1776 Ad
597 1743 669 1795 seqq.
687 1723 772 1774 idem:
792 1726 926 1787 „Crassus
946 1719 1026 1773 etiam
1046 1718 1237 1788 improborum
1256 1719 1398 1773 bominum
1409 1740 1460 1774 cau-

418 1833 459 1867 sas
477 1823 503 1865 et
531 1811 680 1883 patrocinia
707 1810 840 1880 suscipere
859 1807 988 1860 solebat.“
1034 1805 1104 1858 Mira
1131 1818 1169 1859 est
1188 1806 1270 1861 lectio
1296 1796 1364 1863 Cod.
1382 1809 1458 1863 Duisb.

420 1902 505 1952 duos
525 1899 671 1950 mercedum
686 1886 839 1968 portiones:
860 1897 906 1950 ubi
920 1896 948 1949 in
962 1913 1046 1973 marg.
1056 1894 1140 1965 glossa
1157 1905 1196 1948 est
1210 1895 1318 1951 addita:
1338 1897 1458 1966 Duplex

417 1988 509 2058 pactio
534 1987 688 2039 nierredum.
727 1987 813 2038 Docte
836 1984 942 2038 scilicet.
979 1978 1070 2053 Pergit
1098 1980 1166 2036 Cod.
1194 1983 1277 2038 Drsd.
1299 1989 1325 2039 3.
1352 1987 1379 2036 in
1399 2003 1456 2053 pro-

419 2075 564 2138 vinciis,
582 2073 633 2128 Os.
651 2073 684 2126 N.
710 2075 739 2124 in
762 2072 1008 2143 patrimoniis.
1028 2070 1086 2124 Mr.
1134 2072 1313 2136 „Mercedum
1338 2074 1457 2143 pactiones

420 2165 435 2215 i.
454 2183 475 2214 e.
494 2173 524 2213 ut
542 2182 591 2233 pro
610 2161 760 2231 patrocinio
788 2172 813 2214 et
833 2180 911 2214 causa
939 2158 1050 2214 alicuius
1070 2159 1106 2210 rei
1131 2158 1305 2212 defendenda
1325 2160 1457 2215 mercedem

421 2250 569 2319 paciscaris.
605 2249 681 2301 Nam·
694 2249 845 2303 mercedem
865 2248 961 2318 pacisci
981 2258 1027 2300 aut
1045 2246 1166 2318 accipere
1182 2267 1233 2318 pro
1253 2249 1401 2320 patrocinio
1414 2267 1457 2300 non

420 2337 480 2389 satis
504 2335 644 2390 honestum
673 2336 835 2402 habebatur,
869 2355 957 2407 neque
984 2354 1105 2406 unquam
1133 2335 1263 2389 factitavit
1290 2337 1384 2390 Cicero
1408 2345 1458 2387 teste

420 2423 564 2477 Plutarcho
583 2424 611 2477 in
631 2425 687 2477 eius
706 2426 795 2478 Vita.“
812 2424 988 2494 Wyttenb.
1020 2427 1024 2433 '

491 2511 637 2562 mercedum
651 2514 802 2582 pactiones]
840 2511 930 2582 „Lege
956 2509 1050 2564 Cincia
1079 2531 1166 2583 poena
1192 2515 1340 2569 constituta
1367 2527 1416 2568 erat
1436 2514 1455 2564 in

421 2618 480 2664 eos,
502 2597 549 2669 qui
569 2593 683 2669 pecunia
704 2609 730 2651 et
748 2599 918 2670 pactionibus
937 2598 1086 2670 patrocinia
1105 2601 1293 2656 exercuissent.
1332 2604 1457 2675 Repugna-

420 2689 483 2740 bant
503 2688 582 2740 etiam
602 2687 680 2759 patrii
697 2707 802 2752 mores,
823 2687 897 2739 utin
916 2685 934 2739 l.
954 2688 979 2739 1.
995 2686 1158 2740 Officiorum
1177 2707 1200 2741 c.
1222 2691 1287 2745 14.“
1325 2691 1419 2743 Face

490 2777 766 2827 intercessiones
781 2773 969 2844 pecuniarum]
998 2774 1089 2841 „Libri
1108 2793 1202 2828 omnes
1215 2776 1299 2830 MSS.
1317 2777 1410 2831 babent
1425 2775 1455 2824 in·

418 2864 553 2925 tercidus5
583 2863 703 2934 vulgares
727 2864 880 2926 intercisos,
908 2863 981 2934 quod
1008 2863 1167 2917 vocabulum
1192 2867 1287 2919 nescio
1314 2867 1358 2918 ubi
1382 2863 1454 2935 legisse

418 2952 547 3006 recordor
566 2950 635 3003 baud
654 2950 771 3002 dissimili
789 2950 990 3020 significatione.
1027 2950 1083 3017 Qui
1101 2951 1176 3005 locus
1195 2953 1259 3024 quia
1281 2972 1338 3007 non
1349 2949 1455 3012 occurrit,

418 3040 628 3091 intercessionem
647 3037 791 3107 supposui,
820 3039 896 3090 cuius
920 3037 1076 3108 significatio
1091 3038 1135 3094 bic
1158 3059 1212 3094 non
1241 3041 1410 3095 attensem*
1431 3035 1455 3088 C·

418 3127 523 3196 Lang.
567 3112 753 3189 „intercessus
776 3127 973 3179 emendandum
1001 3146 1113 3193 censeo,
1141 3129 1256 3200 propius
1284 3131 1409 3185 accedeus
1430 3123 1454 3177 al

420 3212 579 3283 scripturam
599 3223 723 3279 veterem,
743 3234 823 3285 quam
835 3215 959 3286 Longius,
980 3217 1025 3288 qui
1043 3217 1149 3288 reponit
1167 3219 1380 3283 intercessiones,
1397 3213 1453 3288 quod

419 3299 490 3351 idem
508 3300 604 3352 valet.“
623 3300 774 3355 Lambin.
818 3302 910 3369 „Libri
935 3315 1033 3356 veteres
1057 3306 1200 3357 intercisos
1229 3316 1277 3359 aut
1307 3307 1453 3361 intercissos·

417 3386 497 3439 Pater
514 3399 576 3440 ante
594 3389 693 3442 multos
706 3409 793 3442 annos
807 3392 994 3462 reponendum
1014 3395 1113 3463 putarit
1129 3393 1345 3448 intercessiones.
1380 3393 1452 3461 Quam

419 3475 600 3528 coniecturam
626 3476 698 3530 docti
723 3479 770 3530 viri
796 3480 959 3550 probarunt,
984 3493 1010 3534 et
1036 3482 1084 3534 sibi
1111 3480 1199 3546 illam,
1233 3492 1364 3554 tanquam
1388 3498 1453 3540 suam,

418 3564 599 3629 vindicarunt,
619 3564 718 3636 aliique
734 3578 864 3638 tanquam
883 3569 991 3623 illorum
1011 3580 1185 3640 agnoverunt.
1222 3569 1359 3624 Usitatum
1377 3580 1410 3622 est
1419 3565 1454 3620 ci·

419 3650 511 3701 ceroni
529 3650 640 3701 verbum
660 3653 854 3721 intercedendi,
875 3668 931 3710 turn
951 3658 1065 3722 scilicet,
1085 3676 1146 3710 cum
1167 3657 1338 3727 spondemus
1355 3677 1400 3712 nos
1414 3653 1454 3707 ali-

360 3728 362 3737 '
420 3735 483 3802 quid
504 3754 554 3806 pro
573 3736 664 3802 aliquo
681 3738 814 3795 soluturos
832 3762 895 3795 esse.
933 3743 1052 3808 Phit.-tt,
1073 3748 1116 3796 18.
1153 3745 1260 3795 Orubot
1280 3747 1372 3799 Curio.
1389 3753 1419 3794 ut
1434 3751 1455 3789 te

418 3830 512 3871 contro
530 3840 609 3872 suurn
627 3835 745 3892 putrem,
764 3831 788 3878 si
807 3832 864 3880 HS.
883 3833 1006 3901 sexagies
1022 3843 1134 3902 peteret,
1153 3833 1339 3904 defenderem:
1357 3842 1453 3884 tontum

416 3908 485 3958 enim
503 3927 532 3960 se
546 3927 597 3978 pro
616 3921 643 3961 te
661 3912 918 3970 intercessisse
936 3920 1048 3973 dicebat.
1087 3920 1121 3973 Et
1139 3920 1172 3972 ad
1193 3922 1248 3976 An.
1266 3923 1285 3987 l,
1306 3927 1352 3976 14:
1369 3921 1453 3974 Arres-

414 3995 480 4046 sivit
499 3996 538 4045 od
554 4015 595 4062 se,
617 4001 754 4069 promisit,
774 4004 1000 4072 intercessit,
1027 4008 1116 4068 dedit,¹
1144 4019 1170 4061 et
1190 4008 1207 4062 l.
1227 4011 1274 4076 Vl,
1295 4014 1327 4063 t:
1355 4004 1453 4063 Adscri-

415 4082 453 4132 tir
480 4085 562 4134 etiarn
590 4096 618 4136 et
646 4093 726 4159 quasi
752 4094 844 4144 calcor
869 4095 992 4147 odorovet
1025 4098 1282 4150 intercessisse
1308 4117 1337 4151 se
1360 4116 1406 4168 pro
1427 4094 1453 4143 iit

414 4189 539 4242 magnam
555 4176 706 4241 pecuniam.
744 4177 822 4245 Quae
840 4183 939 4252 partim
958 4184 991 4236 ad
1012 4184 1084 4238 bunc
1097 4184 1168 4236 diem
1181 4186 1320 4240 observata
1335 4189 1453 4241 nonsart

414 4259 511 4326 partlm
531 4259 663 4347 intellecta
684 4284 840 4337 perperam:
859 4289 920 4322 cum
942 4272 1072 4341 putaverit
1092 4272 1185 4326 nescio
1205 4274 1281 4343 quis,
1301 4268 1452 4326 intercedere.

413 4343 441 4393 in
461 4343 500 4396 bis
523 4347 631 4415 quidem
660 4351 739 4421 locis,
765 4375 820 4410 esse
847 4377 897 4427 pro
924 4360 1046 4430 rogando
1070 4359 1245 4431 impetrare.“
1280 4361 1354 4415 Atd.
1380 4357 1453 4410 Men·

411 4426 441 4478 ln
459 4427 528 4483 banc
549 4437 705 4491 sententiam
726 4443 804 4497 etiam
824 4444 939 4517 disputat
957 4447 1071 4512 Pareus,
1097 4447 1156 4500 Lex.
1176 4449 1242 4504 cris.
1262 4470 1289 4523 p.
1312 4453 1371 4506 628.
1388 4467 1410 4501 a.
1432 4451 1452 4494 et
