3450 5342
462 685 699 734 annal-:nonnul
726 687 768 730 ΑΙ)
795 687 964 734 CICERONIS
991 688 1173 737 PAHADOXA.
1231 692 1334 738 XXXlX

277 865 335 898 non
355 855 417 897 sunt
439 844 557 908 additae,
586 844 612 896 id
632 845 740 915 quidem
761 842 907 909 concedet,
926 845 973 915 qui
993 847 1166 916 reputaverit,
1190 847 1336 918 descriptos

277 937 334 969 esse
354 915 492 969 Ciceronis
511 914 593 967 libros
617 916 650 967 ab
680 915 847 979 hominibus,
876 913 922 984 qui
950 917 1006 968 fere
1031 935 1126 969 omnes
1152 916 1253 969 Graeca
1281 938 1335 970 non

277 986 476 1057 intelligerent,
495 986 618 1056 adeoque
639 1005 672 1038 ue
690 986 790 1039 litteras
809 984 918 1056 quidem
939 997 1055 1052 nossem,
1075 1006 1221 1058 earumque
1241 989 1337 1058 ligures

278 1079 294 1111 a
314 1059 414 1111 Latinis
433 1057 584 1128 saepissime
601 1056 764 1128 distinguere
784 1075 839 1108 nou
859 1055 1019 1110 didicissent.
1064 1057 1147 1110 Cuius
1172 1059 1337 1128 ignorantiae

279 1129 389 1200 vestigia
409 1140 475 1200 quot
493 1138 642 1199 appareant
661 1148 683 1181 v.
703 1148 726 1181 c.
745 1128 773 1180 in
793 1126 918 1197 Epistolis
935 1128 968 1180 ad
989 1127 1122 1194 Atticum,
1149 1129 1201 1182 dici
1222 1130 1259 1180 xix
1278 1140 1339 1199 pot·

280 1212 334 1253 est:
354 1220 456 1271 neque,
486 1200 532 1270 qui
559 1197 698 1252 Ciceronis
722 1198 829 1252 codices
854 1217 936 1250 manu
962 1198 1047 1264 trivit,
1074 1218 1173 1269 negare
1197 1201 1338 1271 quisquam

280 1271 388 1342 poterit.
424 1264 477 1322 Sed
502 1269 567 1322 alias
586 1288 695 1341 quoque
720 1269 806 1323 attulit
832 1269 949 1322 rationes
972 1269 1217 1354 Morgensternius,
1242 1273 1340 1341 quibus

282 1342 361 1394 nobis
378 1341 536 1412 persuadere
554 1340 652 1405 soluit,
677 1340 763 1393 nullas
793 1338 872 1410 plane
896 1339 976 1392 fuisse
994 1359 1008 1391 a
1028 1340 1166 1395 Ciceronis
1190 1361 1272 1394 manu
1291 1343 1339 1394 ad·

281 1415 350 1466 ditas
367 1412 566 1483 inscriptiones,
586 1431 675 1482 neque
694 1411 826 1475 Graecas,
846 1430 935 1482 neque
952 1411 1071 1474 Latinas;
1098 1412 1194 1482 quibus
1213 1431 1263 1484 ego
1283 1432 1338 1464 non

283 1503 408 1549 moveor,
433 1495 463 1535 ut
482 1502 543 1536 cum
563 1502 595 1534 eo
613 1482 727 1548 faciam,
755 1481 899 1553 omniaque
919 1501 960 1534 sex
977 1481 1113 1534 Paradosa
1136 1484 1266 1536 continuo
1285 1503 1339 1549 csse

282 1555 391 1625 scripta,
411 1554 540 1606 continuo
559 1552 672 1623 legenda
692 1553 835 1606 existiman.
873 1552 941 1605 Nam
963 1552 1079 1623 primum
1095 1554 1165 1624 quod
1185 1554 1230 1620 ait,
1248 1554 1268 1606 si
1287 1554 1339 1608 hoc

283 1646 388 1689 sumas,
420 1625 505 1677 verius
523 1624 624 1677 dictum
644 1624 677 1676 iri
695 1623 864 1695 Degustuln's
883 1643 969 1693 genus
989 1625 1038 1675 lroc
1057 1653 1091 1663 -
1109 1625 1148 1675 ad
1164 1636 1285 1676 nostrum
1304 1655 1337 1664 —

283 1697 425 1766 transfero
444 1695 547 1746 dicendi
565 1713 668 1765 genus,
686 1695 714 1746 id
733 1695 876 1766 probatum
894 1694 939 1747 ixit
957 1706 1077 1748 contorta
1092 1694 1206 1766 quadam
1226 1697 1338 1762 ratione,

284 1787 357 1837 quae
375 1766 515 1819 obscurior
533 1764 611 1816 etiam
629 1764 658 1816 sn
676 1766 734 1830 iis,
750 1785 818 1836 quae
842 1766 910 1819 iusto
937 1764 1058 1834 longiore
1076 1771 1228 1834 aspredine:
1253 1767 1338 1820 addit:

284 1858 339 1891 nec
357 1837 443 1888 serius
461 1835 529 1887 dicta
546 1846 685 1905 apparent,
704 1847 851 1907 quaesunt
870 1836 898 1887 in
919 1837 1003 1888 verbis
1019 1837 1185 1906 Degustodis
1198 1835 1256 1891 rel:
1277 1856 1338 1889 nam

284 1909 389 1962 etiamsi
409 1906 526 1958 Graecas
543 1906 698 1976 interponas
714 1908 871 1972 sententias,
898 1926 953 1959 non
972 1906 1112 1959 minusad
1131 1906 1278 1960 oratorium
1297 1907 1339 1959 di·

286 1979 365 2033 cendi
385 1996 470 2048 genus
488 1976 612 2030 translata
632 1977 804 2043 videbuntur,
824 1997 906 2049 quam
925 1978 945 2030 si
964 1997 1019 2030 uno
1037 1977 1108 2048 legas
1127 1989 1228 2031 tenore.
1270 1977 1338 2031 lllud

286 2069 350 2103 xero
369 2049 448 2118 plane
467 2049 570 2101 ridetur
588 2049 758 2119 negaxxdum,
777 2068 832 2100 nou
852 2049 937 2120 magis
955 2047 1097 2102 desiderari
1124 2055 1209 2106 θέσεις
1226 2049 1300 2114 istas,
1318 2049 1338 2101 si

287 2121 459 2183 omittantur,
481 2139 568 2190 neque
587 2119 618 2171 iis
635 2119 849 2191 interrumpatur
867 2139 950 2173 nexus
966 2120 1120 2182 continuus,
1139 2139 1220 2190 quam
1239 2121 1266 2171 in
1283 2140 1337 2173 ser-

287 2210 368 2244 mone
386 2191 542 2262 Damasippi
559 2189 632 2260 apud
650 2190 805 2257 Horatium,
832 2191 879 2244 ubi
895 2191 959 2244 item
987 2191 1073 2244 oratio
1092 2191 1126 2243 ab
1149 2191 1201 2243 alio
1220 2189 1339 2262 disputa-

287 2263 367 2317 tionis
384 2262 469 2332 capite
488 2262 520 2314 ad
538 2260 651 2315 alterum
670 2273 867 2330 transcurrens,
894 2263 957 2315 item
983 2263 1045 2315 satis
1062 2281 1140 2332 saepe
1165 2264 1198 2314 sit
1215 2263 1338 2332 abrupta.

288 2335 344 2387 lam
363 2333 421 2384 vide
441 2332 506 2385 mihi
524 2332 719 2403 Damasippum
737 2333 856 2400 Horatii,
882 2333 958 2386 cuius
975 2331 1028 2386 huc
1048 2343 1138 2385 utrum
1157 2344 1228 2385 recte
1250 2334 1337 2386 traba-

288 2418 332 2460 tur
351 2405 530 2475 comparatio,
560 2403 706 2455 admodum
734 2405 837 2457 dubito.
887 2403 933 2456 Est
952 2403 988 2456 ibi
1011 2402 1177 2474 colloquium
1195 2403 1339 2475 Damasip-

289 2495 354 2548 pum
374 2475 444 2527 ioter
462 2486 488 2527 et
504 2473 658 2526 Horatium:
678 2475 706 2527 in
726 2475 757 2527 iis
774 2486 880 2539 autem,
906 2492 981 2557 quae‘
995 2475 1158 2545 Damasippo
1177 2475 1339 2537 tribuuntur,

287 2549 353 2600 item
370 2557 433 2598 sunt
451 2545 583 2609 diverbia,
603 2546 636 2596 ab
656 2546 714 2616 ipso
734 2557 849 2598 narrata.
885 2544 1003 2598 Dxffiette
1015 2555 1054 2598 est
1070 2544 1227 2616 legentibus,
1243 2545 1339 2613 fateor,

290 2637 347 2671 uon
374 2617 534 2687 permiscere
559 2613 754 2684 colloquentes:
778 2616 840 2679 sed,
865 2616 886 2671 si
915 2615 1048 2680 attendas,
1071 2614 1255 2685 deprehendes
1279 2617 1339 2669 satis

288 2689 445 2758 perspicua,
464 2704 533 2756 quae
552 2687 666 2736 obscura
684 2683 724 2734 rel
743 2685 853 2736 conlusa
883 2684 1004 2738 videntur
1021 2685 1139 2754 primum
1159 2684 1264 2756 legenti.
1309 2688 1339 2738 ln

288 2756 434 2813 Paradoxis
453 2775 509 2807 non
534 2765 572 2806 est
598 2753 777 2824 colloquium,
805 2753 849 2805 sed
873 2753 976 2824 aliquot
999 2753 1065 2806 locis
1090 2750 1256 2823 ἀποστροφή,
1286 2775 1338 2825 qua

289 2850 353 2884 usus
371 2826 489 2898 scriptor
506 2824 647 2896 aliquoties
663 2825 743 2877 etiam
760 2824 966 2894 respondentem
984 2824 1046 2877 lacit
1065 2842 1140 2888 eum,
1169 2843 1247 2896 quem
1273 2825 1341 2878 allo-

290 2913 368 2956 cutus
386 2909 440 2961 est,
459 2915 510 2949 nec
529 2915 591 2949 xero
609 2895 659 2960 ita,
678 2907 708 2948 ut
725 2914 775 2966 per
793 2907 875 2948 totam
894 2895 1097 2968 disputationem
1116 2894 1197 2963 (sicut
1214 2906 1252 2948 cst
1268 2896 1339 2966 apud

290 2970 444 3037 Horatium)
463 2967 538 3039 quasi
558 2965 663 3019 salsulae
681 2967 785 3019 senicae
803 2986 934 3038 personae
951 2987 1005 3020 sese
1025 2966 1162 3037 excipiant.
1199 2965 1260 3035 Qua
1282 2979 1340 3020 tan-

292 3043 354 3095 dem
373 3042 477 3095 ratione
496 3040 548 3109 legi
573 3049 645 3091 totus
663 3037 766 3090 libellus
784 3039 864 3108 possit
883 3048 911 3091 ut
929 3057 982 3091 una
1001 3038 1075 3109 quasi
1095 3037 1252 3105 declamatio
1273 3059 1340 3093 con-

291 3116 379 3167 tinua:
407 3131 491 3184 quum
512 3110 639 3176 lacunae,
659 3128 726 3180 quae
745 3109 816 3162 inter
831 3109 977 3163 secundum
1000 3109 1163 3180 potissimum
1181 3123 1206 3163 et
1223 3110 1340 3178 tertium,

291 3187 362 3238 inter
379 3183 485 3237 tertium
502 3193 529 3234 et
547 3192 687 3252 quartum,
712 3181 783 3233 inter
800 3181 923 3252 quintum
944 3194 969 3234 et
992 3193 1091 3234 sextum
1110 3192 1240 3253 apparent
1256 3182 1339 3235 Para·

291 3258 395 3320 doxon,
415 3273 469 3307 non
488 3253 627 3323 explentur
644 3251 732 3324 aliqua
751 3253 901 3323 argumenti
919 3252 1120 3324 significatione,
1134 3273 1206 3324 quae
1223 3253 1339 3306 subitum

292 3327 404 3398 explicet
428 3337 453 3378 et
481 3324 560 3395 plane
590 3324 796 3394 inexspectatum
823 3325 961 3377 transitum
985 3324 1017 3376 ad
1045 3323 1116 3376 aliud
1141 3334 1339 3394 argumentum,

293 3398 366 3470 quod
387 3396 523 3466 quomodo
540 3393 680 3448 cohaereat
698 3396 997 3449 cumautecedentibus
1015 3414 1030 3447 a
1050 3394 1127 3448 nobis
1152 3392 1258 3465 quidem
1282 3414 1341 3448 ma·

292 3470 332 3542 gis
352 3467 507 3538 perspicue,
526 3485 606 3536 quam
626 3465 874 3536 a'lllorgensternio
893 3465 1056 3519 declaratum
1075 3476 1126 3529 est,
1154 3483 1183 3516 ex
1202 3464 1341 3518 Ciceronis

292 3551 383 3594 autem
403 3539 516 3607 abrupta
535 3548 561 3588 et
586 3539 761 3590 commotiore
788 3538 909 3589 oratione
937 3555 992 3588 uon
1020 3547 1073 3587 tam
1099 3533 1177 3586 tacite
1201 3535 1340 3605 percipias.

293 3608 400 3679 Quodsi
417 3625 480 3660 vero
498 3625 623 3678 magnam
642 3607 844 3679 inscriptionum
863 3606 1029 3659 Graecarum
1048 3605 1198 3658 varietatem
1217 3606 1244 3657 iu
1256 3604 1342 3661 Cudd.

296 3680 376 3734 MSS.
396 3689 426 3733 ut
443 3679 536 3732 iustam
554 3679 711 3750 suspicionis
728 3698 847 3745 causam,
874 3677 979 3750 qualem
998 3678 1026 3730 in
1045 3675 1147 3730 Latinis
1165 3677 1342 3731 concessimus

294 3773 363 3818 esse,
382 3771 415 3805 eo
434 3749 519 3803 valere
538 3750 614 3816 selis,
633 3762 661 3804 ut
682 3749 872 3814 existimemus,
900 3749 1016 3804 Graecas
1035 3767 1158 3822 quoque,
1177 3759 1207 3802 ut
1224 3749 1339 3813 Latinas,

293 3824 398 3897 spurias
415 3841 484 3887 esse,
510 3822 566 3874 eius
584 3841 635 3892 ego
655 3821 786 3875 varietatis
804 3821 883 3875 aliam
904 3821 996 3892 plane,
1025 3841 1105 3892 quarn
1125 3819 1255 3874 varietatis
1271 3821 1342 3874 Lati·
1385 3880 1390 3890 ,

293 3913 402 3960 narum,
420 3912 525 3946 causam
545 3912 599 3945 esse
617 3892 736 3945 dixerim.
780 3893 934 3947 Latinarum
960 3893 1086 3945 nimirum
1111 3892 1240 3945 varietatis
1265 3910 1342 3945 cansa

293 3976 332 4020 est
348 3984 442 4018 eorum
459 3965 599 4018 bominum
617 3963 755 4029 sedulitas,
773 3965 819 4034 qui
838 3963 956 4028 Graeca,
976 3983 1091 4036 quorum
1109 3964 1246 4016 conversio
1265 3963 1344 4016 Cice·

294 4038 355 4091 roni
374 4055 545 4108 nequaquam
565 4035 646 4087 sideri
665 4046 770 4106 poterat
789 4036 948 4103 necessaria,
978 4036 1005 4088 in
1032 4054 1124 4087 eorum
1149 4053 1224 4086 usum
1250 4033 1342 4086 Latine

294 4108 415 4161 addenda
434 4106 626 4172 existimarent,
653 4126 769 4176 quorum
794 4106 916 4160 doctrina
934 4127 989 4159 non
1016 4106 1083 4158 ultra
1104 4105 1211 4159 Latinae
1237 4103 1344 4174 linguae

293 4179 431 4232 scientiam
450 4177 615 4231 ascendisset.
643 4177 739 4244 vQuod
760 4197 844 4249 quum
863 4176 953 4249 plures
978 4198 1027 4248 pro
1051 4178 1091 4229 sui
1114 4174 1213 4244 ingenii
1233 4173 1343 4226 modulo

293 4251 431 4314 fecissent,
459 4250 560 4302 lactum
584 4259 635 4312 est,
668 4261 697 4301 ut
721 4250 840 4302 existeret
869 4249 911 4301 illa
937 4251 1062 4312 varietas,
1089 4265 1169 4316 quarn
1195 4244 1263 4297 adeo
1286 4264 1342 4300 non
1386 4297 1389 4301 .

293 4322 424 4375 maiorem
443 4339 498 4373 esse
517 4321 611 4372 merito
631 4319 742 4372 mireris.
776 4319 807 4374 ln
827 4319 937 4373 Graecis
955 4321 1005 4372 alia
1026 4337 1067 4368 res
1084 4327 1130 4368 est.
1176 4314 1235 4367 Non
1264 4317 1342 4389 eqni·

293 4394 356 4446 dem
375 4392 525 4457 contendo,
545 4410 639 4442 omnes
656 4390 749 4461 plane,
775 4403 804 4444 ut
821 4411 873 4462 ego
891 4410 953 4445 cum
972 4389 1030 4442 aliis
1047 4386 1131 4451 edidi,
1157 4387 1343 4459 inscriptiones

293 4464 400 4519 easdem
419 4462 497 4534 plane
516 4481 571 4515 esse
578 4500 586 4528 ,
606 4481 672 4532 quas
689 4460 786 4515 Cicero
805 4461 988 4534 praeposuerit
1012 4478 1060 4513 suo
1079 4458 1277 4514 Paradosorum
1297 4482 1341 4516 ex·
