3450 5342
640 705 835 755 rmnoxon
863 708 913 755 ιιι.
946 708 1016 755 cer.
1033 707 1067 753 n.
1315 688 1387 762 149

330 863 449 934 itemque
468 865 565 919 Orellii
584 864 669 920 Codd.
688 865 770 919 Bern.
787 864 845 918 Bae
865 864 956 920 Guelf.
999 864 1080 918 Solus
1097 862 1166 920 Cod.
1185 869 1243 921 Cn..
1263 873 1289 923 1.
1308 870 1387 927 habet

334 955 359 1005 ei
375 964 488 1026 uterque
511 964 626 1026 utroque
653 955 798 1007 coniuncta
823 964 880 1020 eet,
906 955 961 1009 sola
986 956 1035 1010 Ed.
1055 954 1126 1010 And.
1144 953 1203 1008 Tel.
1227 957 1252 1007 ei
1278 959 1387 1029 utrique

334 1041 465 1093 adiuncta
490 1052 541 1097 eet.
577 1040 645 1096 tttud
663 1052 751 1095 eutem
771 1043 822 1105 eit,
838 1043 924 1118 ¹quod
944 1055 997 1097 tem
1026 1043 1103 1098 multi
1132 1041 1269 1108 exhibent,
1297 1054 1384 1097 ortum

334 1129 447 1184 estsine
465 1129 547 1184 dubio
565 1151 595 1184 ex
614 1131 694 1184 reteri
712 1130 860 1200 scriptione
879 1132 1057 1186 adiuncta’et·
1092 1132 1152 1185 Mr.

404 1218 481 1270 Illud
496 1228 587 1271 tumen
603 1219 742 1286 interest,]
771 1218 841 1272 Cod.
860 1219 940 1274 Dred.
959 1225 986 1274 2.
1002 1219 1075 1272 illud
1091 1230 1182 1271 tamen
1206 1227 1260 1271 eet
1278 1219 1384 1273 inter.

333 1306 405 1361 Gud.
424 1306 457 1360 A.
474 1307 511 1358 id
525 1316 623 1360 tumen.
667 1304 736 1362 Cod.
761 1307 841 1360 Drsd.
857 1310 886 1360 4.
906 1306 982 1380 (qui,
1011 1326 1060 1379 pro
1079 1307 1173 1376 fiant,
1197 1304 1277 1359 hebet
1304 1304 1384 1357 etiem

326 1396 400 1462 fiat)
418 1394 445 1445 in
463 1413 537 1466 seqq.
555 1394 628 1466 quod
643 1394 673 1447 ei
689 1413 774 1447 servo.
816 1394 889 1446 Turn
907 1414 958 1466 pro
977 1396 1064 1460 adsit,
1091 1394 1166 1466 quod
1183 1392 1263 1448 hebet
1281 1391 1383 1446 Gernh.

332 1500 394 1534 curn
414 1480 520 1546 multis,
540 1481 642 1534 dedici
657 1481 693 1532 id
704 1482 774 1552 fit,
804 1501 867 1536 cum
885 1481 949 1545 On,
974 1502 1003 1536 er
1031 1481 1117 1536 codd.
1146 1481 1226 1535 Bern.
1255 1481 1315 1534 Bes.
1342 1500 1383 1535 see

333 1567 410 1636 nn,
429 1568 530 1638 orep.
548 1587 578 1631 ψ.
597 1569 690 1623 nunu.
709 1556 789 1625 nne.
803 1574 828 1624 e.
847 1576 874 1624 2.
895 1574 920 1626 e.
938 1577 964 1626 4.
983 1575 1008 1626 ⁵.
1028 1569 1088 1624 cn.
1108 1575 1132 1624 2.
1154 1568 1222 1623 nee.
1237 1572 1383 1640 preren.

331 1655 381 1708 Ed.
399 1676 443 1727 ep.
460 1655 546 1709 Meus.
573 1657 642 1710 Vict
662 1656 747 1711 suffr.
774 1659 846 1713 Petr.
863 1659 975 1713 Lembb.
995 1659 1091 1712 nostrie
1111 1659 1180 1710 Ven.
1198 1659 1277 1711 1491.
1305 1659 1385 1711 1514.

332 1744 413 1798 ttdtb.
437 1745 499 1798 Par.
523 1765 544 1798 s.
564 1748 685 1800 estet.
704 1749 784 1801 1512.
810 1747 876 1818 Arg.
903 1746 988 1818 Lugd.
1012 1747 1080 1800 Dar.
1105 1744 1207 1798 Sturnr.
1232 1741 1300 1796 Aud.
1326 1743 1385 1795 Tel.
1424 1790 1441 1811 ,

331 1834 395 1886 Asc.
413 1835 493 1887 1511.
511 1832 580 1887 [tob.
599 1830 691 1903 Steph.
709 1833 786 1886 Boni.
805 1832 887 1887 Goth.
907 1833 1057 1888 Ald.1.'t48.
1077 1833 1138 1885 Per.
1154 1832 1234 1885 1549.
1271 1829 1301 1882 ln
1318 1827 1385 1882 Cod.

332 1919 392 1973 Cre.
410 1923 435 1973 1.
454 1929 493 1972 eet
511 1921 536 1972 ri
552 1921 583 1972 ei
590 1930 603 1971 t
630 1920 695 1986 tnj..
720 1919 748 1972 in
775 1919 848 1974 Gud.
866 1919 897 1975 B.
923 1921 983 1992 (qui
1011 1921 1039 1973 in
1065 1917 1283 1986 antecedentibus
1310 1914 1388 1970 hahet

333 2007 377 2058 vel
390 2023 437 2075 pp
454 2008 522 2077 quid
536 2008 565 2058 r'n
583 2010 673 2072 cervo)
691 2007 721 2058 id
737 2008 775 2059 eit
801 2026 851 2077 pp.
871 2008 1013 2073 iniurium,
1038 2006 1110 2060 Gud.
1129 2006 1162 2060 Α.
1186 2016 1212 2060 et
1240 2024 1295 2058 nno
1324 2002 1387 2057 Atdi

332 2095 357 2145 si
375 2094 405 2144 id
418 2092 634 2166 fintinj.01.
653 2112 677 2148 c.
699 2095 797 2149 omittit
815 2096 893 2148 verbe
912 2096 937 2148 εἰ
956 2126 990 2134 -
1006 2095 1173 2165 procreavit,
1192 2092 1242 2147 Or.
1260 2092 1291 2146 E.
1307 2092 1386 2145 habet

333 2184 358 2234 ei
375 2183 406 2232 r‘d
423 2183 544 2243 iniuria,·
562 2200 631 2235 unus
650 2180 711 2235 Aldi
730 2183 755 2233 ei
770 2183 828 2252 fit
847 2183 968 2244 iniuria5
994 2183 1061 2236 elius
1080 2182 1198 2236 eiusdem
1218 2184 1243 2235 ei
1260 2181 1386 2235 adsint

336 2270 501 2323 iniuriae.
536 2268 596 2322 Mr.

406 2358 487 2410 semel
501 2368 631 2427 peccatur
649 2386 684 2396 -
704 2358 792 2409 multa
807 2360 967 2428 peccantur]
998 2358 1104 2412 Mirerie
1130 2378 1209 2426 eene,
1241 2355 1386 2429 quodiam

334 2447 367 2500 H.
387 2445 472 2499 Wott.
492 2456 519 2500 et
542 2445 612 2498 And.
638 2444 753 2498 Talarus
780 2446 1040 2512 animadverterunt,
1064 2444 1116 2500 hoc
1140 2445 1201 2499 loco
1226 2443 1386 2499 Ciceronem

333 2536 422 2606 ipsum
441 2537 482 2600 (nt
499 2532 580 2604 ipsius
599 2534 683 2587 verbis
696 2533 769 2602 uter)
786 2535 814 2587 in
831 2534 987 2588 Stoicorum
1001 2534 1109 2589 dumeta
1120 2551 1270 2603 correpere.
1303 2530 1386 2600 Quod

334 2623 356 2676 si
376 2623 449 2676 enirn
466 2621 525 2675 fieri
544 2632 638 2693 potest,
657 2623 732 2675 utin
754 2642 809 2676 uno
831 2634 941 2694 peccato
960 2622 1042 2677 multe
1062 2633 1216 2694 peccentur,
1234 2639 1267 2674 eo
1284 2620 1343 2692 ipso
1358 2618 1384 2671 id

334 2728 422 2762 unum
441 2719 581 2783 peccatum
601 2708 659 2762 aliis
677 2710 806 2782 peccetis,
825 2710 853 2764 in
872 2711 970 2782 quibus
989 2731 1045 2765 non
1065 2723 1117 2764 tarn
1137 2708 1220 2764 multa
1232 2718 1386 2780 peccentur,

334 2800 394 2852 steri
415 2800 500 2852 maius
519 2817 624 2852 necesse
643 2809 695 2852 eet:
722 2798 796 2870 qnod
815 2799 836 2852 ei
856 2811 911 2865 est,
930 2811 960 2854 ut
984 2798 1076 2871 negari
1101 2797 1212 2870 nequit,
1241 2796 1316 2850 omni
1341 2813 1388 2848 ena

335 2886 515 2957 disputatione
531 2884 596 2939 nihil
615 2886 719 2949 effecit,
739 2885 805 2953 nisi,
834 2888 907 2959 quod
926 2907 1007 2941 nemo
1025 2886 1144 2953 dubitet,
1171 2896 1279 2958 peccate
1298 2884 1388 2938 omnia

335 2995 391 3030 esse
410 2985 526 3046 peccata.
544 3003 579 3013 -
616 2974 645 3027 ln
666 2973 751 3027 Codd.
776 2974 856 3029 Dred.
877 2979 902 3030 1.
921 2988 949 3031 et
966 2979 990 3030 3.
1020 2974 1118 3047 iegitur
1135 2977 1167 3027 σι’
1183 2974 1333 3044 inponis,
1360 2971 1388 3025 in

335 3064 443 3118 Suerin.
462 3063 589 3117 violanda
607 3064 681 3126 vita,
699 3064 727 3117 in
741 3061 827 3117 Codd.
842 3064 923 3118 Dred.
939 3070 963 3118 2.
979 3075 1005 3119 et
1015 3069 1042 3118 4.
1058 3063 1195 3116 multum
1208 3071 1387 3133 peccatur,-

337 3165 395 3208 turn
408 3151 479 3205 Gud.
488 3152 521 3205 Α.
532 3153 685 3224 progenuit,
702 3151 754 3206 01.
762 3153 782 3206 l.
799 3155 953 3222 procreavit
969 3164 1016 3216 te,
1028 3181 1060 3192 -
1080 3152 1151 3204 aluit
1165 3161 1207 3214 te,
1221 3180 1255 3188 -
1269 3148 1388 3202 erudivit

337 3253 388 3311 te;
405 3240 464 3295 Cre.
481 3245 507 3296 3.
526 3251 567 3294 ter
581 3243 617 3293 r'r'e
635 3261 685 3312 pro
702 3242 745 3301 ὡς
767 3240 828 3296 Cre.
843 3244 869 3295 1.
894 3243 941 3313 qui
966 3242 1070 3293 uliud
1094 3240 1181 3306 elicit,
1207 3237 1253 3292 eed
1272 3235 1387 3290 mediam

337 3350 429 3385 vocem
448 3328 530 3382 altera
549 3347 646 3381 munuc
662 3326 765 3382 delerit.
799 3329 874 3382 ldern
888 3329 975 3400 pergit
986 3330 1190 3394 ταυτολογικόςι
1209 3328 1235 3378 ie
1254 3326 1313 3397 qui
1331 3342 1389 3376 nn-

335 3420 460 3480 trivit,
478 3418 503 3469 ie
521 3416 568 3486 qui
585 3415 661 3466 erud·
703 3413 776 3466 Turn
795 3413 867 3468 Gud.
886 3416 917 3467 B.
943 3425 969 3466 et
992 3413 1100 3466 Suerin.
1126 3414 1155 3463 in
1174 3413 1250 3463 domo
1274 3408 1387 3461 aceede

336 3524 402 3558 curn
421 3505 480 3556 cn.
497 3506 524 3555 1.
560 3500 614 3555 Sed
634 3501 711 3572 plura
730 3501 757 3554 in
775 3501 816 3554 his
834 3502 969 3554 variantur
992 3501 1019 3552 in
1038 3498 1124 3551 Codd.
1143 3497 1213 3549 Atti.
1260 3496 1297 3548 lte
1316 3494 1388 3547 eninr

336 3594 396 3648 hic:
415 3595 476 3656 ,‚Ie‚
495 3590 588 3662 quiin
606 3590 699 3641 domo
722 3607 755 3642 ac
772 3588 851 3640 cede
869 3597 903 3638 et
923 3588 951 3638 in
970 3605 1040 3656 rep,
1068 3595 1202 3657 quattuor.
1243 3585 1272 3633 Ie
1296 3580 1389 3651 quiin

338 3685 433 3734 domo
451 3698 484 3730 uc
504 3678 584 3730 sede
602 3678 687 3729 acin
705 3696 774 3746 rep..
794 3677 858 3730 dno.
892 3680 923 3728 Ic
941 3676 988 3748 qui
1005 3675 1034 3728 in
1047 3674 1108 3726 rede
1126 3690 1159 3723 nc
1177 3670 1251 3722 domo
1269 3687 1309 3721 ac
1327 3685 1391 3737 rep„

338 3774 402 3826 duo.
444 3774 474 3822 Is
493 3769 542 3840 qui
565 3769 593 3819 r'n
613 3767 709 3819 domo
735 3784 768 3817 ac
791 3765 872 3818 cede
891 3776 974 3837 atque
1000 3765 1030 3816 in
1048 3781 1119 3834 rep,
1139 3762 1201 3815 duo.
1248 3764 1278 3812 Is
1296 3758 1344 3830 qni
1360 3759 1390 3808 r'n

338 3860 400 3911 cede
418 3858 502 3909 acin
521 3857 596 3908 dumo
611 3866 695 3927 utque
717 3855 835 3923 irrep,
859 3853 923 3906 duo.
972 3857 1002 3905 Is
1030 3851 1077 3925 qui
1103 3851 1132 3902 in
1160 3849 1254 3900 domo
1272 3848 1306 3900 in
1330 3846 1391 3898 sede

339 3957 423 4018 atque
440 3947 469 3997 in
486 3963 556 4014 rep„
580 3946 675 3997 unue.“
711 3941 778 3997 Cod.
795 3944 876 3997 Drsd.
894 3946 918 3997 3.
943 3954 977 3993 et
1002 3943 1085 3994 dorne.
1121 3937 1202 3992 Dred.
1219 3940 1245 3991 5.
1270 3954 1310 3986 αο
1336 3953 1390 4002 rep.

340 4036 404 4088 Post
422 4053 477 4105 rep.
496 4035 523 4086 in
543 4031 602 4086 Cre.
621 4035 646 4088 3.
666 4035 764 4104 scripte
783 4042 873 4096 erent,
900 4050 968 4103 quae
987 4029 1078 4100 paullo
1096 4025 1208 4081 inferius
1225 4031 1389 4093 sequuntur:

341 4141 423 4194 eoque
436 4140 523 4192 poena
539 4122 637 4173 maiore
655 4120 753 4192 dignus
772 4129 826 4173 est:
857 4122 902 4172 sed
928 4120 962 4172 ab
987 4117 1078 4172 eadem
1109 4133 1191 4169 manu
1213 4108 1298 4164 deleta
1323 4115 1393 4158 eunt.

338 4209 390 4264 Or.
410 4208 429 4261 1.
450 4220 573 4279 quartum
592 4207 665 4261 addit
683 4217 722 4271 te,
740 4207 864 4261 exhibens
884 4207 1031 4260 collocavit
1050 4216 1091 4259 te.
1136 4203 1158 4254 F
1160 4220 1198 4254 rc.
1217 4197 1297 4251 etiarn
1318 4192 1391 4266 Sylv.

342 4317 368 4350 ee
387 4297 415 4349 in
435 4316 489 4349 uno
509 4294 578 4350 cod.
594 4295 722 4366 scriptum
742 4296 870 4350 invenisse
890 4295 984 4348 refert:
1009 4294 1033 4345 is
1052 4292 1098 4364 qui
1116 4291 1144 4341 in
1164 4288 1254 4343 domo,
1282 4285 1310 4336 in
1326 4283 1393 4346 rede,

345 4388 372 4437 r'n
391 4384 491 4454 republ.
511 4382 663 4437 collocavit.
698 4382 758 4436 Mc.

414 4471 594 4525 Multitudine
612 4481 782 4541 peccatorum
800 4471 947 4542 praestan]
966 4466 1034 4521 Cod.
1045 4464 1116 4519 Gud.
1128 4463 1158 4514 Β.
1177 4461 1395 4515 multitudinem
