3450 5342
713 708 875 756 excursus
904 709 925 755 r.
1268 689 1341 763 325

288 866 357 916 Cum
378 862 417 917 bis
437 866 525 936 itaque
545 867 785 936 progymnasmatis
803 865 869 919 baec
887 886 995 938 quoque
1018 867 1153 920 paradoxa
1179 871 1340 926 nominanda

288 954 380 1004 sunt.“
955 1014 958 1019 Ι

359 1038 390 1090 Β,
408 1041 581 1095 Latonius:
609 1040 722 1106 „ursana”
742 1042 758 1094 i.
781 1063 803 1094 e.
829 1043 972 1114 proposita.
1013 1042 1092 1095 Unde
1114 1048 1200 1108 θέσις,
1225 1047 1342 1116 quaestio

289 1127 391 1181 infinita
410 1129 481 1199 apud
501 1127 648 1182 rbetores.“
1280 1136 1282 1141 ’

361 1215 409 1267 Au
419 1216 434 1267 d
443 1237 460 1267 ο
469 1235 502 1268 m.
512 1216 556 1268 Ta
565 1215 572 1267 i
580 1235 595 1269 a
603 1236 616 1268 e
624 1236 672 1269 us:
692 1221 796 1283 „dicere
811 1227 871 1270 sunt
883 1216 1073 1288 quaestionesa
1084 1216 1194 1288 singulis
1212 1219 1293 1270 rebus
1310 1220 1342 1272 ad

290 1303 404 1355 universi
424 1303 528 1373 generis
547 1302 752 1373 disputationem
773 1303 917 1357 traductae.
963 1302 1018 1354 Hae
1036 1315 1097 1357 sunt
1116 1305 1264 1376 appellatae
1285 1313 1338 1358 θέ.

290 1409 373 1453 orec,
394 1391 466 1462 quod
486 1391 512 1443 in
531 1389 626 1444 scholis
644 1392 677 1444 ad
697 1391 888 1462 disputandum
905 1389 1129 1460 proponebantur.
1148 1421 1183 1434 ·-
1218 1397 1256 1445 Ut
1275 1396 1343 1447 enim

289 1480 337 1548 (ita
356 1475 411 1531 Cic.
430 1477 509 1531 Tusc.
529 1481 554 1544 1,
573 1478 614 1547 4.)
639 1490 721 1531 antea
747 1477 954 1530 declamitabam
971 1496 1086 1545 causas,
1115 1481 1188 1551 quod
1211 1501 1285 1533 nemo
1304 1501 1343 1534 me

289 1567 394 1618 diutius
407 1567 497 1637 fecit:
526 1573 566 1617 sic
586 1567 652 1616 baec
670 1567 735 1616 milri
758 1584 830 1618 nunc
847 1565 939 1616 senilis
962 1575 1004 1616 est
1023 1566 1191 1620 declamatio.
1240 1572 1342 1620 Ponere

288 1652 424 1710 iubebam,
445 1654 546 1723 dequo
565 1654 625 1724 quis
644 1653 739 1704 audire
759 1652 854 1703 vellet:
886 1653 924 1703 ad
940 1652 970 1703 id
987 1662 1038 1704 aut
1056 1654 1150 1705 sedens
1178 1666 1228 1706 out
1248 1656 1343 1706 ambu-

290 1743 352 1793 lans
370 1741 572 1809 disputabam.“

311 1846 314 1851 ’
362 1827 703 1895 tt.·Wotfius5„tttos.c
722 1822 738 1896 ἢ
759 1832 872 1895 θέματα,
892 1814 1170 1895 πσρὶὦνδιινλεκτὲσν.
1208 1830 1270 1882 Loci
1290 1829 1339 1883 bu·

289 1916 331 1967 ius
357 1916 488 1984 interpres
512 1916 544 1968 sit
570 1917 625 1986 ipse
644 1914 741 1968 Cicero
767 1915 793 1967 in
816 1916 906 1968 Laelio
927 1917 962 1984 [c.
981 1920 1006 1981 5,
1028 1917 1099 1982 lt.]:
1126 1918 1272 1968 Doctorum
1301 1927 1342 1969 est

289 2005 345 2053 ista
364 2004 540 2066 consuetudo,
558 2021 642 2073 eaque
662 2007 835 2066 Graecorum,
863 2012 895 2054 ut
913 2004 948 2055 iis
970 2013 1092 2072 ponatur
1115 2003 1146 2052 de
1171 2022 1224 2074 quo
1249 2003 1341 2072 ‹lispu-

290 2100 364 2146 tent,
391 2091 514 2160 quaereris
538 2091 635 2145 subito.
682 2093 815 2161 Magnum
842 2109 910 2159 opas
933 2101 990 2149 eet,
1014 2101 1126 2161 egetque
1151 2091 1342 2142 exercitatione

292 2195 346 2229 non
362 2181 478 2245 parva.“

363 2262 395 2316 Α.
418 2263 602 2317 Turnebus
628 2263 782 2334 (Adversar.
803 2265 858 2330 XX,
879 2269 921 2317 tr.
950 2285 976 2335 p.
995 2267 1055 2318 ¹92.
1080 2265 1111 2318 Τ.
1131 2265 1163 2318 Il.
1190 2266 1231 2319 ed.
1259 2266 1340 2320 Paris.

293 2353 399 2419 1580.):
417 2350 489 2418 „Sed
509 2373 564 2423 quo
583 2354 691 2406 tandem
714 2354 794 2405 modo
814 2350 924 2419 θεινκιὶ,
954 2371 1021 2422 quae
1040 2353 1166 2406 dicuntur
1190 2355 1217 2405 io
1238 2353 1340 2419 sobolis,

291 2438 488 2491 adoratorium
506 2439 611 2492 dicendi
631 2460 716 2511 genus
734 2439 831 2494 Cicero
851 2439 993 2493 transfert?
1030 2440 1132 2510 Nempe
1151 2440 1224 2510 quod
1243 2461 1257 2492 e
1274 2461 1342 2494 con·

291 2527 433 2581 saltatione
452 2538 478 2580 et
497 2529 651 2597 proposito,
678 2528 703 2579 id
731 2539 769 2581 est
787 2548 816 2579 ex
841 2528 960 2581 universa
987 2538 1012 2581 et
1031 2538 1157 2598 perpetua
1177 2527 1340 2596 quaestione,

290 2633 398 2669 causam
417 2626 442 2667 et
461 2615 668 2666 controversiam
689 2615 828 2669 tractando
855 2614 951 2682 efficit,
978 2615 1003 2667 id
1029 2626 1081 2678 est,
1108 2633 1150 2665 eas
1175 2613 1343 2683 quaestiones

290 2701 323 2753 ad
344 2700 525 2771 quaestionem
544 2701 659 2771 generati
679 2702 825 2756 subiectam
844 2705 981 2756 revocat.“

363 2787 401 2840 Μ.
418 2787 450 2839 Α.
472 2786 630 2841 Muretus
647 2790 740 2858 (Varr.
759 2791 839 2844 Lectt.
859 2790 953 2854 xvm,
973 2793 1017 2842 ta.
1046 2790 1070 2859 p.
1088 2791 1149 2842 460.
1169 2786 1218 2840 Ed.
1237 2785 1342 2839 Rubnlr.

289 2879 323 2931 T.
340 2874 398 2944 ll.):
418 2872 523 2945 „Saepe
541 2875 627 2928 audivi
647 2878 755 2947 quaeri,
783 2897 852 2951 quae
880 2878 1032 2930 dicerentur
1056 2896 1072 2927 e
1098 2873 1230 2928 Cicerone
1250 2874 1343 2925 terami

292 2966 320 3016 in
335 2962 507 3034 ,praefatione
525 2963 736 3018 Paradoxorum.
773 2966 807 3018 Et
820 2965 964 3017 Turnebus
982 2965 1090 3035 quidem
1104 2964 1341 3034 interpretatores,

291 3070 360 3123 quae
379 3049 412 3102 de
431 3059 487 3103 toto
505 3049 597 3122 aliquo
616 3070 714 3122 genere
733 3053 910 3117 disserantur,
932 3050 1012 3103 nullis
1030 3049 1229 3119 circumscripta
1250 3068 1342 3119 perso-

292 3139 348 3205 nis,
365 3138 444 3203 iocis,
464 3139 637 3208 temporibus.
685 3140 785 3193 Notum
804 3152 842 3193 est
868 3140 938 3192 enim
961 3143 1057 3193 θέσεσιν
1081 3139 1190 3191 nomine
1210 3138 1342 3209 quaestio·

291 3245 339 3278 nes
365 3215 497 3290 infinitas,
525 3221 686 3291 ὑποθέσεων,
720 3226 841 3280 definitas
874 3227 901 3279 in
937 3226 1033 3280 scholis
1062 3225 1198 3280 rhetorum
1223 3225 1343 3296 intelligi.

290 3312 358 3366 Mihi
376 3323 464 3364 tamen
485 3312 536 3364 boc
555 3312 662 3383 quidem
683 3312 743 3366 ioco
762 3332 869 3384 semper
888 3312 1051 3384 probabilius
1070 3313 1154 3364 visum
1175 3323 1226 3377 est,
1246 3313 1340 3365 thetica

290 3413 317 3454 et
337 3400 468 3470 paradoxa
487 3399 579 3452 eadem
599 3419 668 3463 esse,
688 3411 718 3453 ut
737 3399 788 3453 boc
806 3398 903 3453 Cicero
923 3400 1008 3464 dicat,
1026 3420 1054 3452 se
1073 3419 1104 3451 ea
1124 3400 1194 3469 ipsa,
1215 3418 1293 3468 quae,
1313 3410 1341 3451 ut

290 3489 329 3539 vix
349 3485 376 3538 in
396 3484 493 3538 sobolis
512 3486 597 3538 audiri
624 3487 724 3552 solent,
756 3488 791 3541 ita
820 3486 966 3540 abhorrent
988 3487 1021 3538 ab
1041 3486 1168 3556 opinione
1194 3483 1341 3549 communi,

289 3584 413 3638 tentasse,
434 3573 564 3645 numquid
584 3574 699 3627 dicendo
719 3589 806 3646 posset
823 3575 946 3641 efficere,
965 3574 1038 3628 utin
1056 3574 1174 3625 forenses
1193 3583 1219 3624 et
1236 3582 1341 3625 senato-

289 3663 343 3716 rias
361 3661 495 3715 orationes
513 3660 730 3729 includerentur,
750 3675 777 3717 et
794 3664 831 3716 itti
852 3665 931 3717 etiam
950 3661 1087 3715 ineruditis
1106 3659 1258 3712 bominibus
1278 3679 1342 3729 pro-

288 3753 425 3804 barentur.
460 3749 553 3804 'l'besis
571 3751 643 3804 enim
666 3763 774 3805 vocatur
792 3752 882 3823 magni
902 3750 1016 3804 alicuius
1035 3749 1081 3801 viri
1101 3767 1116 3799 a
1135 3746 1272 3801 communi
1292 3745 1342 3799 bo·

288 3840 393 3893 minum
413 3840 542 3893 sententia
561 3839 715 3910 discrepans
732 3841 834 3912 opinio.
880 3837 1035 3893 Aristoteles
1059 3837 1147 3908 primo
1165 3834 1341 3905 Topicorum,

288 3947 313 3980 c.
333 3929 365 3979 9:
391 3929 467 3985 θέσις
493 3931 561 3977 ἐστὶν
581 3923 710 3996 ὑπόληψις
735 3925 881 3997 παράδοξος
907 3932 958 3978 νῶν
975 3935 1107 3995 γνωρίμων
1127 3922 1196 3980 τινδς
1215 3919 1282 3972 κατὰ
1301 3941 1342 3980 pe-

288 4018 426 4080 loooolae,
451 4014 504 4067 οἷον
521 4009 563 4066 ‘dre
581 4014 627 4066 otiu
646 4017 714 4067 lotar
733 4013 886 4082 ἀντιλέγειν,
912 4013 1033 4084 καθάπερ
1058 4015 1105 4080 ἔφη
1130 4009 1305 4076 Ἀντισθένης.
1327 4010 1346 4075 'l

287 4097 331 4153 bre
352 4102 439 4153 πάντα
457 4115 564 4155 κινεῖται
583 4100 646 4154 καθ’
669 4100 853 4174 Ἡράκλειτον,
881 4097 956 4174 ribai
974 4105 999 4153 ἓν
1017 4098 1049 4153 mi
1072 4097 1114 4164 le,
1143 4094 1264 4165 καθάπερ
1283 4100 1341 4147 Μέ-

289 4186 378 4248 lescle
392 4210 476 4258 φησιν.
515 4191 586 4243 ldem
601 4191 619 4242 l.
639 4191 831 4262 physicorum:
850 4185 936 4254 baasor
955 4191 989 4258 tq*
1010 4182 1039 4242 ei
1057 4202 1159 4241 σκοπεῖν
1175 4191 1197 4238 al
1214 4180 1340 4250 oiirorci'r,
1359 4228 1367 4235 .

287 4282 332 4327 καὶ
352 4277 417 4346 nutis
435 4276 516 4347 ἄλλην
536 4282 608 4330 θέσιν
635 4275 772 4332 incensoria
797 4284 969 4347 διαλέγεσθαι
995 4285 1046 4330 τῶν
1075 4274 1150 4342 λόγου
1176 4275 1247 4325 ἕνεκα
1269 4275 1340 4338 λεγο-

286 4369 378 4424 μένων.
416 4367 452 4419 lta
471 4378 559 4420 autem
571 4382 665 4420 'meam
685 4369 841 4423 sententiam
861 4387 997 4440 propono,
1017 4378 1045 4419 ut
1064 4383 1121 4417 eam
1142 4361 1261 4415 'l'urnebi
1280 4379 1340 4413 sen-

285 4451 384 4504 tentiae
407 4472 461 4506 non
481 4460 671 4524 anteponam.“
