3450 5342
640 676 834 725 nlnluoxou
852 677 882 721 v.
907 677 976 724 orn.
993 678 1027 723 u.
1272 651 1345 727 207

293 847 584 912 extimescendum.
646 845 717 925 Ego
745 862 826 909 vero
852 845 950 908 istum
982 861 1051 908 non
1076 844 1177 908 modo
1203 861 1345 924 servum,

293 985 353 1047 sed
379 984 615 1065 nequissimum
642 1000 794 1062 servum,
830 984 929 1048 etiam
955 984 984 1047 si
1011 983 1044 1046 in
1067 983 1270 1064 amplissima
1297 985 1347 1049 la·

294 1120 386 1185 milia
412 1124 507 1185 natus
529 1121 580 1197 sit,
607 1120 840 1201 appellandum
857 1124 948 1202 puto.
1000 1124 1107 1202 Atque
1123 1124 1159 1185 ut
1173 1121 1207 1184 in
1229 1137 1349 1200 magna

293 1258 419 1323 familia
443 1261 520 1322 sunt
540 1258 596 1322 alii
622 1257 799 1334 lautiores,
825 1261 860 1320 ut
886 1257 949 1321 sibi
975 1257 1143 1334 videntur,
1166 1257 1264 1335 servi,
1290 1257 1348 1319 sed

292 1401 403 1459 tamen
427 1395 531 1469 servi3
555 1395 603 1458 sic
621 1395 643 1457 ii
659 1394 731 1475 pari
754 1395 890 1458 stultitia
911 1398 997 1475 sunt,
1024 1412 1108 1476 quos
1133 1395 1238 1475 signa,
1264 1414 1347 1477 quos

291 1531 441 1609 tabulae,
480 1547 564 1611 quos
606 1530 768 1594 caelatum
815 1534 1007 1609 argentum,
1052 1547 1136 1610 quos
1177 1528 1347 1597 Corinthia

289 1684 413 1748 opera,
440 1682 523 1746 quos
548 1665 699 1730 aedilicia
724 1666 899 1746 magnilica
924 1666 1028 1731 nimio
1047 1684 1149 1748 opere
1175 1666 1346 1731 delectant

289 1796 347 1868 Ar
375 1820 522 1883 crunno,
557 1800 680 1881 inquit,
715 1797 877 1865 civitatis
900 1798 1104 1890 principes.
1164 1804 1231 1867 Vos
1265 1820 1345 1867 vero

290 1958 335 2005 ne
369 1956 541 2004 servorum
576 1939 708 2020 quidem
741 1942 927 2003 vestrorum
962 1940 1137 2022 principes.
1211 1939 1276 2005 Sed
1311 1944 1346 2003 ut

291 2080 327 2141 in
353 2076 496 2153 inmitia,
523 2076 579 2158 qui
604 2080 746 2141 tractant
771 2078 851 2154 ista,
876 2079 932 2158 qui
954 2082 1101 2160 tergunt,
1128 2080 1183 2160 qui
1209 2082 1345 2159 ungunt,

291 2214 349 2295 qui
376 2219 527 2293 verrunt,
553 2214 609 2295 qui
631 2220 810 2296 spargunt,
841 2232 909 2280 non
935 2217 1203 2281 honestissimum
1234 2218 1344 2283 locum

291 2352 456 2416 servitutis
477 2356 606 2415 tenent:
631 2354 679 2416 sic
704 2354 737 2416 in
764 2354 906 2433 civitate,
928 2355 984 2435 qui
1009 2371 1045 2417 se
1071 2324 1207 2421 istarum
1234 2374 1345 2420 rerum

289 2488 522 2568 cupiditatibus
550 2488 760 2567 dediderunt,
784 2490 886 2571 ipsius
916 2490 1081 2555 servitutis
1105 2493 1215 2555 locum
1238 2510 1344 2573 paene

288 2625 441 2688 infimum
481 2625 638 2688 obtinent
709 2620 877 2713 Magna,
918 2626 1040 2707 inquit,
1088 2620 1184 2691 bella
1223 2628 1346 2716 gessi:

289 2756 440 2846 ertagnis
467 2756 636 2848 imperiis
662 2768 698 2825 et
718 2757 928 2849 provinciis
950 2757 1120 2849 praefui.
1174 2760 1260 2829 Gere
1282 2762 1345 2846 igi·

290 2904 344 2961 tur
370 2895 516 2962 animum
541 2897 640 2962 laude
662 2897 807 2978 dignum.
859 2896 1017 2965 Echionis
1049 2902 1161 2965 tabula
1188 2905 1221 2964 te
1239 2902 1343 2983 stupi-

289 3036 368 3099 dum
394 3035 535 3114 detinet,
572 3040 629 3100 aut
662 3037 793 3117 signum
831 3038 967 3118 aliquod
997 3036 1166 3120 Polycleti.
1236 3039 1342 3116 Mitto,

288 3172 378 3236 unde
402 3173 589 3250 sustuleris,
616 3174 787 3253 quomodo
812 3174 947 3239 hahens.
999 3176 1183 3240 intuentem
1204 3181 1255 3254 te,
1282 3178 1343 3241 ad·

287 3308 481 3384 mirantem,
508 3308 670 3371 clamores
697 3309 867 3373 tollentem
893 3326 995 3391 quum
1017 3310 1127 3387 video,
1151 3326 1283 3375 servum
1311 3318 1342 3377 te

287 3464 362 3513 esse
389 3448 586 3528 ineptiarum
613 3447 763 3510 omnium
797 3446 919 3510 iudico.
984 3443 1070 3512 Nou
1107 3442 1224 3534 igilur
1256 3458 1342 3510 crem

287 3582 355 3650 illo
375 3574 552 3669 festivo?
602 3580 693 3647 Sunt.
753 3581 838 3648 Nam
874 3599 935 3646 nos
962 3598 1095 3662 quoque
1121 3583 1237 3647 oculos
1264 3599 1342 3645 eru·

287 3723 374 3787 ditos
399 3722 568 3786 trahemus.
619 3720 686 3787 Sed
705 3722 847 3786 obsecro
873 3725 923 3799 te,
958 3720 1004 3783 ita
1030 3723 1168 3783 venusta
1193 3718 1342 3784 habean-

286 3868 343 3927 tur
366 3862 442 3938 ista,
478 3876 547 3923 non
580 3862 616 3922 ut
641 3858 772 3923 vincula
807 3859 955 3923 virorum
988 3859 1069 3936 sint,
1111 3858 1170 3921 sed
1206 3862 1242 3921 ut
1279 3860 1341 3923 ob-

287 4004 484 4065 lectamenta
510 4014 699 4079 puerorum.
752 3994 839 4075 Quid
866 3997 954 4060 enim
969 3997 1107 4061 censes?
1131 3996 1158 4059 si
1185 3995 1219 4059 L.
1230 3996 1341 4059 Mum-

284 4136 372 4201 mius
396 4136 541 4217 aliquem
564 4136 702 4202 istorum
729 4134 864 4211 videret,
891 4133 1116 4197 matellionem
1134 4130 1339 4196 Corinthium

283 4272 497 4355 cupidissime
524 4275 737 4347 tractantem,
774 4286 875 4349 quum
908 4271 979 4349 ipse
1014 4272 1116 4332 totam
1145 4265 1336 4331 Corinthum

282 4412 553 4492 contempsisset:
599 4414 708 4473 utrum
748 4409 837 4471 illum
876 4409 981 4471 civem
1021 4404 1254 4481 excellentem,
1294 4420 1335 4467 an
