3450 5342
465 682 701 730 rnoteuottunt
728 682 769 727 tu
797 683 966 730 CIOERONIS
993 684 1175 734 etntnoxt.
1233 688 1337 734 XXXlX

282 861 337 894 non
358 853 420 894 sunt
442 841 560 905 additae,
588 840 614 893 id
635 842 742 912 quidem
763 839 909 906 concedet,
928 841 974 912 qui
994 842 1168 912 reputaverit,
1192 843 1338 914 descriptos

281 933 337 966 esse
356 912 495 966 Ciceronis
513 911 595 963 libros
619 913 651 964 ab
682 912 848 976 homiuibus,
878 911 924 982 qui
951 914 1008 965 lere
1032 931 1128 966 omnes
1154 911 1255 966 Graeca
1283 934 1337 967 non

280 983 479 1053 intelligerent,
498 983 619 1053 adeoque
640 1002 673 1034 ue
691 983 791 1037 litteras
811 982 920 1053 quidem
941 995 1057 1049 nossent,
1076 1002 1224 1053 earumque
1243 985 1339 1054 ligneas

282 1076 297 1107 a
316 1055 417 1107 Latinis
436 1054 586 1125 saepissime
603 1054 766 1125 distinguere
786 1072 840 1105 non
860 1054 1021 1108 didicissent.
1066 1054 1149 1106 Cuius
1174 1055 1339 1123 ignorantiae

283 1126 391 1196 vestigia
411 1137 478 1197 quot
496 1136 644 1196 appareant
663 1145 684 1177 r.
705 1146 728 1178 c.
747 1126 775 1177 in
795 1123 919 1194 Epistolis
936 1124 970 1177 ad
990 1124 1125 1191 Atticum,
1152 1124 1204 1177 dici
1224 1125 1261 1176 rix
1280 1137 1341 1194 pot·

284 1208 336 1250 est:
356 1216 458 1267 neque,
488 1197 534 1267 qui
561 1193 700 1248 Ciceronis
724 1195 830 1248 codices
856 1214 938 1247 manu
964 1196 1049 1260 trivit,
1077 1213 1175 1265 negare
1200 1195 1340 1266 quisquam

284 1269 390 1338 poterit,
427 1261 479 1319 Sed
504 1266 569 1319 alias
587 1286 697 1338 quoque
721 1266 808 1320 attulit
834 1266 950 1319 rationes
974 1266 1219 1334 Morgensternius,
1245 1268 1343 1337 quibus

285 1339 362 1390 nobis
379 1338 539 1408 persuadere
556 1337 654 1402 soluit,
679 1337 765 1390 nullas
795 1335 874 1407 plane
898 1336 978 1389 fuisse
996 1356 1010 1388 a
1030 1335 1169 1391 Ciceronis
1192 1357 1274 1389 manu
1293 1338 1341 1389 ad-

284 1411 352 1462 ditas
368 1410 569 1479 inscriptiones,
589 1428 676 1479 neque
696 1408 828 1472 Graecas,
848 1427 937 1478 neque
954 1407 1073 1470 Latinas;
1100 1409 1196 1480 quibus
1215 1428 1265 1479 ego
1286 1428 1340 1461 non

286 1500 410 1545 moreor,
435 1492 465 1533 ut
483 1499 546 1532 cum
565 1499 597 1531 eo
616 1479 729 1545 faciam,
757 1479 901 1549 omniaque
921 1497 962 1530 sex
979 1478 1115 1531 Paradoxa
1139 1480 1268 1532 continuo
1287 1499 1341 1547 esse

285 1551 394 1621 scripta,
413 1550 543 1603 contiuuo
562 1548 675 1620 legenda
694 1549 838 1603 existiman.
875 1549 943 1601 Nam
966 1549 1167 1622 primumquod
1187 1551 1231 1616 ait,
1250 1551 1270 1602 si
1289 1551 1341 1604 hoc

286 1642 390 1686 sumas,
422 1621 507 1673 serius
526 1621 627 1673 dictum
646 1621 679 1673 iri
698 1620 867 1691 Degustebis
885 1639 972 1689 genus
992 1621 1041 1671 ltoc
1059 1649 1093 1659 -
1111 1622 1149 1672 ad
1165 1633 1287 1673 nostrum
1306 1651 1339 1661 -

286 1693 427 1762 transfero
446 1693 549 1742 dicendi
568 1710 670 1760 genus,
690 1692 716 1742 id
737 1692 879 1761 probatum
897 1690 942 1742 ixit
959 1701 1080 1744 contorta
1094 1691 1208 1762 quadam
1227 1693 1340 1758 ratione,

287 1783 359 1833 quae
377 1761 517 1813 obscurior
535 1761 613 1812 etiarn
632 1760 661 1811 fir
678 1762 722 1824 iis,
752 1781 821 1831 quae
844 1762 913 1815 iusto
939 1761 1060 1829 longiore
1078 1768 1230 1830 napesde'on
1255 1763 1340 1816 addit:

286 1854 340 1887 nec
359 1832 445 1884 serius
462 1832 531 1883 dicta
548 1841 687 1901 apparent,
706 1842 854 1901 quaesunt
873 1832 901 1883 in
922 1832 1006 1883 verbis
1022 1833 1187 1902 Degustalis
1201 1832 1259 1886 rel:
1279 1852 1341 1885 nam

286 1905 391 1958 etiamsi
411 1902 527 1955 Graecas
545 1901 700 1972 interponas
717 1903 874 1967 sententias,
900 1921 956 1954 uon
975 1901 1114 1954 minusad
1134 1903 1281 1956 oratorium
1300 1904 1342 1955 di·

288 1975 367 2028 cendi
387 1992 472 2042 genus
490 1971 614 2024 translata
634 1973 807 2038 videbuntur,
827 1992 908 2044 quam
927 1973 947 2024 si
966 1992 1021 2025 uno
1039 1972 1111 2042 legas
1130 1984 1230 2026 tenore.
1272 1973 1340 2027 lllud

288 2065 352 2099 xero
371 2044 450 2113 plane
469 2044 572 2095 ridetur
591 2044 761 2114 negandum,
780 2062 835 2095 non
855 2043 939 2114 magis
957 2042 1100 2096 desiderari
1127 2050 1211 2102 dicare
1228 2045 1302 2110 istas,
1320 2045 1340 2097 si

289 2116 461 2178 omittantur,
483 2134 570 2185 neque
590 2114 620 2165 iis
637 2115 852 2184 interrumpatur
869 2134 951 2168 nexus
969 2116 1122 2177 continuus,
1142 2135 1223 2186 quam
1241 2117 1268 2167 ixx
1285 2136 1339 2169 ser-

289 2206 370 2240 mone
388 2186 544 2256 Damasippi
562 2184 634 2255 apud
653 2184 808 2252 lloratiurn,
834 2187 881 2239 ubi
898 2187 961 2239 item
990 2186 1075 2239 oratio
1095 2186 1127 2238 ab
1152 2186 1204 2238 alio
1223 2185 1341 2256 disputa-

289 2260 369 2312 tionis
387 2257 472 2327 capite
490 2257 523 2309 ad
541 2255 653 2309 alterum
673 2267 869 2324 transcurrens,
896 2259 959 2311 item
985 2259 1048 2310 satis
1065 2276 1143 2326 saepe
1168 2259 1200 2309 sit
1218 2258 1340 2327 abrupta.

291 2331 347 2382 lam
366 2328 424 2379 vide
444 2327 508 2379 mihi
526 2327 721 2398 Damasippum
740 2327 858 2394 Horatii,
884 2328 960 2381 cuius
977 2326 1030 2381 huc
1051 2339 1140 2380 utrum
1159 2339 1231 2380 recte
1253 2329 1340 2381 traha-

290 2414 335 2454 tur
353 2399 533 2470 comparatio,
562 2398 707 2450 admodum
736 2399 839 2452 dubito.
889 2399 935 2452 Est
953 2399 990 2451 ibi
1014 2398 1179 2469 colloquium
1198 2398 1342 2470 Damasip-

292 2490 356 2542 pum
376 2471 446 2522 inter
465 2481 490 2522 et
506 2468 660 2521 Horatium:
680 2470 708 2522 in
728 2470 759 2522 iis
776 2481 882 2535 autem,
908 2489 981 2553 quae·
997 2470 1160 2540 Damasippo
1179 2470 1341 2534 tribuuntur,

290 2545 355 2595 item
372 2552 436 2594 sunt
453 2540 586 2604 diverbia,
605 2541 638 2591 ab
658 2540 715 2611 ipso
735 2552 850 2594 narrata.
887 2540 1005 2595 Difficile
1017 2552 1055 2594 est
1072 2540 1229 2612 legentibus,
1245 2541 1341 2609 fateor,

293 2632 350 2666 non
376 2612 536 2683 permiscere
561 2609 755 2681 colloquentes:
780 2612 841 2676 sed,
867 2612 887 2668 si
916 2611 1049 2677 attendas,
1073 2611 1257 2682 deprehendes
1281 2614 1341 2665 satis

291 2684 447 2754 perspicua,
466 2701 535 2753 quae
553 2683 667 2733 obscura
686 2681 725 2732 vel
744 2683 854 2734 confusa
884 2682 1005 2736 videntur
1022 2683 1140 2753 primum
1160 2683 1265 2755 legenti.
1310 2685 1342 2751 lu

291 2753 436 2808 Paradoxis
455 2772 510 2804 non
536 2762 574 2804 est
599 2751 777 2822 colloquium,
805 2751 850 2804 sed
874 2752 976 2824 aliquot
1000 2752 1065 2806 locis
1091 2749 1257 2823 ἀποστροφή,
1287 2773 1339 2823 qua

291 2846 355 2879 usus
373 2824 490 2894 scriptor
508 2822 648 2894 aliquoties
664 2823 743 2875 etiam
761 2823 966 2893 respondentem
984 2824 1047 2876 facit
1065 2843 1140 2888 eum,
1169 2843 1248 2896 quem
1274 2824 1342 2878 allo·

292 2908 370 2951 cutus
388 2906 442 2957 est,
460 2912 512 2946 nec
531 2913 592 2945 vero
610 2893 660 2958 ita,
680 2905 708 2946 ut
726 2913 776 2964 per
793 2905 875 2948 totam
894 2893 1098 2968 disputationem
1117 2895 1197 2963 (sicut
1214 2906 1252 2948 est
1269 2897 1340 2965 apud

292 2967 446 3034 Horatium)
465 2965 539 3037 qnasi
559 2963 664 3017 salsulae
682 2965 786 3017 senicae
804 2985 934 3037 personae
952 2986 1006 3019 sese
1026 2966 1163 3037 excipiant.
1200 2965 1261 3035 Qua
1282 2979 1340 3019 tau·

294 3039 356 3091 dem
375 3037 478 3091 ratione
497 3037 550 3106 legi
575 3046 646 3088 totus
663 3034 766 3089 libellus
785 3037 866 3107 possit
884 3048 912 3090 ut
930 3056 983 3090 una
1002 3037 1076 3108 quasi
1095 3036 1252 3104 declamatio
1274 3058 1341 3092 con-

294 3111 381 3164 tinua:
409 3127 493 3180 quum
514 3107 640 3173 lacunae,
660 3127 728 3178 quae
746 3107 817 3160 inter
832 3108 979 3162 secundum
1001 3109 1164 3179 potissimum
1182 3122 1207 3162 et
1224 3109 1340 3176 tertium,

292 3183 364 3234 inter
381 3180 487 3233 tertium
504 3189 531 3230 et
548 3189 689 3249 quartum,
714 3179 783 3231 inter
802 3180 925 3250 quintum
945 3192 970 3233 et
994 3191 1093 3232 sextum
1112 3191 1241 3251 apparent
1258 3181 1341 3233 Para·

292 3254 397 3316 doxon,
416 3270 471 3303 non
490 3250 628 3320 explentur
645 3249 733 3322 aliqua
752 3252 902 3321 argumenti
921 3250 1122 3322 signilicatione,
1135 3271 1208 3322 quae
1225 3250 1340 3304 subitum

293 3323 405 3393 explicet
429 3333 455 3375 et
483 3321 562 3392 plane
591 3323 797 3391 inexspectatum
824 3323 962 3375 transitum
987 3322 1019 3374 ad
1047 3320 1118 3374 aliud
1142 3332 1341 3392 argumentum,

295 3393 368 3466 quod
389 3393 525 3462 quomodo
542 3391 682 3445 cohaereat
700 3411 761 3445 cum
781 3393 999 3447 antecedentibus
1018 3412 1032 3444 a
1052 3392 1129 3445 nobis
1153 3390 1260 3462 quidem
1283 3411 1343 3445 ma·

293 3467 334 3538 gis
354 3464 507 3534 perspicue,
526 3483 607 3534 quam
628 3461 876 3532 a'Morgensternio
895 3462 1058 3516 declaratum
1077 3472 1128 3525 est,
1156 3481 1185 3513 ex
1204 3461 1343 3514 Ciceronis

292 3546 385 3590 autem
405 3536 516 3604 abrupta
535 3546 561 3587 et
587 3535 763 3587 commotiore
790 3535 911 3585 oratione
940 3551 994 3584 non
1022 3544 1075 3584 tam
1101 3530 1179 3582 tacite
1203 3531 1342 3602 percipias.

294 3604 401 3674 Quodsi
419 3623 481 3657 vero
499 3623 624 3676 magnam
644 3603 846 3675 inscriptionum
866 3602 1031 3655 Graecarum
1050 3601 1199 3654 varietatem
1219 3602 1246 3653 in
1258 3600 1343 3656 Cudd.

297 3676 378 3730 MSS.
398 3686 427 3730 ut
444 3677 537 3728 iustam
556 3675 712 3748 suspicionis
730 3694 849 3741 causam,
876 3672 981 3746 qualem
1000 3675 1028 3726 in
1047 3671 1148 3726 Latinis
1167 3673 1344 3726 concessimus

294 3769 364 3814 esse,
384 3767 416 3801 eo
436 3746 521 3799 valere
540 3747 616 3814 velis,
635 3759 663 3800 ut
684 3746 873 3810 existimemus,
902 3745 1018 3800 Grae'cas
1037 3763 1160 3818 quoque,
1179 3757 1209 3798 ut
1226 3745 1341 3809 Latinas,

293 3820 399 3893 spurias
417 3837 486 3883 esse,
512 3818 568 3871 eius
586 3838 636 3889 ego
657 3818 787 3871 varietatis
806 3817 885 3872 aliam
906 3817 998 3888 plane,
1027 3837 1107 3888 quam
1127 3816 1256 3870 varietatis
1274 3817 1344 3870 Lati-
1387 3875 1392 3885 ⁴

294 3909 403 3956 narum,
421 3909 527 3943 causam
547 3909 601 3942 esse
619 3889 738 3941 dixerim.
781 3890 936 3943 Latinarum
962 3889 1088 3942 nimirum
1112 3889 1242 3942 varietatis
1267 3908 1344 3941 eausa

294 3972 333 4016 est
349 3980 444 4015 eorum
460 3959 600 4014 hominum
619 3960 757 4026 sedulitas,
775 3962 820 4032 qui
840 3960 958 4024 Graeca,
978 3980 1092 4033 quotum
1111 3961 1248 4012 coxxxersio
1267 3959 1346 4013 Cice-

295 4034 355 4086 roni
374 4051 547 4104 nequaquam
567 4031 648 4084 sideri
667 4043 772 4103 poterat
790 4033 949 4100 necessaria,
980 4033 1007 4085 in
1033 4050 1126 4084 eorum
1150 4050 1226 4083 usum
1252 4030 1344 4083 Latine

295 4104 416 4156 addenda
436 4103 628 4169 existimarent,
655 4123 771 4173 quorum
796 4103 918 4157 doctrina
936 4124 991 4156 non
1018 4102 1084 4155 ultra
1106 4102 1213 4155 Latinae
1238 4100 1346 4170 linguae

294 4175 432 4229 scientiam
451 4174 617 4228 ascendisset.
645 4174 740 4241 ¹Quod
762 4194 845 4246 quum
866 4173 955 4245 plures
980 4194 1029 4245 pro
1053 4175 1093 4226 sui
1116 4172 1215 4241 ingenii
1235 4169 1344 4223 modulo

294 4247 432 4312 fecissent,
461 4246 562 4298 lactum
586 4256 637 4309 est,
669 4258 698 4298 ut
723 4247 842 4299 existeret
871 4246 913 4298 illa
939 4247 1063 4309 varietas,
1091 4262 1171 4313 quam
1197 4241 1265 4294 adeo
1288 4260 1344 4296 non
1381 4282 1383 4285 -

294 4318 425 4370 maiorem
445 4336 500 4370 esse
520 4317 614 4369 merito
633 4317 743 4369 mireris.
778 4316 809 4371 ln
829 4316 939 4371 Graecis
957 4318 1007 4369 alia
1028 4334 1069 4366 res
1086 4323 1131 4365 est.
1178 4311 1237 4365 Non
1266 4314 1343 4386 eqni-

294 4390 357 4441 dem
376 4388 528 4453 contendo,
548 4407 641 4440 omnes
659 4387 751 4459 plane,
777 4400 806 4441 ut
823 4408 874 4459 ego
894 4408 954 4443 cum
974 4386 1031 4439 aliis
1048 4383 1132 4447 edidi,
1159 4383 1344 4456 inscriptiones

295 4460 401 4514 easdem
421 4459 500 4531 plane
519 4478 588 4525 esse,
608 4478 674 4529 quas
691 4458 787 4513 Cicero
806 4458 990 4532 praeposuerit
1014 4475 1062 4510 suo
1081 4455 1279 4512 Paradoxorum
1299 4478 1343 4512 ex-
