3450 5342
335 670 419 717 rvm
498 657 598 714 tunsi
624 661 808 713 serenatus
833 660 952 709 cntrtct
977 662 1018 708 nn
1043 661 1227 725 susinum.

337 833 415 883 riusa.
449 827 565 881 Parisiis
582 845 614 876 es
634 824 682 894 off.
702 824 765 876 Sint.
785 823 917 889 Colinaei,
938 823 1016 876 1543.
1037 825 1079 876 16.
1118 821 1206 876 Editio
1227 823 1326 890 nitida,
1347 842 1394 880 ac-

335 928 425 970 curate
445 926 572 969 correcta.

405 1006 448 1057 itt.
477 1007 517 1056 M.
528 1007 558 1055 T.
570 1006 597 1055 0.
609 999 663 1068 Off.
671 1016 751 1068 opera
765 997 874 1067 Wolfg.
893 997 922 1048 A
928 997 1077 1049 nemoeci
1084 998 1094 1047 i
1112 1015 1145 1048 es
1168 999 1308 1053 vetustiss.
1330 999 1392 1051 cos.

333 1092 395 1160 pius
412 1108 493 1162 quarn
511 1090 540 1140 in
559 1095 664 1138 centum
683 1085 747 1137 locis
765 1085 898 1152 castigati
916 1093 943 1133 et
960 1084 1098 1149 restituti,
1118 1085 1150 1135 de
1168 1086 1256 1139 Annio.
1275 1087 1309 1137 de
1328 1089 1387 1136 Sen.

335 1177 488 1229 Paradosis
507 1184 590 1246 atque
608 1177 695 1226 Somn.
714 1173 786 1241 Scip.
814 1189 870 1222 una
888 1189 948 1222 curn
968 1171 1075 1242 dialogo
1094 1174 1260 1230 Anemoecii,
1289 1175 1318 1225 iu
1337 1193 1390 1245 quo

335 1265 421 1316 reddit
441 1264 586 1326 rationem,
605 1260 731 1312 corillus
749 1259 821 1311 iocos
839 1260 997 1313 mutaverit.
1014 1287 1051 1300 -
1088 1262 1153 1310 Com
1169 1277 1232 1313 ann.
1251 1264 1317 1312 Des.
1336 1265 1390 1316 Er.

336 1353 416 1413 non,
436 1350 507 1400 Pisil.
525 1349 604 1402 Met.
623 1359 650 1399 et
672 1347 770 1399 Barth.
789 1352 866 1399 Lat.
886 1347 1020 1416 adspersis
1040 1350 1116 1398 Conr.
1131 1347 1286 1399 Coclenii
1313 1349 1389 1400 seim·

337 1438 381 1488 liis
400 1466 434 1474 —
454 1437 510 1488 adi.
528 1437 612 1488 variis
631 1434 795 1487 lectionibus.
807 1463 839 1474 -
859 1433 939 1487 Basii.
956 1433 1042 1487 Nicoi.
1061 1432 1180 1505 Bryiing.
1199 1432 1237 1486 M.
1245 1433 1280 1486 D.
1289 1433 1344 1486 LX.
1365 1438 1388 1487 8.

337 1521 416 1576 Coni.
435 1523 539 1576 Beier
556 1523 574 1575 Ι.
594 1543 617 1577 c.
635 1543 662 1594 p.
678 1527 740 1578 450.
759 1522 793 1576 N.
809 1526 853 1576 2⁹.
896 1522 968 1577 Dicit
994 1522 1064 1576 banc
1089 1521 1140 1577 Ed.
1167 1519 1286 1575 Oreliius
1312 1521 1391 1577 Ono·

338 1623 411 1665 mast.
431 1610 502 1664 Tott.
519 1610 550 1663 T.
569 1609 589 1663 1.
609 1630 636 1681 p.
655 1613 716 1666 351.
736 1610 1111 1664 Pseudo-Anemoecianam.

410 1701 452 1752 11.
495 1702 534 1750 M.
563 1702 593 1749 Τ.
621 1702 648 1753 C.
678 1698 734 1767 Off.
753 1709 802 1751 etc.
834 1698 983 1750 Paradoxa
1010 1726 1044 1739 -
1073 1700 1116 1748 Ex
1144 1698 1324 1769 castigatione
1352 1704 1390 1750 Io.

337 1787 526 1840 Boulierii.
564 1786 649 1857 Lugd.
668 1806 711 1858 ap.
730 1785 794 1839 Ant.
813 1785 1095 1839 Vincentium.1562.
1114 1787 1138 1838 8.
1157 1794 1182 1837 et
1200 1785 1236 1837 ib.
1247 1788 1327 1839 1⁵68.
1346 1788 1388 1837 12.

339 1875 417 1929 Prior
427 1876 468 1929 ed.
487 1877 515 1927 in
534 1875 655 1946 margine
674 1873 753 1926 babet
772 1872 868 1927 multas
883 1872 1011 1926 lectiones
1029 1871 1228 1924 memorabiles:
1248 1872 1388 1941 posterior,

338 1961 442 2014 minore
459 1963 561 2026 fornia,
590 1981 644 2013 nou
672 1961 757 2014 babet.
805 1959 859 2013 Sed
885 1980 935 2014 nee
963 1959 1055 2013 eadem
1080 1959 1177 2012 babent
1202 1959 1229 2010 in
1255 1960 1389 2012 contextis.

338 2045 384 2100 Sic
404 2049 489 2103 maior
507 2049 534 2101 in
553 2048 722 2101 Praefatione
741 2057 820 2099 exte:
849 2046 915 2106 Sed
932 2057 1063 2112 tamen,
1093 2056 1125 2097 ot
1150 2064 1183 2096 cx
1208 2045 1301 2095 eadem
1321 2045 1389 2116 offi-

258 2183 261 2189 .
338 2136 399 2187 cina
419 2136 505 2188 exisse
522 2145 713 2204 appareat:
733 2135 761 2186 in
780 2152 879 2204 marg.=
899 2135 974 2187 tale
993 2141 1105 2184 tannen
1123 2143 1190 2189 est.
1208 2143 1286 2184 ut—
1303 2135 1389 2185 exisse

338 2223 514 2274 videatur:
535 2222 576 2276 ed.
596 2223 674 2278 min.:
693 2223 748 2275 sed
765 2232 854 2273 tamen
873 2233 925 2274 est
945 2223 1034 2285 tale,
1053 2231 1085 2272 ut
1105 2249 1137 2260 -
1157 2229 1298 2288 appareat.
1336 2217 1388 2273 Ce-

339 2319 425 2361 terum
446 2321 539 2362 notum
558 2322 611 2375 est,
636 2308 861 2361 B'oulierium
880 2329 991 2380 operam
1011 2328 1066 2361 non
1094 2307 1319 2362 contemnendam
1340 2327 1388 2362 na·

338 2416 407 2450 vasse
426 2395 551 2451 Ciceroni
569 2396 673 2451 edendo
698 2407 759 2451 aute
780 2397 996 2450 Lambinum:
1023 2397 1124 2450 iactum
1151 2406 1240 2448 autem
1259 2415 1329 2461 esse,
1359 2407 1387 2449 ut

338 2485 394 2539 eius
412 2484 508 2550 editio,
527 2496 700 2556 posteaquam
719 2485 893 2537 Lambiniana
913 2484 1026 2556 prodiit,
1051 2485 1086 2537 ita
1106 2484 1294 2536 obscuraretur
1311 2481 1389 2535 buius

338 2573 513 2642 praestantia,
543 2584 571 2625 ut
597 2572 694 2638 muita,
725 2571 793 2645 quac
819 2573 988 2626 aBouiierio
1018 2573 1097 2626 tacite
1125 2581 1232 2641 accepta
1256 2568 1285 2621 in
1311 2589 1386 2623 suam

338 2661 509 2716 transtulisset
527 2660 670 2714 editionem
689 2661 849 2728 Lambinus,
868 2660 990 2714 Lambini
1009 2658 1117 2732 iugenio
1135 2659 1326 2712 tribuerentur.

409 2753 452 2804 12.
490 2750 542 2803 Cic.
562 2750 592 2802 de
613 2750 669 2820 Off.
688 2752 738 2805 etc.
780 2754 818 2803 Et
843 2751 873 2802 in
900 2751 942 2803 bis
961 2750 1149 2801 animadversa
1175 2744 1308 2818 quaedam
1324 2757 1387 2814 post

337 2837 464 2908 Dionysii
481 2836 639 2888 Lambini
657 2839 772 2890 omnium
789 2838 1023 2891 accuratissimam
1041 2834 1182 2886 editionem
1200 2832 1236 2882 ab
1255 2836 1295 2887 lo.
1314 2836 1387 2884 Cau-

338 2926 411 2988 ctio,
439 2927 515 2976 Corn.
537 2924 645 2976 Valerio
668 2934 696 2975 et
715 2925 845 2978 Gulieima
867 2929 995 2988 Cantero,
1028 2921 1214 2976 Uitraieotinis
1239 2921 1270 2970 de
1288 2919 1387 2972 studiis

338 3010 520 3062 humanitatis
538 3007 600 3060 bene
618 3011 728 3063 meritis.
764 3012 868 3065 Annot.
884 3016 918 3064 P.
936 3011 1059 3063 Manutii
1077 3011 1105 3062 in
1124 3028 1207 3082 ntarg.
1226 3009 1314 3062 adscr.
1333 3007 1386 3061 Aa·

339 3115 402 3149 cess.
430 3097 465 3145 D.
493 3094 616 3147 Lambini
643 3107 735 3150 annot.
754 3126 789 3138 -
822 3099 911 3152 Calon.
942 3098 1058 3171 Agripp.
1089 3117 1133 3167 op.
1162 3101 1202 3150 Io.
1230 3099 1387 3168 Gymnieom

338 3186 418 3237 1516.
434 3185 459 3234 8.
494 3182 594 3234 Decem
615 3184 692 3236 annis
712 3196 770 3256 post
788 3185 990 3239 Lambiniauam
1007 3185 1105 3256 prodiit
1124 3184 1188 3237 baec
1206 3183 1301 3241 editio.
1320 3201 1387 3254 quae

338 3287 366 3321 er
387 3269 578 3338 posterioribus
595 3270 651 3323 fere
669 3270 741 3337 sola,
764 3282 792 3324 ut
811 3273 928 3339 ridetur,
956 3273 1078 3327 Lambini
1098 3283 1209 3337 textum,
1238 3271 1283 3342 qui
1304 3271 1386 3323 estin

337 3355 387 3409 Ed.
407 3375 431 3409 a.
451 3359 544 3422 1566„
575 3357 630 3410 iere
649 3359 783 3430 integrum
803 3361 921 3428 exbibet,
953 3373 978 3414 et
1002 3363 1040 3414 vix
1060 3380 1114 3414 uno
1141 3359 1255 3414 alterove
1273 3358 1333 3410 ioco
1353 3357 1386 3408 ab

337 3462 370 3497 eo
389 3444 498 3499 recedit.
806 3454 809 3458 '

408 3520 451 3587 13'.
487 3533 640 3587 Andomari
660 3536 755 3588 Talaei
773 3539 971 3591 Praeleotioncs
991 3541 1019 3588 in
1033 3538 1179 3588 Ciceronem
1205 3533 1384 3601 [Academica

337 3619 369 3672 de
384 3619 515 3688 Oratore,
535 3623 615 3693 Top,
635 3624 788 3689 Pas-adora,
808 3626 840 3677 de
860 3626 952 3678 Partit.
972 3627 1023 3693 urz]
1044 3636 1094 3678 etc.
1113 3641 1175 3677 eum
1194 3620 1283 3672 indice
1302 3620 1386 3672 Frau-

338 3708 390 3760 cof.
404 3708 510 3761 baered.
530 3712 560 3761 Α.
579 3710 711 3762 Wecbeii.
728 3710 766 3760 Μ.
784 3711 818 3762 D.
837 3711 976 3764 Lxxxttt.
996 3716 1020 3765 8.
1058 3713 1150 3765 lnsunt
1162 3711 1239 3763 etiam
1250 3705 1386 3761 Ciceronis

338 3793 444 3862 verba.].
479 3795 576 3859 Erant,
597 3799 650 3868 qui*
662 3796 796 3863 dicerent,
822 3796 1007 3852 Andomarum
1025 3800 1155 3853 Talaeum
1180 3817 1235 3851 esse
1252 3794 1385 3859 osorouu-

337 3901 401 3945 μον,
423 3892 455 3957 Ι(εἰ
472 3884 520 3935 sub
539 3883 595 3936 eius
613 3883 723 3936 nomine
743 3884 823 3937 intere
841 3886 951 3940 Petrirm
970 3888 1103 3952 Remum,
1129 3886 1240 3938 Adriani
1267 3882 1385 3937 Turnebi

336 3968 523 4022 adversarium.
559 3968 611 4023 Sed
621 3970 671 4024 aiia
684 3972 786 4026 docetJ
794 3974 964 4029 oecberus
983 3997 1004 4027 v.
1016 3975 1144 4039 Telemus,
1158 3993 1181 4026 v.
1193 3972 1301 4037 Talens,
1314 3969 1387 4025 cuius

337 4076 437 4110 nomen
455 4055 589 4110 Gallicum
609 4058 687 4111 fuisse
705 4059 768 4113 dicit
790 4063 892 4116 tuton:
923 4064 999 4136 isque
1026 4073 1147 4116 mortuus
1174 4079 1229 4113 esse
1247 4059 1346 4112 dicitur
1364 4077 1385 4108 a.

337 4146 415 4201 1551.
453 4143 645 4199 Commentarii
665 4147 721 4199 eius
738 4146 816 4200 bodie
836 4169 945 4221 quoque
963 4150 1074 4218 babent,
1106 4168 1160 4220 quo
1188 4167 1216 4199 se
1247 4163 1386 4199 commen-

336 4229 413 4299 dent,
434 4235 460 4286 in
480 4234 572 4305 primis
590 4233 703 4287 aliorum
722 4237 883 4306 scriptorum
901 4251 1019 4293 veterum
1038 4235 1180 4292 commoda
1200 4234 1351 4288 collatione.
1387 4245 1394 4253 ‘

406 4321 448 4372 14.
487 4326 526 4374 Μ.
549 4328 578 4376 Τ.
598 4325 650 4379 Cic.
669 4322 725 4392 Off.
745 4327 805 4377 Cat.
823 4328 865 4377 M.
885 4327 960 4380 nael.
977 4326 1140 4387 Parodaxa,
1160 4326 1248 4373 Somn.
1267 4323 1336 4391 Scip.
1354 4336 1385 4369 ex

336 4423 386 4458 rec.
413 4409 437 4459 Ι.
457 4412 488 4459 G.
515 4413 638 4464 Graevii:
666 4431 725 4464 cum
749 4414 782 4468 ei.
806 4414 878 4465 natis
902 4424 929 4465 et
948 4417 1063 4485 integris
1081 4409 1234 4463 animadvv.
1254 4405 1387 4470 Lambini,
