3450 5342
661 699 856 749 nnnnnoxon
883 700 932 748 in.
961 701 1031 750 cin.
1049 705 1084 750 n.
1324 688 1394 762 151

341 863 393 913 Est
417 859 487 913 enirn
517 859 635 932 aliquid,
664 861 736 932 quod
753 879 806 911 non
832 868 1011 929 oporteat,
1039 861 1146 913 etiamsi
1166 863 1194 912 li
1202 877 1262 920 cet.
1312 871 1396 939 ραις.

339 946 408 1018 quid
430 964 493 1001 vero
513 947 683 1011 nonlicet,
717 957 788 1000 certe
812 965 864 999 non
895 959 1044 1018 oportet.
1062 977 1098 989 -
1141 953 1241 1003 Decere
1267 964 1295 1007 et
1317 956 1395 1013 licere

339 1032 389 1170 {pb}
415 1033 528 1090 invicem
550 1046 728 1106 opponuntur
748 1054 799 1107 pro
827 1034 913 1091 Marc.
935 1039 987 1102 1ος
1020 1037 1098 1090 licere
1118 1047 1145 1090 ει
1164 1039 1246 1110 nesus
1269 1059 1325 1095 esse
1343 1065 1393 1115 pro

364 1121 425 1174 abo
445 1127 472 1178 4.
508 1122 567 1176 Mr.

411 1227 539 1299 quicquid
556 1247 608 1280 non
627 1230 751 1298 oporlct‚]
777 1227 918 1300 „Ettiptice
943 1229 1056 1297 dicitur,
1081 1249 1132 1302 pro
1158 1241 1266 1304 oportet
1291 1233 1393 1307 aliquid

339 1331 395 1365 non
414 1315 526 1375 lacere..
547 1317 603 1369 tam
620 1335 684 1369 vero
702 1315 774 1387 apud
795 1317 954 1370 Ciceronem
973 1327 1078 1388 oportet
1095 1319 1145 1370 lioc
1157 1319 1225 1385 fieri
1249 1318 1322 1374 idem
1341 1342 1392 1377 no-

339 1410 376 1453 tat
395 1422 426 1456 ac
444 1405 543 1473 justum
561 1416 614 1470 est,
632 1403 780 1458 secundum
796 1403 915 1458 officium
936 1414 983 1459 est.
1029 1405 1090 1459 Vid.
1119 1405 1246 1480 Heusing.
1272 1410 1305 1463 ad
1334 1409 1391 1467 Cic.

339 1488 396 1542 Off.
416 1492 459 1559 111,
479 1497 523 1546 ²8.
542 1496 567 1558 5.
588 1496 631 1548 15.
667 1492 741 1564 Ergo
761 1493 895 1564 quicquid.
907 1510 961 1544 non
979 1502 1085 1562 oportet
1104 1492 1174 1545 idem
1194 1504 1240 1561 εει,
1259 1514 1292 1550 ac
1309 1497 1330 1551 si
1349 1499 1392 1553 di-

300 1596 303 1601 ·
338 1587 414 1630 catur
432 1580 560 1651 quicquid
580 1590 619 1633 est
637 1590 730 1633 contra
750 1578 836 1650 legem
855 1579 1014 1632 naturalem.
1059 1577 1088 1631 Id
1118 1591 1206 1633 autem
1225 1583 1312 1638 scelus
1337 1606 1392 1640 εεεε

337 1676 432 1733 putare
450 1666 586 1721 debemus.
621 1667 703 1720 Notat
720 1677 809 1719 autem
828 1665 913 1719 scelus
931 1685 1066 1719 summum
1085 1667 1212 1722 delictum
1239 1671 1328 1728 civile:
1353 1685 1393 1728 εει

336 1754 411 1805 enirn
430 1772 445 1806 a
464 1772 559 1824 graeca
579 1754 683 1824 origine
701 1753 774 1806 verbi
785 1758 871 1818 σκέω,
888 1765 965 1824 tego:
983 1754 1047 1808 hinc
1065 1755 1164 1809 dicitur
1181 1755 1264 1811 homo
1283 1771 1391 1830 opertus
1450 1801 1453 1807 .

336 1841 481 1894 sceleribus
499 1842 571 1914 apud
590 1841 667 1896 Cic.“
685 1842 725 1893 W
731 1852 792 1913 ytt.
834 1839 896 1892 Non
916 1840 979 1894 dixit
999 1840 1096 1895 Cicero
1114 1854 1224 1913 opertus
1242 1846 1391 1911 sceleribus,

337 1928 383 1980 sed
403 1941 541 2001 coopertus
558 1931 670 1982 scelere:
688 1929 803 2001 Philipp.
827 1926 887 1995 XII,
906 1931 933 1993 i,
954 1931 1005 1993 15;
1030 1940 1056 1983 et
1074 1941 1213 2000 coopertus
1232 1930 1390 1984 sceleribus:

336 2016 365 2067 in
386 2017 463 2070 Verr.
482 2018 541 2071 Act.
558 2016 591 2084 Il,
609 2017 639 2072 L.
658 2016 678 2085 l,
696 2023 723 2083 4,
742 2020 766 2071 9.
790 2017 849 2070 Με.
899 2017 1009 2076 „Licere
1037 2029 1064 2071 ει
1091 2031 1210 2088 oportere
1236 2022 1273 2074 sic
1296 2019 1388 2074 distin·

337 2103 412 2174 guit,
442 2116 471 2159 ιιι
496 2107 549 2160 hoc
572 2107 673 2179 species
696 2107 743 2171 sit,
776 2105 843 2158 iliud
869 2109 981 2176 genus.“
1013 2105 1087 2160 Frc.
1106 2105 1196 2178 Sylv.

408 2228 494 2286 scelus
511 2258 546 2268 -
565 2231 657 2302 nefus]
706 2229 814 2303 Operae
832 2232 949 2303 pretium
969 2242 1006 2285 εει
1025 2231 1127 2303 legere,
1152 2251 1221 2304 quae
1240 2233 1273 2285 de
1290 2231 1388 2286 horum

337 2317 528 2371 vocabulorum
545 2321 674 2374 sententia
693 2329 719 2373 ει
731 2318 882 2373 differentia
893 2319 1008 2391 disputat
1023 2320 1195 2374 Doederlein.
1208 2319 1265 2372 Lat.
1284 2318 1387 2391 Synon.

336 2425 364 2458 u.
393 2406 509 2478 Etymoi.
532 2408 565 2461 tl.
591 2429 617 2479 p.
638 2412 690 2463 14³
711 2427 750 2479 sq.
780 2406 826 2478 qui
856 2417 962 2474 tamen,
995 2408 1028 2461 de
1059 2419 1151 2461 nostro
1179 2406 1240 2461 loco
1266 2407 1387 2479 loquens,

337 2495 497 2549 Ciceronem
516 2508 606 2550 censet
633 2516 688 2550 non
715 2506 770 2548 tam
798 2515 827 2548 ea
854 2496 1017 2566 distinguere
1042 2496 1167 2562 votuisse,
1198 2514 1279 2566 quam
1305 2513 1387 2547 unam

336 2584 505 2656 eandemque
523 2585 681 2638 sententiam
699 2583 815 2638 oratorie
834 2583 959 2651 dilatare,
986 2604 1069 2656 quare
1096 2602 1148 2636 nec
1166 2592 1285 2652 oportere
1310 2592 1336 2634 et
1353 2582 1389 2633 li-

336 2688 396 2721 cere
414 2671 500 2740 magis
517 2667 677 2736 ἀντιθέτως,
696 2690 778 2742 quam
798 2669 965 2738 nnsortiretur,
985 2673 1064 2743 poni,
1084 2671 1225 2743 omnisque
1243 2669 1387 2723 sententiae

335 2757 390 2808 vim
410 2776 464 2809 esse
481 2758 569 2830 potius
593 2759 621 2811 in
642 2746 706 2813 voce
725 2760 855 2832 quicquid
882 2779 932 2832 per
958 2759 1131 2833 Anaphoranr
1160 2759 1280 2831 repetita.
1334 2755 1387 2809 Sed

335 2846 454 2902 conferri
474 2845 568 2913 velim,
588 2866 656 2920 quae
675 2847 708 2900 de
723 2859 837 2919 utroque
856 2848 985 2902 vocabulo
1005 2848 1104 2913 (scelus
1123 2858 1148 2900 ει
1165 2847 1259 2917 nesae)
1279 2863 1407 2898 eorum-.

336 2955 391 3006 que
409 2933 574 3007 synonymis
592 2935 708 3008 disputat
732 2936 760 2988 in
779 2935 839 2988 libri
859 2936 1076 2990 Doederleiniani
1100 2954 1228 3001 censura,
1256 2953 1325 3006 quae
1351 2945 1390 2988 est
1492 2958 1494 2964 ⁴

336 3023 365 3074 in
390 3022 478 3075 Jahnii
503 3024 628 3110 rinnaiib.
654 3023 761 3078 Philoll.
782 3028 862 3079 1829.
881 3024 926 3092 tlt,
945 3028 969 3078 t.
995 3045 1021 3096 p.
1038 3028 1074 3079 34
1091 3043 1150 3096 sqq.
1179 3042 1261 3096 quam
1285 3022 1389 3093 scripsit

336 3109 371 3163 G.
393 3112 423 3165 G.
439 3112 473 3167 F.
490 3112 580 3181 Lisch‚
598 3111 698 3185 Gymn.
717 3113 823 3167 Suerin.
841 3115 934 3166 Praec.
971 3111 1030 3165 Mr.

367 3278 370 3283 .
407 3234 537 3304 quicquid
551 3253 604 3286 non
621 3234 683 3285 licet
690 3234 708 3300 ‚]
722 3232 822 3301 „Quod
842 3233 950 3286 vetitum
970 3243 1008 3285 est
1026 3233 1129 3304 iegibus
1143 3232 1278 3299 civilibus,
1304 3233 1386 3286 debe-

335 3338 395 3373 mus
414 3331 508 3390 putare
526 3321 607 3391 nefas
624 3340 694 3377 esse,
712 3320 729 3372 i.
749 3340 770 3373 e.
789 3323 853 3373 item
872 3332 967 3374 contra
985 3320 1079 3390 legem
1091 3321 1215 3373 divinam.
1252 3321 1320 3373 Nam
1333 3322 1387 3392 fas

334 3421 361 3463 et
379 3406 567 3477 nesasdicitur
584 3408 613 3458 in
632 3407 690 3477 iege
707 3418 818 3460 naturae
837 3427 857 3459 ε.
877 3407 975 3471 divina,
994 3426 1040 3460 av.
1055 3408 1127 3476 sori,
1145 3407 1217 3459 unde
1228 3417 1267 3459 est
1279 3408 1386 3477 fotum,

333 3497 411 3569 quod
429 3495 549 3547 divinum
567 3504 690 3564 putatur,
719 3495 810 3565 prouti
829 3513 853 3546 a.
871 3514 893 3545 v.
911 3511 989 3545 orare
1006 3504 1044 3546 εει
1062 3492 1215 3556 oraculum,
1234 3492 1306 3563 quod
1325 3492 1388 3544 item

333 3584 455 3638 divinum
475 3593 606 3635 censetur.
618 3610 653 3620 -
689 3580 827 3635 Sententia
841 3579 994 3652 argumenti
1009 3598 1041 3633 εο
1060 3579 1138 3644 redit,
1157 3590 1188 3632 ut
1204 3578 1344 3631 virbonus
1361 3592 1387 3634 et

333 3672 440 3743 sapiens
460 3689 514 3723 uon
534 3671 713 3723 absterreatur
738 3689 752 3722 a
775 3669 845 3722 maie
868 3667 992 3723 iaciendo
1021 3666 1206 3739 magnitudine
1229 3686 1386 3738 poenarum,

335 3780 405 3833 quae
423 3759 526 3813 delictis
543 3758 644 3830 positae
661 3769 724 3812 sunt
742 3777 792 3829 per
810 3756 881 3829 leges
898 3756 1001 3823 civiles,
1028 3756 1072 3810 sed
1100 3756 1212 3809 candem
1238 3755 1290 3807 vim
1315 3756 1386 3827 apud

335 3869 397 3902 curn
417 3849 513 3902 habeat
530 3859 556 3901 et
575 3847 614 3901 lex
633 3847 715 3901 civilis
733 3856 758 3899 et
778 3845 818 3898 lex
844 3844 979 3899 naturalis.
1030 3846 1123 3916 itaque
1148 3843 1217 3898 hanc
1247 3843 1386 3914 periodum

336 3938 380 3991 tali
400 3937 482 3991 modo
500 3936 636 3990 dilatando
654 3956 674 3990 ε.
694 3956 743 4007 per
761 3935 933 4008 paraphrasin
952 3934 1122 4006 interpretari
1140 3933 1214 3988 licet:
1232 3933 1286 3986 Nos
1298 3944 1386 3986 autem

334 4026 362 4078 in
381 4025 447 4080 ritae
466 4025 591 4080 societate
610 4035 636 4078 et
654 4024 848 4079 cousuetudine
868 4025 986 4078 actiones
1003 4034 1106 4077 nostras
1123 4022 1240 4093 dirigere
1257 4021 1385 4073 debemus

336 4132 391 4166 non
411 4115 595 4186 magnitudine
613 4132 733 4185 poenae,
753 4133 834 4185 quarn
854 4114 892 4165 lex
912 4111 994 4166 civilis
1012 4111 1115 4165 delictis
1132 4110 1268 4181 imposuit,
1287 4109 1331 4161 sed
1346 4128 1388 4160 se-

336 4202 454 4257 cundum
475 4202 629 4256 fucultatem
646 4203 717 4256 bene
735 4202 859 4267 faciendi,
879 4221 960 4274 quam
977 4201 1075 4272 cuique
1092 4198 1195 4252 homini
1216 4207 1309 4249 natura
1322 4213 1388 4248 con-

337 4291 419 4344 cessit.
454 4290 591 4362 Quicquid
611 4290 683 4344 enim
701 4303 795 4345 contra
806 4291 928 4346 officium
947 4302 993 4356 est,
1014 4289 1040 4340 id
1060 4287 1111 4356 legi
1123 4295 1233 4338 naturae
1247 4295 1387 4355 repugnat,

338 4388 364 4430 ct
381 4377 493 4431 eandem
512 4379 564 4431 vim
583 4378 654 4449 apud
675 4397 724 4431 nos
743 4377 841 4432 batere
859 4379 953 4443 debet,
972 4373 1091 4447 quamsi
1111 4371 1169 4443 lege
1188 4371 1256 4426 civili
1269 4392 1318 4444 pro
1329 4393 1387 4428 sce-

337 4462 391 4516 lere
417 4463 559 4521 habeatur:
589 4476 615 4518 et
633 4464 762 4536 quicquid
779 4465 839 4537 lege
858 4465 927 4523 cirili
946 4462 1054 4517 vetitum
1080 4470 1133 4528 est,
1158 4458 1209 4515 hoc
1227 4459 1290 4515 item
1317 4462 1387 4533 apud
