3450 5342
657 696 698 742 εο
726 692 922 741 ramnoxou
944 691 992 753 111,
1021 687 1046 737 1.
1310 671 1383 748 335

334 855 481 926 voiuptates
503 871 580 926 pares
605 852 680 918 dixit,
717 871 767 906 nec
795 850 904 903 differre
932 869 946 902 a
971 849 1105 921 voluptate
1131 851 1306 922 voluptatem,
1334 877 1384 910 nec

333 943 395 1015 plus
418 942 499 995 altera
524 939 642 994 mulcere
667 939 794 1005 aiteram,
831 950 860 992 ut
888 939 916 991 in
944 939 994 992 vite
1020 939 1078 992 cius
1106 938 1242 1010 Diogenes
1266 941 1384 998 La'ertius

334 1028 466 1101 scripsit.“
511 1027 609 1096 [Locus
637 1038 674 1081 est
691 1027 721 1080 L.
740 1025 774 1080 ΙῙ.
793 1043 876 1096 segm.
893 1029 942 1080 87:
970 1023 1006 1095 μη
1023 1029 1154 1096 διαφέρειν
1171 1023 1267 1098 ἤδονῆν
1284 1025 1386 1100 ἡδονῆς,

334 1118 401 1185 μηδὲ
420 1111 493 1184 ἥδιόν
511 1136 539 1167 τι
556 1110 642 1184 εἶναι]
680 1115 754 1168 Frc.
770 1111 922 1184 Sylvius.
959 1109 1172 1184 ,,“Αμαρτήματα
1190 1115 1301 1171 Graecis
1320 1118 1387 1172 sicut

334 1202 434 1256 Latinis
453 1214 577 1274 peccata,
603 1219 707 1256 errores
724 1212 800 1267 sunt,
824 1221 880 1254 non
900 1201 999 1255 scelera
1018 1213 1044 1256 et
1067 1201 1179 1274 flagitia,
1202 1223 1272 1275 quae
1291 1225 1320 1258 ex
1339 1225 1387 1260 ne-

333 1289 404 1342 fario
423 1300 531 1361 pectore
550 1288 774 1361 proficiscuntur,
801 1287 846 1341 scd
867 1307 935 1359 quse
959 1289 1164 1346 committuntur
1184 1312 1213 1346 ex
1237 1293 1388 1365 incogitan-

334 1375 371 1429 tia
381 1386 407 1428 et
420 1379 567 1431 temeritate
578 1377 677 1450 aliqua,
694 1375 874 1448 negligentius
884 1386 964 1447 atque
974 1377 1114 1433 incautius.
1151 1379 1234 1448 Quod
1246 1393 1387 1454 propterea
1440 1373 1444 1389 “

335 1482 448 1531 moneo,
478 1476 508 1518 ut
532 1464 662 1518 discentes
679 1465 843 1530 doccantur,
868 1462 920 1518 hoc
945 1464 1055 1518 nomine
1074 1466 1145 1519 aliud
1163 1469 1219 1522 fere
1238 1470 1387 1540 gentiliciis,

335 1571 417 1623 quam
435 1551 530 1617 sacris,-
549 1550 642 1604 litteris
660 1549 811 1623 significari.
830 1577 866 1590 -
884 1579 921 1593 -
956 1551 1129 1624 Quamquam
1149 1557 1220 1609 enim
1239 1575 1320 1609 omne
1330 1575 1389 1611 sce-

336 1641 378 1693 lus
395 1648 536 1710 peccatum
553 1648 607 1704 cst,
627 1658 683 1691 non
700 1657 781 1692 omne
800 1649 890 1692 tamen
909 1651 1052 1711 peccatum
1070 1641 1163 1695 scelus.
1206 1643 1274 1696 Nam
1295 1663 1388 1697 narem

335 1728 486 1799 impingere
506 1737 535 1780 ut
552 1726 638 1780 scelus
656 1745 712 1780 non
730 1737 776 1791 cst,
795 1724 830 1779 ita
850 1737 993 1797 peccatum
1013 1739 1051 1782 est
1069 1729 1222 1783 maximum.
1258 1731 1389 1786 Aristote-

336 1817 376 1869 les
392 1816 420 1868 in
440 1813 588 1867 Moralibus
607 1814 641 1880 V,
660 1817 685 1868 8.
702 1814 773 1868 inter
800 1814 979 1869 intortunium
1003 1834 1049 1869 seu
1078 1835 1169 1869 casum
1199 1827 1225 1870 et
1249 1830 1389 1890 peccatum

337 1903 408 1955 hanc
427 1902 502 1973 ponit
520 1901 716 1955 differentiame
744 1895 808 1953 ‘deur
825 1904 872 1964 μὶν
897 1891 942 1954 οὖν
961 1899 1117 1974 παραλόγως
1135 1899 1152 1972 ἡ
1169 1899 1257 1974 βλάβη
1276 1909 1391 1974 γένηται,

338 1988 513 2057 α’τοίχημα,
537 1984 600 2041 ὅταν
623 1991 653 2041 et
678 1987 714 2060 μή
738 1989 910 2061 παραλόγως,
934 1987 994 2042 derv
1019 1993 1049 2044 dt
1068 1996 1173 2057 κακίας,
1199 1987 1389 2061 ἁμάρτημα.

338 2074 482 2147 ἁμαρτάνει
499 2079 545 2138 μὲν
562 2073 630 2142 ηοίρ,
660 2069 724 2128 ὅταν
748 2080 775 2130 ἓν
800 2077 886 2147 ἑαυτῷ
910 2073 1013 2148 ἡοῖρχῆ
1041 2079 1090 2148 τῆς
1112 2081 1206 2138 αἰτίας.
1235 2076 1328 2144 α’τυχεί
1352 2081 1390 2147 di,

337 2160 403 2217 ‘dtur
420 2165 525 2222 ἴεοοθεν.
545 2193 579 2203 -
616 2164 736 2217 Laertius
753 2163 806 2218 hoc
824 2159 971 2234 stupidatos
990 2162 1151 2238 Chrysippo,
1170 2166 1284 2219 Persaeo
1303 2177 1328 2219 et
1338 2166 1391 2220 Ze·

340 2251 405 2305 noni
423 2253 527 2305 tribuit:
548 2253 638 2306 Verba
659 2252 756 2305 Laeuii
774 2252 928 2306 subiiciam:
959 2249 1059 2323 α’ρίσκεν
1083 2274 1111 2305 τε
1138 2251 1228 2314 αὐτοῖς
1252 2258 1295 2306 ίσα
1321 2250 1391 2325 ηἠετ-

340 2346 409 2393 σθαι
434 2335 470 2390 cd
493 2334 688 2409 ἁμαρτήματα,
716 2339 791 2392 καθά
817 2359 880 2403 φησι
908 2337 1061 2410 Χρύσιππος
1079 2343 1104 2392 ἐν
1127 2344 1167 2410 τῷ
1197 2339 1314 2411 τετάρτῳ
1338 2345 1391 2394 τῶν

340 2423 442 2496 ἠθικῶν
460 2425 630 2496 ζητημάτων,
657 2432 702 2479 καί
719 2430 851 2497 Περσαῖος
869 2433 914 2480 καί
931 2423 1030 2498 Ζήνων.
1048 2431 1070 2479 εί
1087 2424 1137 2494 γὰρ
1156 2426 1255 2498 οἷίηθὶς
1272 2427 1391 2499 ἀληθοῦς

342 2517 441 2578 μᾶλλον
457 2512 503 2566 edu
513 2515 580 2579 duas,
598 2511 658 2565 aridi
672 2516 770 2576 ψεῦδος
782 2516 904 2581 ψεύδους,
925 2507 1008 2573 οὕτως
1020 2511 1081 2566 ου’δὲ
1099 2511 1187 2584 ἀπάτη
1202 2512 1313 2585 ἀπάτης,
1332 2514 1393 2570 ου’δὲ

341 2599 484 2672 ἁμάρτημα
506 2597 703 2671 ἁμαρτήματος.
722 2606 766 2652 καί
782 2597 833 2672 ηοῖρ
853 2595 868 2652 o‘
885 2597 976 2653 ἔκατὸν
992 2603 1116 2660 σταδίους
1134 2597 1235 2668 ἐπέχων
1253 2602 1392 2668 Κανώβου,

342 2692 387 2739 καί
403 2682 417 2738 d
435 2687 493 2753 ἕνα,
511 2684 552 2739 ἐπ’
567 2690 625 2756 ίσης
643 2684 689 2739 οὖν
708 2691 770 2740 εἰσίν
787 2691 813 2740 ἐν
830 2685 966 2757 Κανώβῳ·
992 2681 1060 2741 οὕτω
1084 2693 1128 2742 καί
1155 2685 1168 2739 ὅ
1192 2691 1300 2758 πλησίον
1318 2684 1395 2743 καίν’

340 2777 450 2828 ἔλαττον
468 2767 624 2845 Ιἁμαρτάνειν
641 2771 681 2827 ἔπ’
699 2777 756 2844 ἴσης
773 2772 820 2828 οὐκ
839 2780 903 2829 εἰσίν
921 2780 946 2829 ἒν
964 2778 1002 2846 τῷ
1027 2778 1185 2847 κατορθοῦν.
1220 2771 1392 2847 Ἡρακλείδης

341 2868 429 2925 μέντοι
448 2859 461 2914 ὅ
481 2855 597 2933 Ταρσεύς
615 2859 793 2931 ’Λντνποὶτρου
813 2866 860 2914 τοῦ
878 2865 999 2933 Περσέως
1017 2864 1158 2934 γνώριμος,
1178 2869 1222 2916 καί
1238 2859 1392 2934 Ἀθηνὸδα-

342 2971 388 3021 ρος
405 2947 482 3004 ἄνισα
500 2955 564 3012 φασί
581 2947 616 3001 'cd
636 2945 845 3020 ἆμαρτήματα.“
863 2951 956 3021 Xyst.
976 2950 1168 3005 BetuIeius.

295 3020 303 3030 ⁸
413 3036 571 3104 „Quoniam
589 3035 673 3090 Stoici
693 3037 817 3090 virtutem
835 3034 929 3091 volunt
947 3056 1001 3090 esse
1021 3038 1124 3091 bonum
1143 3038 1279 3110 quoddam
1298 3050 1392 3092 natura

342 3125 508 3197 perfectum,
528 3133 553 3176 et
571 3124 717 3194 sapientem
737 3124 870 3179 definiunt
886 3144 965 3192 cum,
993 3125 1040 3196 qui
1057 3126 1090 3180 sit
1109 3126 1236 3179 omnibus
1259 3127 1395 3181 absolute-

341 3229 403 3262 rum
422 3210 547 3263 virtutum
567 3210 686 3264 numeris
703 3211 840 3265 absolutus
857 3231 909 3266 nec
927 3212 1046 3284 sapiente
1065 3232 1229 3285 quemquam
1249 3216 1394 3287 sapientio-

342 3318 400 3351 rem
419 3297 531 3350 inveniri
551 3317 626 3368 posse
644 3298 804 3364 existimant,
830 3310 973 3352 uteorum
997 3298 1098 3353 iudicio
1126 3301 1231 3370 sepiens
1258 3303 1345 3355 omnis
1362 3303 1395 3355 sit

342 3371 550 3457 sapientissimus
566 3396 591 3439 et
609 3402 703 3439 omnes
726 3386 858 3457 sapientes
883 3404 969 3458 aeque
992 3386 1136 3456 sapientes,
1165 3396 1190 3439 et
1214 3405 1322 3453 omnes,
1348 3389 1393 3458 qui

342 3475 474 3545 sapientes
493 3493 547 3526 non
565 3484 643 3540 sunt,
668 3473 758 3526 miseri
776 3473 840 3526 sint:
867 3473 919 3527 hoc
936 3473 1080 3527 constituto
1100 3484 1308 3526 consentaneum
1335 3472 1393 3538 suit,

341 3572 371 3615 ut
389 3563 437 3633 ipsi
457 3548 590 3629 dicerent,
616 3562 723 3616 virtutes
740 3580 834 3614 omnes
857 3559 1017 3632 sapientium
1042 3559 1197 3626 hominum,
1224 3558 1395 3631 quandoqui-

341 3650 404 3703 dem
423 3650 451 3703 in
469 3669 575 3703 summo
594 3648 678 3720 gradu
704 3648 879 3720 perfectionis
895 3647 1046 3714 existerent,
1071 3667 1127 3701 non
1152 3658 1254 3701 tantum
1281 3646 1350 3698 inter
1367 3665 1395 3698 se

342 3755 420 3808 pares
437 3756 506 3803 esse,
530 3737 576 3790 sed
602 3756 637 3790 ne
657 3736 684 3790 in
709 3735 820 3807 singuiis
850 3735 959 3807 quidem
983 3735 1127 3807 generibus
1151 3734 1234 3788 ullam
1259 3732 1394 3788 crescendi

342 3824 523 3878 accessionem
541 3822 654 3878 habere:
679 3826 797 3897 itemque
825 3825 902 3892 vitia,
931 3824 993 3897 quie
1018 3843 1121 3878 summa
1147 3834 1245 3890 esseut,
1274 3824 1344 3876 inter
1367 3841 1394 3875 sc

342 3911 418 3982 paria
438 3922 463 3965 et
480 3911 601 3983 aequalia
619 3931 673 3966 esse
691 3913 791 3965 omnia.
829 3911 913 3980 Quod
931 3911 1042 3983 quidem
1061 3911 1219 3964 Paradoxon
1239 3910 1297 3981 plus
1316 3908 1395 3962 habet

341 3997 508 4065 subtilitatis,
528 4018 608 4070 quem
627 3999 757 4052 veritatis:
782 4018 837 4051 non
857 4000 929 4052 enim
950 4000 970 4051 si
988 4000 1079 4050 omnia
1098 4007 1207 4068 peccata
1228 4014 1312 4067 aeque
1329 4014 1394 4066 pec-

342 4097 402 4140 cata
420 4105 476 4139 csse
494 4086 650 4139 diserimus:
679 4086 755 4157 (quie
774 4088 875 4156 species
900 4103 1073 4148 communem
1100 4094 1223 4137 naturam
1242 4082 1347 4152 generis
1365 4100 1394 4132 ex

342 4191 432 4243 aequo
450 4172 501 4226 sibi
518 4172 661 4240 vindicant,
679 4185 710 4227 ut
728 4172 809 4226 homo
829 4192 884 4225 non
905 4183 942 4225 est
961 4172 1046 4242 magis
1064 4170 1172 4237 animal,
1193 4188 1272 4242 quam
1285 4167 1395 4235 bestieg)

340 4260 464 4331 sequitur
490 4262 588 4327 etiam,
612 4272 642 4315 ut
660 4261 750 4313 omnia
784 4260 904 4331 aequalia
934 4257 1062 4314 dicamus.
1109 4257 1250 4326 Quantitas
1277 4254 1395 4309 enimet

340 4356 458 4417 potestas
474 4348 581 4403 sceleris
598 4368 640 4401 res
666 4348 795 4420 quaedem
815 4348 956 4401 adventitia
975 4356 1027 4410 est,
1053 4364 1121 4417 quae
1139 4363 1188 4416 per
1206 4362 1300 4397 omnes
1318 4362 1395 4397 com-

340 4435 490 4505 parationis
507 4435 605 4506 gradus
623 4436 741 4507 parium,
760 4435 909 4502 maiorum,
932 4432 1069 4487 minorum
1088 4432 1150 4488 duci
1169 4438 1267 4504 potest:
1296 4440 1321 4484 et
1341 4430 1394 4484 cir-
