3450 5342
335 640 410 715 280
661 659 834 709 uminum
869 650 1092 706 simoninus

337 825 366 878 Id
385 826 457 879 enim
476 825 579 895 exigere
597 820 700 879 videtur
718 819 834 873 formula
854 819 917 873 ista:
942 828 975 870 ut
993 819 1080 871 aiunt.
1125 817 1277 872 Gruterus:
1308 821 1343 870 Et
1360 820 1386 879 si,

337 922 369 966 ut
388 914 467 965 ciunt
484 911 594 976 Donni,
618 908 818 982 quinquaginta
837 907 893 958 sint
911 907 1000 975 filiae.
1036 905 1197 961 Lambinus:
1228 908 1270 956 Ει
1296 906 1335 969 εἰ,
1359 915 1386 956 nt

337 1002 432 1067 ciunt,
449 999 558 1063 Donni,
576 996 776 1069 quinquaginta
794 1005 861 1048 sunt
872 995 953 1063 filiae
973 994 1050 1063 [baec
1068 1005 1107 1047 est
1126 993 1209 1048 lectio
1218 991 1291 1045 Edd.
1309 992 1385 1044 Pseu-

337 1085 636 1140 do-bambinianarum
654 1094 681 1136 ει
700 1081 803 1150 Gotb.].
839 1080 939 1151 Aperta
958 1093 998 1136 est
1013 1082 1157 1136 sententia:
1186 1082 1217 1133 Si
1243 1079 1382 1151 cuiuspiam

336 1174 451 1228 bominis
470 1171 671 1245 quinquaginta
687 1171 744 1222 sint
761 1168 815 1239 (vel
834 1173 911 1231 sunt)
924 1170 1021 1238 filice,
1040 1179 1072 1222 ut
1091 1169 1181 1231 aiunt,
1200 1180 1227 1222 et
1246 1166 1382 1220 memoriae

337 1261 473 1333 proditum
492 1268 547 1327 est,
566 1258 632 1312 titia·
650 1260 745 1311 Danai
762 1258 842 1311 luisse
858 1258 1062 1329 quinquaginta.
1099 1255 1248 1310 Hominem
1263 1256 1314 1308 vidi
1329 1274 1382 1308 eru·

337 1351 437 1415 ditum,
457 1350 504 1420 qui
522 1367 550 1400 εε
568 1357 690 1399 narraret
707 1346 735 1398 in
756 1357 873 1399 veterem
892 1346 1015 1399 incidisse
1032 1344 1132 1399 librum
1154 1363 1240 1397 manu
1260 1353 1382 1397 exaratum

337 1436 446 1505 antiqua
465 1445 491 1487 et
508 1435 595 1499 bona,
614 1433 686 1486 unde
703 1434 805 1486 abesset
823 1435 934 1487 verbum
952 1434 1049 1485 aiunt:
1082 1453 1138 1506 quo
1163 1433 1278 1506 quidem
1302 1450 1381 1486 carere

337 1522 465 1577 sententia
484 1521 540 1574 sine
553 1520 714 1574 detrimento
733 1524 846 1592 potest.“
861 1521 911 1575 Fr.
927 1521 993 1575 Odi
1003 1541 1065 1574 nus
1081 1520 1168 1592 (apud
1188 1519 1381 1587 Olivetuml-

337 1610 446 1681 Legitur
464 1619 496 1661 ut
514 1609 594 1661 niunt
612 1609 730 1663 Danai
749 1609 890 1676 [nimirum
906 1609 960 1661 vel:
979 1613 1025 1676 (ut
1043 1608 1137 1675 aiunt)
1152 1607 1266 1674 Donni,
1286 1605 1323 1660 vel
1341 1609 1380 1670 (ιιι

337 1701 417 1750 aiunt
434 1697 557 1764 Donni),
578 1695 668 1749 velut
687 1697 918 1765 aiunt,Donoi,]
945 1697 978 1749 in·
1001 1695 1069 1749 Edd.
1087 1706 1146 1749 vett.
1173 1695 1232 1748 fare
1259 1695 1380 1760 omnibus,

337 1788 454 1857 itemque
473 1784 501 1837 in
521 1783 606 1837 Codd.
625 1783 768 1856 plerisque.
804 1783 857 1838 Sed
877 1788 977 1837 Dauno
994 1783 1094 1838 babent
1112 1783 1200 1837 codd.
1213 1783 1310 1837 Duisb.
1322 1781 1380 1834 Sue·

337 1874 388 1927 rin.
405 1873 454 1928 Ox.
472 1873 502 1926 E.
520 1873 587 1926 Edd.
606 1871 668 1926 Asc.
687 1875 765 1926 1511.
784 1870 881 1924 Colon.
902 1873 995 1943 [quam
1013 1872 1065 1926 boc
1093 1887 1148 1924 uno
1176 1860 1239 1924 loco
1267 1869 1380 1923 abamb.

337 1965 418 2017 1556.
433 1961 568 2015 discedere
586 1960 710 2027 vidimus]
729 1959 796 2011 Ern.
815 1970 842 2012 et
858 1978 918 2030 sqq.
955 1959 989 2013 Et
1007 1958 1112 2015 Ernesti
1139 1958 1252 2029 quidem
1271 1957 1335 2010 baec
1350 1967 1380 2008 εει

336 2049 487 2103 annotatio:
512 2051 643 2115 „Donum
662 2066 699 2101 εε.
719 2046 806 2105 luisse.
845 2045 935 2117 Vulgo
954 2057 992 2100 εει
1010 2046 1113 2114 Donni.
1133 2057 1161 2099 at
1179 2045 1206 2098 id
1226 2046 1325 2098 durum
1341 2053 1380 2107 est,

336 2155 495 2208 semperque
513 2135 612 2209 putavi,
629 2139 729 2186 Danao
748 2154 802 2188 esse
820 2133 973 2205 legendum.
987 2134 1048 2207 quia
1068 2133 1106 2188 sic
1125 2133 1206 2187 babet
1217 2131 1277 2185 MS.
1288 2130 1378 2194 Duisb..

337 2226 434 2295 recepi.
472 2225 518 2276 Est
534 2225 614 2277 etiam
632 2223 670 2278 sic
687 2223 716 2276 in
734 2223 783 2275 Ed.
802 2223 875 2276 Med.
900 2225 970 2276 Ven.
989 2224 1088 2276 1411.“
1109 2252 1142 2261 -
1180 2220 1233 2275 Tb.
1250 2219 1380 2284 ἑΒειιιιείιιε

337 2311 401 2382 legit
418 2322 444 2364 et
455 2311 604 2382 distinguit:
626 2313 655 2363 A
661 2320 674 2362 ι
692 2312 717 2364 si
732 2312 789 2363 cui
807 2321 840 2363 ut
857 2311 939 2363 aiunt
959 2315 1093 2374 Danao,
1113 2309 1318 2381 quinquaginta
1331 2308 1378 2360 sint

332 2399 423 2475 filine.
458 2397 519 2450 Non
539 2393 621 2451 male:
647 2399 692 2452 sed
712 2398 809 2453 sufficit
825 2398 905 2454 lectio
924 2419 939 2452 ε
955 2398 1029 2452 libris
1047 2397 1153 2464 bausta,
1173 2416 1337 2470 quamquam
1353 2406 1378 2446 ot

338 2495 375 2539 est
387 2485 414 2538 in
433 2484 495 2539 Ero.
508 2485 576 2557 Eyb.
594 2485 654 2539 Mr.
687 2487 794 2554 „Danai
812 2485 882 2539 filiae
901 2487 973 2557 apud
991 2488 1092 2540 inferos
1105 2505 1168 2540 cum
1188 2485 1378 2558 inexplebilibus

336 2572 524 2643 cupiditatibus
547 2585 747 2646 comparantur.
781 2575 861 2631 .Vid.
887 2575 1079 2629 animadversio
1107 2586 1198 2628 nostra
1224 2575 1260 2628 ad
1286 2574 1378 2628 Plutar-

337 2660 416 2715 cbum
435 2663 468 2715 de
486 2662 550 2716 Sera
570 2663 650 2717 Num.
671 2662 798 2737 VlssdrP·
816 2665 878 2716 121.
899 2663 959 2730 [Ed.
974 2663 1061 2735 Lugd.
1076 2662 1169 2730 Bat.]“
1206 2663 1315 2734 Wytt.

407 2752 607 2824 quinquaginta
636 2753 712 2804 sint
730 2752 838 2820 filiae‚]
873 2750 924 2805 Or.
949 2761 1016 2804 sunt
1040 2751 1156 2805 enotavit
1181 2771 1212 2804 ex
1238 2749 1306 2806 cod.
1331 2749 1379 2803 Βεε

337 2840 404 2893 Edd.
424 2841 546 2893 Lambini
564 2851 591 2893 et
608 2839 692 2892 Sustr.
709 2840 797 2904 Petri;
821 2859 871 2892 nos
894 2839 965 2893 idem
983 2841 1133 2912 reperimus
1157 2839 1186 2892 in
1207 2839 1295 2892 codd.
1313 2837 1379 2890 Suet.

337 2929 395 2983 Cra.
415 2931 440 2982 1.
458 2928 560 2998 (addita
579 2946 643 2981 voce
661 2927 758 2994 alicui)
776 2929 856 2981 Drsd.
876 2932 900 2981 1.
920 2933 944 2981 2.
965 2932 990 2982 3.
1008 2933 1034 2982 5.
1051 2939 1077 2981 ει
1095 2927 1163 2980 Edd.
1183 2927 1279 2998 viginti
1298 2923 1378 2979 veteri·

336 3018 394 3070 bus.
439 3015 648 3068 Coniunctivum
673 3013 772 3067 babent
797 3015 864 3069 Edd.
888 3015 968 3071 lldlb.
995 3014 1091 3071 Colon.
1119 3015 1180 3069 ΑΜ.
1205 3018 1287 3070 1511.
1312 3015 1378 3069 1551.

337 3100 414 3153 Boul.
435 3101 497 3155 Car.
522 3100 614 3172 Stepb.
641 3100 741 3155 Sturm.
766 3102 842 3174 Sylb.
869 3103 948 3158 Grut.
972 3116 998 3158 et
1015 3123 1089 3176 seqq.
1134 3102 1189 3156 Sed
1214 3103 1319 3156 inverso
1342 3120 1380 3153 or·

337 3191 400 3243 dine
419 3190 502 3244 estin
522 3190 601 3243 Drsd.
621 3194 646 3244 4.
659 3191 741 3259 filiae
759 3202 834 3245 sunt.
854 3217 889 3230 -
926 3191 1044 3245 Fabulae
1063 3192 1150 3244 sontes
1170 3191 1221 3245 vid.
1241 3191 1313 3262 apud
1332 3189 1380 3258 fly-

337 3278 430 3348 ginum
456 3278 540 3347 Fabb.
565 3282 735 3334 168-170.
760 3280 825 3352 ibiq.
857 3281 996 3352 interprrs
1011 3281 1039 3334 in
1068 3280 1118 3332 Ed.
1142 3279 1298 3351 Mytbogrr.
1323 3278 1378 3330 Lati

336 3363 472 3419 Staveren.
491 3366 649 3438 Apollodori
667 3366 791 3422 Bibliotb.
813 3367 845 3434 ΙΙ,
866 3370 891 3434 1,
912 3373 939 3423 5.
957 3388 984 3440 p.
1003 3369 1168 3422 ιιι-125.
1197 3368 1239 3421 ed.
1259 3368 1342 3439 Heyu.
1358 3369 1379 3417 Ι.

336 3456 446 3526 eiusque
465 3454 544 3509 Obss.
570 3461 664 3527 ρ.1θ5
683 3477 722 3528 sq.
757 3456 849 3528 Pergit
869 3456 936 3509 cod.
955 3456 1028 3511 Gud.
1046 3456 1078 3511 B.
1102 3475 1164 3509 cum
1184 3440 1266 3509 Drsd.
1283 3460 1309 3510 4.
1334 3452 1379 3504 cut¹

336 3554 378 3598 tot
396 3545 479 3599 dotes.
516 3543 602 3601 Codd.
620 3546 700 3598 Drsd.
720 3548 745 3599 1.
765 3549 789 3600 3.
807 3544 907 3599 babent
920 3547 1064 3615 pecuniam
1083 3555 1230 3616 quaerunt.
1269 3543 1327 3612 Mjr.

407 3636 546 3703 Quantum
564 3636 632 3684 enim
650 3636 746 3706 cuique
762 3636 839 3687 soti
845 3654 859 3688 s
878 3633 947 3702 est,]
974 3637 1082 3703 „Opus
1099 3642 1150 3697 cst,
1168 3632 1265 3688 decem
1281 3641 1379 3705 septem,

336 3730 393 3773 sot
411 3731 468 3786 est,
487 3723 583 3773 unus.“
603 3721 677 3774 Ald.
694 3722 782 3776 Man.

406 3809 502 3878 cuique
521 3827 605 3876 opus
622 3811 674 3876 εει]
712 3809 793 3875 Quod
815 3810 871 3863 fere
890 3808 1054 3863 omnesAldi
1073 3808 1158 3861 libros
1176 3817 1300 3879 occupat,
1316 3802 1379 3856 satis

335 3904 384 3958 εει,
403 3894 515 3947 debetur
532 3894 589 3947 sine
602 3895 685 3947 dubio
704 3899 859 3963 correctori,
879 3899 1002 3971 quicum
1017 3896 1108 3969 paullo
1128 3895 1378 3968 superiusscriptum

335 3983 368 4036 sit
386 3993 520 4053 quantum
538 3984 634 4055 cuique
652 3984 746 4037 sotis
764 3997 819 4051 εει,
848 3986 918 4040 idem
946 3998 1038 4040 nostro
1059 4004 1168 4057 quoque
1187 3985 1250 4038 loco
1279 3980 1378 4038 acine-

336 4090 401 4124 rone
420 4071 499 4124 scribi
517 4072 638 4127 debuisse
659 4073 825 4131 existimaret
868 4075 922 4128 Sed
941 4087 1013 4130 recte
1033 4073 1279 4144 Wyttenbacbius,
1308 4067 1379 4137 „Ete-

334 4180 414 4231 gans‚
440 4161 539 4232 inquit,
569 4162 677 4216 variatio
701 4174 740 4217 est
769 4164 888 4216 eiusdem
923 4163 1083 4230 sententiae,
1116 4181 1201 4234 quam
1227 4162 1309 4216 modo
1331 4156 1380 4213 alili

338 4248 422 4302 verbis
441 4248 547 4302 dixerat.
583 4249 649 4302 Nam
671 4250 695 4302 id
716 4253 788 4321 quod
809 4271 876 4322 opus
895 4265 949 4319 est,
967 4253 1019 4306 boc
1037 4251 1100 4305 item
1120 4260 1159 4304 est
1176 4252 1263 4303 sotis:
1293 4264 1378 4322 quam·

338 4353 417 4405 quam
436 4335 563 4390 disserunt
582 4337 653 4391 inter
670 4358 712 4393 se:
731 4360 793 4393 nam
812 4360 879 4411 opus
898 4340 995 4394 dicitur
1013 4340 1041 4392 in
1060 4338 1254 4405 desiderando,
1271 4339 1338 4391 satis
1355 4334 1377 4386 in

338 4421 522 4493 possidendo.“
559 4424 588 4476 ln
600 4426 687 4482 ‚aliam
705 4431 861 4485 sententiam
874 4429 1021 4484 Morisotus
1031 4427 1156 4500 disputat.
1190 4426 1272 4496 „Hic
1291 4422 1376 4496 inquil·
