3450 5342
334 652 409 727 338
745 670 909 720 excursus
933 670 978 716 ιι.

338 837 448 890 debere:
474 834 522 886 aad
539 833 683 885 dementem
700 841 727 882 ει
745 831 872 883 insanum
890 828 1015 881 addicam
1042 833 1221 885 necessariis:
1249 834 1312 905 quia
1331 835 1397 889 insa·

338 942 436 978 norurn
467 940 531 975 cura
557 920 589 974 ad
621 929 732 990 agnatos
758 916 903 989 pertineret
921 914 979 970 Xll.
1004 917 1099 971 Tabb:
1118 918 1203 990 idque
1228 921 1397 976 ridebatura

339 1023 477 1084 praetore,
497 1019 560 1063 teate
579 1008 607 1061 in
625 1006 750 1079 Epistolia
767 1005 879 1058 Horatio·
898 1001 929 1071 [l,
948 1006 974 1069 1,
993 1007 1045 1058 102
1064 1007 1127 1077 aq.].
1166 1005 1222 1060 Sed
1255 1029 1319 1062 cnm
1338 1011 1397 1065 baec

293 1104 295 1112 ’
339 1099 437 1164 dictio,
456 1096 550 1154 rebus,
569 1097 597 1149 in
615 1096 741 1149 omnibus
758 1093 862 1164 legatur
881 1092 1088 1164 eremplaribus,
1123 1113 1187 1146 vero
1217 1094 1332 1150 similius
1356 1112 1396 1165 est,

339 1207 368 1239 ex
388 1185 496 1251 rnibua,
521 1182 560 1237 vel
579 1183 671 1246 ribus,
696 1181 770 1255 quod
789 1191 827 1234 est
845 1179 1011 1243 rationibus,
1036 1181 1138 1234 sactum
1164 1201 1223 1235 esse
1253 1184 1346 1252 rebus,
1370 1199 1396 1241 ut

339 1275 402 1328 alibi
421 1293 450 1326 ει
469 1277 526 1342 spe,
545 1272 571 1324 id
591 1281 629 1324 εει
646 1271 747 1340 aperie,
764 1288 824 1341 epe,
843 1288 873 1322 ex
892 1269 987 1333 ειῖιία,
1005 1268 1031 1321 id
1047 1280 1085 1321 εει
1102 1272 1260 1336 εεηιεηιία,
1279 1273 1394 1329 scientia.

340 1361 461 1414 Verbum
481 1371 569 1412 autem
587 1358 710 1409 addicam
729 1359 819 1410 nescio
838 1356 977 1428 quomodo
995 1355 1059 1409 mibi
1078 1356 1167 1410 adbuc
1179 1370 1338 1430 suspectum
1356 1375 1396 1415 εει.

342 1449 408 1503 Scio
426 1467 482 1501 εεεε
500 1444 677 1501 Praetorium.
719 1443 773 1498 Sed
793 1444 857 1517 quid
876 1455 914 1497 εει
932 1444 964 1496 ad
985 1444 1057 1499 bunc
1076 1442 1190 1498 lacurn?
1221 1446 1283 1501 Sex.
1319 1449 1395 1502 Pom-

342 1536 417 1608 peius
436 1534 540 1588 scribit:
559 1533 692 1586 Addiccra
710 1552 764 1586 εεεε
782 1533 898 1584 alteriue
916 1533 1076 1585 senteutiam
1097 1535 1175 1606 aequi
1193 1546 1224 1587 et
1242 1539 1394 1607 approbare,

343 1643 373 1677 ea
392 1622 494 1694 figura,
514 1620 565 1692 qua
584 1621 735 1692 acquirere,
755 1618 918 1675 allaborare.
965 1619 1018 1673 Sed
1044 1639 1078 1674 ne
1095 1619 1146 1675 bac
1164 1623 1279 1693 quidem
1298 1637 1395 1679 senten-

345 1710 380 1762 tia
399 1709 562 1774 adiuvamur.
599 1706 770 1774 Videndum,
788 1727 822 1760 an
841 1708 975 1760 adducam
992 1708 1072 1761 scribi
1091 1709 1182 1779 possit,
1203 1712 1253 1765 i.e.
1273 1715 1396 1783 probabo,

346 1796 483 1854 ostendam
502 1796 622 1850 adductio
640 1796 812 1866 argumentis.
855 1796 978 1849 Placeret
996 1797 1118 1859 uincam,
1147 1796 1169 1849 εἰ
1195 1817 1255 1868 quo
1283 1800 1311 1852 in
1336 1801 1396 1852 libro

346 1884 516 1956 reperissem:
544 1902 699 1955 quanquam
718 1903 773 1936 non
793 1883 873 1936 nimia
890 1882 971 1953 lange
991 1883 1078 1949 abeat,
1109 1884 1184 1954 quod
1205 1885 1319 1956 quidam
1343 1888 1395 1940 libri

345 1971 444 2026 babent
459 1972 498 2023 ad
515 1971 640 2025 uictum.“
659 1968 690 2024 C.
708 1971 813 2042 Lang.

416 2059 520 2127 „Suut,
545 2058 662 2130 qui-boc
680 2058 715 2115 ita
734 2069 881 2130 exponant:
911 2057 1078 2129 argumentis
1103 2059 1175 2110 cerie
1193 2071 1224 2111 et
1245 2061 1326 2112 certia
1342 2081 1393 2113 can-

345 2149 465 2199 vincam:
485 2147 557 2217 quod
577 2158 748 2215 argumenta,
769 2147 867 2219 quibus
884 2146 964 2198 dubia
985 2157 1010 2199 et
1029 2147 1130 2199 incerta
1154 2149 1316 2217 probamus,
1335 2161 1394 2202 certa

346 2245 373 2288 ct
388 2234 508 2286 confessa
526 2252 582 2285 eare
600 2233 722 2287 debeant.
759 2233 871 2287 incertis
888 2232 960 2286 enirn
979 2232 1059 2286 dubia
1075 2233 1187 2304 probari
1208 2255 1267 2289 non
1288 2248 1395 2307 ponunt.

347 2320 467 2374 Fortasse
486 2323 567 2391 possit
585 2320 706 2392 intelligi,
727 2333 757 2375 ιιι
775 2319 872 2375 Cicero
891 2321 972 2374 dicat:
994 2325 1151 2373 Curatorem
1171 2323 1267 2375 Clodio
1280 2324 1393 2383 dandum,

346 2419 479 2480 tanquam
498 2409 615 2478 furiosa.
663 2408 806 2462 Furiosum
834 2408 907 2460 enim
929 2408 1068 2461 dominum
1096 2428 1152 2461 εεεε
1181 2429 1296 2464 auarum
1314 2428 1392 2464 rerum

346 2505 435 2549 vetant
459 2495 514 2548 Xll.
548 2495 654 2550 tabulae
683 2497 745 2564 [rid.
775 2494 900 2549 Dirbsen.
927 2496 995 2549 Krit.
1026 2497 1051 2549 d.
1077 2496 1133 2549 Xll.
1160 2497 1393 2569 Talei-Fragmm.

348 2600 373 2652 p·
390 2584 577 2650 tto-38⁰4.
620 2583 748 2637 Furiosus
765 2583 861 2655 igitur,
889 2604 972 2656 quum
991 2585 1014 2637 εἰ
1041 2595 1150 2637 curator
1175 2584 1256 2638 datus
1282 2597 1333 2653 εει,
1356 2604 1393 2639 ne·

347 2669 471 2722 cessariia
488 2668 566 2726 rebue
585 2671 711 2723 addictus
729 2681 786 2729 εει,
811 2690 862 2725 nec
879 2672 933 2725 suia
950 2673 1030 2725 rebus
1048 2672 1086 2724 uti
1114 2683 1201 2742 potest
1221 2674 1280 2727 sine
1299 2685 1393 2728 curato·

348 2757 384 2810 ris
401 2758 564 2812 auctoritate.
609 2759 660 2813 Hic
678 2778 769 2812 sensus
793 2759 814 2811 si
833 2759 964 2830 placeret,
993 2759 1136 2831 legendum
1156 2772 1239 2815 esset:
1269 2766 1327 2834 Ego
1343 2779 1393 2813 cero

347 2854 375 2895 ιε
392 2863 445 2897 nan
463 2846 556 2898 modo
574 2848 706 2913 stultum,
731 2858 761 2900 ut
784 2846 810 2900 in
830 2848 921 2919 aliquo
945 2868 1000 2901 uno
1026 2847 1119 2903 codice
1137 2847 1230 2901 inveni
1250 2851 1392 2921 scriptum.“

348 2931 421 2985 Fre.
440 2931 588 3002 Sylvius.

418 3019 492 3082 „Sed
504 3020 647 3071 dementem
664 3030 690 3071 cl
709 3022 835 3074 insanum
853 3006 1060 3077 rationibus
1079 3025 1218 3077 uincam
1238 3025 1390 3078 necessariis.

348 3104 377 3157 Si
396 3104 455 3174 quia
475 3104 550 3158 locus
567 3117 606 3160 est
624 3106 652 3160 in
670 3108 814 3164 Paradoxis
831 3123 987 3183 corruptus,
1013 3111 1056 3166 hic
1075 3124 1125 3166 est:
1144 3132 1228 3187 quem
1249 3114 1392 3184 Largius,

348 3191 424 3260 (narn
453 3202 568 3260 ceteros,
607 3195 651 3266 qui
676 3195 739 3251 huic
763 3198 847 3253 ulceri
879 3220 974 3253 manus
1003 3201 1196 3266 admoverunt,
1237 3201 1344 3271 omitto)
1365 3198 1393 3251 sic

349 3279 492 3333 emendare
511 3294 622 3336 canutus
639 3295 691 3338 εειε
710 3287 758 3337 red
775 3288 918 3340 dementem
937 3298 963 3338 et
980 3289 1115 3352 insanum,
1133 3288 1264 3340 addicam
1283 3305 1392 3340 necessa-

348 3367 405 3421 riis.
445 3369 574 3424 Addiaam
594 3373 764 3441 necessariis,
783 3385 887 3442 autem,
913 3376 930 3428 i.
950 3395 972 3429 ε.
991 3377 1093 3430 mittam
1114 3377 1147 3429 ad
1170 3390 1301 3448 agnatos,
1320 3374 1394 3446 inquit

346 3454 407 3521 ille,
424 3456 457 3509 ad
476 3477 543 3529 quos
561 3473 650 3514 mente
669 3473 808 3532 captorum
829 3463 909 3517 tutela
929 3464 1050 3534 pertinet.
1087 3463 1141 3517 Sed
1161 3466 1297 3535 egalranc
1314 3481 1394 3518 emen·

348 3541 482 3598 dationem
502 3549 617 3617 probaro
635 3548 710 3601 nullo
729 3551 810 3609 modo
830 3571 946 3622 possum.
994 3553 1061 3605 Nam
1086 3552 1207 3622 primurn
1234 3554 1263 3607 in
1282 3552 1394 3606 omnibus

347 3627 422 3683 libris
440 3635 574 3702 reperitur
593 3654 639 3687 vax
657 3635 750 3703 rebus,
777 3658 859 3710 quarn
888 3639 1003 3710 Longius
1034 3638 1112 3692 delet.
1149 3639 1259 3693 Deinde
1279 3656 1394 3711 quorsum

347 3716 413 3768 boc:
435 3717 494 3787 Ego
514 3729 539 3772 ιε
559 3721 592 3772 ad
614 3734 740 3791 agnatos,
758 3736 788 3778 ut
806 3727 973 3794 dementem,
993 3726 1118 3780 mittam?
1155 3727 1283 3794 Deinde,
1307 3728 1395 3780 sicer-

347 3812 474 3869 tumeat,
504 3816 592 3859 mente
612 3820 720 3878 captum
748 3831 817 3878 ease,
843 3834 900 3868 non
920 3816 1047 3880 dubium,
1073 3814 1140 3885 quin
1159 3814 1194 3867 ad
1213 3826 1322 3886 agnatae
1338 3813 1395 3864 mit·

346 3889 441 3943 tendus
459 3890 507 3947 sit:
526 3892 565 3945 sin
580 3893 722 3962 incertum,
741 3898 767 3951 id
785 3899 1024 3958 demonstrandum
1038 3914 1084 3956 εει.
1121 3901 1267 3956 Postremo
1278 3903 1304 3956 in
1315 3899 1394 3954 omni-

346 3978 396 4031 bus
422 3979 479 4033 iere
504 3980 577 4036 libris
604 3985 866 4059 scriptis‘reperitur
891 3994 1109 4054 vax'r'nuictum,
1134 3992 1236 4061 partim
1263 3993 1291 4045 in
1314 3991 1393 4044 locun

347 4066 420 4120 verbi
439 4069 577 4134 addicam,
596 4075 693 4142 partim
712 4095 766 4129 una
788 4097 849 4131 curn
870 4099 903 4132 eo
920 4080 979 4152 ipso
998 4081 1087 4135 verbo.
1136 4079 1223 4134 Pauci
1252 4077 1394 4134 habentui

344 4154 446 4205 victum
470 4174 521 4227 pro
546 4158 686 4211 addicam:
723 4164 847 4217 nonnulli
874 4169 1025 4231 addictum,
1059 4166 1133 4220 unde
1162 4167 1314 4241 intelligere
1333 4166 1393 4227 licet,

346 4241 475 4294 mendum
493 4263 547 4297 εεεε
567 4245 594 4298 in
614 4249 694 4301 verbo
712 4252 844 4308 addicam.
883 4255 967 4321 Adde,
985 4255 1058 4327 quod
1078 4255 1207 4309 nonnulli
1226 4257 1289 4310 libri
1308 4255 1393 4309 babent

347 4326 505 4383 infinitivum
524 4351 580 4386 erae
594 4354 655 4388 cum
675 4339 755 4392 verbo
772 4341 911 4401 invictum.
949 4344 1008 4416 Ego
1026 4342 1117 4413 igitur,
1137 4346 1296 4400 coniectura
1310 4346 1391 4398 ductus

343 4417 554 4490 sententiamque
565 4419 702 4477 Ciceronis
719 4438 832 4497 secutus,
851 4431 889 4486 sic
908 4430 1107 4486 emendandum
1126 4433 1204 4488 huna
1216 4433 1306 4488 locum
1321 4442 1387 4504 puto:
