3450 5342
342 649 414 721 144
660 671 832 719 rintnoxt
860 669 1055 720 srorconutr.

338 830 447 902 aliquit.
482 827 553 881 Gud.
573 830 606 882 Α.
625 828 726 880 nihilne
745 848 821 881 vcro
834 828 954 897 facile
971 832 1146 898 possimus
1163 851 1245 904 crgo
1274 835 1390 889 interest.

340 920 440 971 Vocem
459 936 520 969 nam
539 916 637 969 omittit
654 915 735 969 Drsd.
751 920 786 979 5;
805 915 832 968 in
852 915 932 969 Drsd.
954 920 980 970 4.
999 915 1048 970 Ox.
1067 939 1092 986 η.
1112 920 1236 972 cethaee
1256 940 1310 992 pro
1327 924 1389 983 hom·

338 1003 403 1056 Oxx.
421 1001 453 1055 E.
473 1004 494 1055 1.
513 1002 639 1056 omittunt
657 1023 719 1054 nam
738 1005 804 1065 hoc‚·
831 1023 882 1076 pro
902 1004 970 1055 dicet
990 1014 1029 1059 est
1054 1006 1127 1056 dicat
1146 1006 1174 1059 in
1195 1005 1246 1061 0¹.
1269 1007 1298 1074 13
1322 1010 1389 1065 dicet

337 1092 365 1147 in
384 1089 455 1145 Gud.
475 1089 505 1141 B.
531 1091 628 1142 diceret
646 1090 690 1159 (ut
710 1090 835 1159 diximus)
867 1091 895 1144 in
915 1090 974 1144 Cre.
994 1097 1025 1156 2;
1052 1092 1116 1143 dicit
1144 1094 1174 1146 in
1193 1092 1254 1148 Cre.
1275 1099 1303 1152 3.
1325 1096 1386 1150 Edd.

337 1179 416 1233 Hdlb.
434 1180 495 1232 Par.
513 1182 593 1232 15111.
613 1181 692 1232 1512.
711 1177 797 1249 Lugd.
818 1178 887 1231 Ven.
906 1180 1082 1233 14921514.
1120 1179 1169 1234 Ed.
1187 1199 1231 1253 ep.
1252 1182 1339 1238 Mene.
1356 1212 1386 1223 -

338 1269 381 1323 At
399 1265 544 1325 formulam
561 1266 631 1316 dicet
650 1264 751 1336 aliquit
770 1263 852 1335 Borg.
872 1264 979 1318 confert
996 1265 1091 1320 Pcrad.
1108 1267 1170 1335 1,1;
1186 1268 1264 1339 Quid
1280 1280 1322 1323 εει
1339 1270 1385 1341 igt-

338 1368 400 1419 ίαν,
428 1362 576 1426 quaeret
605 1351 761 1423 aliquis,
788 1351 906 1404 bonum?
951 1351 1000 1407 Or.
1027 1374 1077 1425 pro
1098 1354 1191 1409 caelio
1209 1359 1260 1410 111
1286 1358 1385 1409 Dicet

339 1442 489 1515 aliquis:
508 1442 574 1492 Ιιαει·
592 1441 679 1509 igitur
703 1449 744 1490 εει
763 1449 814 1491 tua
832 1440 999 1510 disciplina?
1023 1440 1167 1514 laudatque
1192 1443 1226 1496 de
1252 1443 1321 1498 fictis
1347 1444 1383 1496 in·

339 1529 563 1601 arrogationibus
581 1525 757 1595 Quinctilian.
777 1526 823 1593 IX,
842 1532 868 1580 2.
896 1548 922 1600 p.
940 1531 1001 1583 112.
1026 1529 1076 1582 Ed.
1100 1529 1194 1585 Burm.
1231 1531 1303 1584 Turn
1323 1529 1382 1583 cot.

339 1617 398 1673 Cn.
419 1623 444 1673 1.
472 1627 577 1686 patrem
595 1615 655 1687 quis
673 1623 787 1672 nccet,
814 1614 841 1666 in
862 1614 927 1669 On.
946 1635 971 1671 c.
989 1634 1019 1678 ψ.
1036 1629 1146 1680 necat,
1172 1618 1201 1671 in
1220 1617 1302 1671 Drsd.
1320 1623 1345 1673 4.
1360 1623 1381 1672 5.

336 1702 607 1777 pntmmne„Drcd.
626 1706 652 1755 4.
672 1711 734 1753 aut
752 1719 866 1755 cervum.
910 1701 1017 1755 Suerin.
1044 1715 1149 1756 necat
1177 1709 1238 1756 ane
1268 1725 1381 1757 servum:

337 1791 410 1847 Gud.
428 1791 462 1844 Α.
487 1800 576 1842 enecet
605 1790 681 1861 quis,
716 1787 788 1841 Gud.
807 1788 838 1841 B.
866 1789 926 1861 quic
956 1801 1078 1854 nectam·
1114 1791 1209 1844 Duisb.
1236 1806 1384 1862 patremne·

337 1881 398 1950 quis
416 1888 489 1931 necet
508 1884 567 1930 αιῖε
585 1895 699 1929 cervum.
735 1875 874 1929 Editionec
893 1896 1002 1948 quoque
1017 1877 1086 1931 haud
1107 1899 1208 1951 paucae
1227 1879 1325 1935 habent
1341 1901 1382 1933 nc-

338 1979 379 2019 cct
398 1985 448 2037 pro
466 1976 570 2025 enecc15
597 1963 687 2018 laudat
711 1962 762 2017 Or.
788 1962 838 2017 Ed.
863 1984 921 2035 prc.
941 1968 1020 2020 1465.
1056 1966 1105 2021 Ed.
1137 1988 1181 2039 ap.
1206 1969 1294 2022 Meus.
1318 1968 1380 2020 vici.

338 2054 430 2127 Magn.
449 2052 523 2105 Man.
553 2051 646 2105 Lamb.
670 2050 755 2104 Suffr.
779 2050 851 2104 Petr.
878 2050 1018 2107 Accedunt
1042 2073 1071 2106 er
1097 2055 1194 2110 nostris
1217 2055 1287 2109 Ven.
1310 2057 1381 2108 1492.

339 2145 418 2198 1514.
435 2151 461 2194 ει
479 2159 572 2193 omnes
591 2151 652 2193 aute
671 2138 750 2191 Grut.
771 2149 878 2209 excepte
899 2139 960 2194 Asc.
974 2143 1064 2208 1511,
1086 2141 1114 2195 in
1134 2161 1203 2215 qua,
1227 2162 1290 2196 cum
1318 2143 1382 2214 opti·

338 2231 389 2285 mie
405 2230 480 2284 tibris
497 2239 536 2282 εει
552 2237 649 2281 enecet.
685 2226 749 2279 Sola
768 2225 818 2280 Ed.
826 2225 912 2296 Lugd.
928 2225 1019 2281 habet:
1038 2248 1112 2280 nain
1130 2247 1239 2282 cervum
1256 2230 1382 2282 nudaetc.

337 2321 391 2373 Pro
408 2336 495 2389 ponae
513 2327 551 2370 est
567 2333 648 2384 ponec
667 2314 695 2366 in
714 2314 781 2368 Edd.
799 2314 892 2368 Lamb.
912 2313 997 2369 Suffr.
1015 2317 1087 2370 Petr.
1106 2317 1202 2371 nostris
1220 2317 1292 2370 Ven.
1309 2317 1381 2369 1412.

337 2410 417 2463 1514.
437 2405 532 2461 colon.
549 2403 614 2474 Arg.
640 2401 672 2457 H.
691 2402 777 2457 Wott.
805 2400 864 2455 ΑΜ.
884 2406 962 2459 1548.
981 2403 1076 2471 Boul.;
1103 2416 1180 2475 potes
1205 2406 1234 2459 in
1260 2405 1310 2458 Ed.
1327 2404 1382 2456 Par.

339 2499 417 2551 1507.
436 2507 462 2549 et
480 2493 565 2565 Lugd.
601 2490 660 2544 Mr.

410 2585 493 2636 Nuda
511 2584 567 2634 istc
584 2581 609 2632 εἰ
624 2580 737 2648 ponam]
764 2578 895 2644 „Remota
921 2599 936 2632 a
955 2579 1187 2636 circumstantiis.“
1208 2581 1283 2637 ΑΜ.
1301 2580 1378 2633 Man.

339 2673 421 2726 Nuda
440 2672 458 2725 i.
476 2690 500 2724 e.
518 2669 546 2721 in
565 2667 645 2733 thesi,
669 2667 726 2720 sine
745 2666 821 2733 loco,
848 2678 984 2738 tempore,
1012 2672 1118 2723 causa.“
1136 2668 1238 2723 Face.
1286 2668 1379 2735 „Nuda

338 2761 463 2815 dicuntur
482 2777 532 2830 pro
551 2776 599 2823 co,
626 2755 698 2826 quod
725 2754 804 2825 vulgo
831 2769 978 2829 usurpatur
1003 2757 1030 2808 in
1054 2757 1210 2823 abstracto,
1238 2776 1296 2810 non
1315 2766 1379 2810 certo

337 2848 406 2914 loco,
426 2859 556 2914 ternpore,
575 2843 757 2895 hominibus.“
776 2843 881 2913 Wytt.
916 2841 1058 2899 Mencken.
1074 2844 1102 2897 in
1121 2843 1380 2915 Obss.t.1..p.6tz.

337 2935 462 3007 explicati
480 2931 565 2984 Nimis
585 2929 743 3000 generatim,
761 2940 796 2994 ει,
814 2930 887 3000 quod
901 2930 979 3003 vulgo
991 2933 1044 2987 dici
1056 2931 1131 2996 solet,
1149 2932 1207 2986 eine
1223 2931 1380 2987 restrictione

337 3036 382 3076 aut
400 3020 574 3084 limitatione,
601 3028 720 3071 autnon
746 3016 919 3072 consideratis
944 3022 1029 3074 causis
1057 3021 1307 3087 circumstantibus,
1331 3036 1377 3073 non

338 3108 433 3162 additis
451 3103 577 3176 exemplis
596 3102 708 3174 potita.“
744 3102 804 3156 ΜΓ.

409 3194 492 3247 Nuda
509 3194 565 3245 ιἐια
583 3220 617 3231 -
635 3191 753 3245 iudicari
766 3220 802 3231 -
819 3211 871 3245 non
884 3192 974 3263 facile
990 3196 1125 3264 possunt]
1161 3196 1217 3248 Pro
1228 3195 1378 3248 iudicari·-

332 3290 448 3354 poterent
473 3278 559 3336 codd.
585 3278 651 3333 On.
676 3277 707 3331 E.
727 3278 747 3335 Ι.
763 3276 796 3333 N.
815 3298 840 3332 σ.
859 3296 890 3342 ψ.
917 3279 1023 3335 Suerin.
1052 3281 1132 3335 Bern.
1158 3282 1218 3337 Bas.
1242 3286 1300 3337 en.
1318 3287 1341 3336 1.
1357 3284 1377 3333 2.

335 3370 415 3425 Ι)Γε(1.
433 3373 458 3423 1.
479 3374 504 3422 2.
523 3370 547 3422 1.
564 3371 592 3422 4.
610 3362 640 3422 5.“
655 3366 753 3423 habent
770 3367 891 3421 iudicare
909 3396 944 3407 -
960 3388 1087 3438 possum
1112 3370 1140 3422 in
1160 3369 1211 3424 Ox.
1229 3370 1265 3423 U.
1284 3381 1321 3423 εει
1340 3371 1378 3418 iu·

336 3462 478 3514 dicare-
492 3469 616 3528 ponunt.
654 3462 767 3510 Possum
784 3455 884 3510 habent
901 3456 979 3510 etiam
998 3458 1126 3511 tredecim
1144 3457 1207 3511 Atdi
1225 3458 1301 3511 Man.
1317 3456 1377 3527 (sine

335 3550 418 3603 dubio
437 3549 516 3603 ctiam
533 3547 668 3599 iudicare:
694 3565 858 3617 quamquam
884 3544 929 3598 itte
949 3545 1013 3598 nihil
1032 3547 1167 3612 monetz),
1197 3545 1253 3599 duo
1275 3562 1377 3616 possem.

335 3640 389 3691 Pro
409 3636 504 3708 qualia
529 3646 568 3688 εει
592 3634 719 3705 aequalia
743 3634 771 3685 in
791 3633 841 3687 Ox.
862 3632 893 3685 E.
918 3633 1052 3687 Scribitur
1072 3632 1162 3702 facile
1190 3652 1244 3685 non
1272 3634 1376 3703 (inverso

334 3723 441 3791 ordine)
460 3723 487 3774 in
507 3719 592 3774 codd.
611 3720 669 3773 Cre.
688 3724 713 3774 2.
733 3719 811 3773 Drsd.
830 3724 856 3773 1.
875 3726 900 3773 2.
919 3725 945 3776 3.
963 3726 989 3775 5.
1032 3720 1062 3773 ln
1079 3719 1147 3773 cod.
1171 3720 1268 3775 Duisb.
1287 3732 1324 3774 εει
1338 3720 1377 3770 iu-

336 3809 426 3862 dicare
445 3837 479 3847 -
497 3809 604 3875 possim.
651 3805 693 3859 Ad
711 3806 868 3860 sententiam
890 3808 995 3861 confert
1013 3806 1116 3861 Gernh.
1135 3807 1228 3862 locum
1256 3809 1288 3862 de
1305 3808 1374 3861 Finn.

334 3895 383 3962 lv,
402 3899 444 3961 21,
463 3897 507 3949 16.
527 3892 573 3946 ubi
589 3903 641 3947 εειε
660 3895 728 3944 Item
746 3912 830 3965 aeque
847 3905 956 3962 peccat,
976 3896 1023 3966 qni
1038 3905 1193 3965 parentem,
1220 3906 1248 3948 ει
1267 3898 1314 3970 qui
1328 3914 1375 3947 ser·

335 4002 398 4036 vum
414 3981 516 4033 iniuria
534 3979 664 4034 verberat.
701 3980 742 4034 Ad
760 4000 818 4033 rem
836 3993 925 4036 autem
950 3994 1043 4036 monet
1067 3983 1098 4037 11.
1115 3983 1248 4038 Wolfiuc:
1273 3981 1375 4053 „Quidt

336 4071 409 4144 quod
427 4089 517 4124 cerrus
534 4069 646 4140 reperiri
664 4080 764 4141 potest,
794 4070 840 4142 qui
859 4069 1020 4125 adolescenti
1039 4070 1122 4143 patris
1148 4072 1308 4141 praestiterit
1323 4067 1375 4123 ott-

335 4160 423 4212 cium:
442 4168 468 4212 et
486 4167 575 4230 pater,
593 4156 638 4228 qui
658 4158 807 4228 procrearit
825 4167 945 4224 tentum,
970 4157 1016 4211 sed
1042 4177 1093 4211 nec
1112 4158 1223 4227 aluerit,
1248 4181 1300 4215 nec
1322 4176 1374 4211 eru·

336 4247 428 4313 dierit,
448 4246 545 4298 necin
564 4246 625 4299 sede
644 4264 676 4299 ac
694 4246 792 4313 domo,
811 4264 900 4316 neque
918 4247 945 4298 in
966 4266 994 4298 re
1013 4245 1120 4316 publica
1139 4247 1324 4303 collocarit?“
1349 4242 1372 4294 1¹¹

335 4353 409 4406 seqq.
429 4333 514 4388 codd.
529 4333 600 4388 Gud.
611 4334 643 4389 Α.
662 4347 689 4389 ει
700 4334 816 4389 1)Γε(1.5.
833 4333 933 4389 hebent
948 4344 1054 4406 patrem
1071 4335 1180 4404 privare
1201 4338 1278 4399 νὶιαῑ
1297 4333 1373 4387 fimi·

336 4424 459 4489 privari.
494 4423 552 4477 Mr.
