3450 5342
346 679 422 753 258
687 700 859 749 euoenon
887 699 1082 748 srorcorruu.

347 864 473 919 cabulum
501 864 610 930 oratio.
643 861 709 912 Corl.
728 859 806 911 Drsd.
826 862 856 913 4.
879 857 982 910 exhibet
1008 859 1116 928 copioso
1141 876 1205 909 vox
1234 858 1324 927 mugio
1343 859 1403 927 (noo

350 956 443 1006 omissa
466 971 488 1002 v.
509 950 618 1015 oratio).
657 946 724 1000 Cod.
742 945 847 998 Suerin.
867 945 941 1013 Quid
959 945 1030 996 volet
1050 944 1101 996 itta
1120 943 1226 1014 igitur5
1255 942 1327 995 idem
1345 946 1404 996 virer'

357 1060 406 1112 pro
427 1041 487 1093 viri.
525 1037 593 1090 cod.
616 1035 665 1088 Or.
686 1034 718 1087 N.
739 1053 818 1105 quom
837 1032 962 1102 eloquens
981 1032 1069 1083 oratio
1087 1031 1203 1100 rapiens.
1243 1030 1304 1082 Me.

419 1127 521 1195 Eripite
541 1144 589 1176 noe
607 1142 639 1173 ex
658 1123 789 1173 servitute
808 1119 854 1187 —]
886 1116 954 1170 cod.
972 1117 1022 1171 Or.
1043 1118 1074 1170 E.
1094 1122 1119 1168 E
1126 1120 1202 1188 rige
1223 1138 1289 1178 nos5
1311 1118 1400 1189 legitur

347 1233 393 1267 vos
411 1213 437 1265 in
459 1211 544 1265 codd.
563 1209 621 1262 Cre.
641 1214 665 1262 2.
686 1207 752 1260 Orr.
771 1226 793 1259 o.
813 1226 842 1267 ψ.
869 1205 994 1259 Drsd.1.
1014 1209 1041 1258 4.
1062 1209 1087 1260 5.
1125 1205 1197 1258 Tum
1226 1205 1315 1259 Codd.
1338 1205 1400 1259 Gud.

350 1300 381 1352 Α.
400 1298 432 1350 Β.
451 1298 542 1352 Guell.
561 1297 642 1349 Bern.
661 1295 722 1348 Bas.
741 1294 798 1347 Crz.
820 1299 845 1347 1.
865 1299 889 1346 2.
908 1293 1022 1346 Drsd.1.
1044 1299 1069 1346 2.
1090 1296 1116 1348 3.
1133 1298 1160 1347 4.
1178 1298 1204 1348 5.
1230 1312 1249 1344 a
1268 1295 1399 1357 servitute,

350 1403 411 1439 cum
431 1383 497 1437 Oxr.
516 1384 547 1435 E.
565 1383 586 1435 1.
604 1383 636 1436 Ν.
655 1372 688 1434 U.
730 1381 794 1434 Post
819 1380 885 1432 haec
904 1381 981 1434 verba
1001 1380 1028 1432 iu
1049 1381 1135 1433 Codd.
1154 1379 1268 1434 Suerin.
1285 1381 1362 1434 Drsd.
1376 1386 1397 1434 4.

258 1466 261 1472 ¹
348 1472 485 1525 adduntur
504 1471 582 1522 rerba
602 1489 617 1521 o
637 1473 722 1528 δάιοι
743 1468 769 1520 in
789 1467 869 1520 Drad.
886 1472 911 1520 5.
931 1468 1018 1538 igitur
1037 1488 1052 1519 o
1072 1471 1147 1519 Cato.
1196 1468 1241 1520 Ad
1260 1470 1340 1521 verba
1357 1488 1397 1520 au·

349 1557 495 1612 tecedentia
516 1557 621 1614 confert
639 1556 737 1625 Borg.
757 1553 815 1607 Cic.
832 1555 905 1607 Part.
924 1553 999 1607 Orat.
1020 1557 1067 1609 23;
1092 1555 1163 1606 nihil
1180 1558 1252 1608 enim
1272 1567 1313 1609 ert
1330 1556 1398 1606 aliud

346 1646 515 1718 eloquentia,
544 1645 596 1696 nisi
616 1645 750 1712 copiose
769 1643 881 1713 loquens
899 1642 1097 1711 sapientia,
1116 1653 1142 1694 et
1161 1642 1197 1694 de
1224 1642 1278 1695 Or.
1296 1643 1328 1710 ΙΙ,
1346 1645 1395 1696 llo:

347 1732 416 1786 rrilril
433 1732 475 1782 illi
494 1731 600 1800 defuit,
619 1731 691 1801 quod
708 1750 760 1783 non
779 1731 854 1781 modo
874 1731 1055 1798 copiosus,
1078 1728 1127 1779 sed
1150 1729 1237 1780 etiam
1262 1730 1394 1800 sopiens

348 1833 471 1873 orator
489 1819 586 1870 trabere
607 1818 718 1869 deberet.
765 1817 838 1868 ldem
858 1827 951 1869 monet
975 1815 1044 1869 hanc
1064 1813 1151 1868 Crassi
1178 1817 1331 1870 orationem
1348 1835 1393 1868 non

293 1971 296 1977 Ι
349 1908 439 1960 leviter
458 1906 600 1976 perstringi
621 1905 653 1957 de
673 1904 722 1956 Or.
741 1904 760 1969 l,
781 1909 824 1958 52.
861 1904 902 1956 Ad
923 1923 979 1954 rem
1000 1903 1118 1957 conferri
1138 1903 1193 1957 vult
1211 1905 1302 1976 Wytt.
1318 1905 1349 1958 ad
1362 1903 1393 1955 le·

348 2012 408 2064 gem
427 1992 566 2045 Serviliam
596 1992 701 2044 Ernesti
727 1991 799 2044 ctav.
826 1991 883 2046 Cic.
904 2011 930 2062 p.
949 1994 990 2044 39.
1041 1991 1117 2044 Adde
1139 1989 1247 2051 Orellii
1264 1993 1392 2046 Onomast.

349 2082 404 2135 Cic.
426 2081 454 2134 P.
466 2079 512 2134 Ill.
533 2100 558 2151 p.
572 2084 624 2134 268
639 2100 677 2150 sq.
696 2079 728 2130 ll.
747 2078 850 2148 Meyeri
874 2076 998 2130 Oratore.
1018 2078 1125 2131 Romm.
1146 2078 1286 2150 Fragmm.
1306 2100 1330 2149 p.
1341 2081 1391 2132 149.

348 2169 397 2220 Ed.
417 2187 473 2239 pr.;
492 2167 602 2220 alteram
623 2167 686 2218 mihi
706 2167 840 2237 inspicere
860 2185 914 2217 non
935 2164 1026 2232 licuit,
1045 2177 1075 2219 ut
1093 2185 1145 2218 nec
1169 2166 1283 2219 alteram
1301 2165 1391 2218 Editio·

347 2253 388 2305 nis
412 2253 488 2305 Bruti
513 2254 682 2306 ciceroniani
715 2254 760 2306 Fr.
788 2252 929 2318 Ellendtii,
955 2253 998 2306 cui
1023 2252 1135 2324 praefixa
1162 2265 1200 2306 est
1227 2253 1390 2325 Eloquentiae

346 2340 484 2393 Romanae
502 2340 631 2405 Historia,
648 2343 694 2394 ubi
715 2342 764 2394 rid.
785 2341 834 2394 Ed.
853 2361 894 2411 pr.
915 2362 940 2411 p.
959 2345 1003 2395 13.
1040 2343 1073 2394 Α.
1092 2342 1287 2395 Westermann
1307 2339 1389 2393 Gesch.

347 2429 371 2480 d.
390 2428 468 2480 Rom.
487 2427 668 2482 Beredtsamlr.
686 2427 710 2499 ᾖ.
729 2431 773 2483 41.
794 2448 818 2498 p.
838 2431 891 2481 114
909 2448 968 2498 sqq.
1005 2411 1063 2479 Mc.

417 2520 495 2587 Quae
514 2528 554 2569 ert
573 2518 629 2570 isto
648 2519 766 2570 servitus
785 2518 830 2583 -]
850 2515 934 2567 Plane
953 2515 991 2567 sic
1008 2515 1114 2568 locutus
1132 2527 1171 2569 est
1191 2513 1250 2568 Cic.
1267 2512 1388 2578 Phil.l,i:

331 2608 527 2676 Quaenam,
555 2606 670 2670 molum,
699 2615 739 2656 est
759 2606 833 2655 ista
860 2603 1017 2654 voluntaria
1044 2602 1180 2668 servitum
1204 2623 1287 2674 quem
1312 2603 1388 2655 locum

346 2693 462 2745 laudarit
481 2692 562 2762 Borg.
590 2693 744 2763 addiditque
771 2691 862 2763 Aquil.
881 2690 960 2743 Rom.
981 2690 1027 2758 [ad
1053 2689 1118 2743 calc.
1145 2691 1228 2744 Rurit.
1253 2691 1333 2762 Lupi,
1356 2687 1387 2740 ed.

345 2778 460 2845 Ruhnk]
482 2798 507 2849 p.
522 2782 575 2832 190
590 2799 630 2850 sq.
656 2778 701 2830 ubi
722 2779 833 2832 ridicule
853 2790 878 2831 et
898 2779 985 2849 inepte
1004 2779 1037 2830 ab
1057 2777 1167 2830 homine
1185 2779 1237 2832 isto
1258 2777 1387 2832 Gramma·

346 2869 399 2923 tico
415 2869 480 2921 haec
494 2868 601 2930 locutio,
622 2878 733 2938 propter
747 2869 867 2920 additum
880 2867 945 2919 illud
960 2867 1059 2918 molum
1073 2868 1100 2919 in
1111 2866 1267 2921 Pleonasmi
1278 2865 1387 2938 exemplis

345 2955 463 3025 ponitur.
509 2954 616 3020 Quodsi
642 2957 730 3007 omnis
754 2955 854 3030 locutio
881 2954 971 3026 paullo
996 2955 1159 3008 commotior
1185 2955 1212 3008 in
1242 2955 1387 3028 pleonasmis

344 3040 464 3092 habenda
484 3051 537 3103 est,
557 3041 642 3093 multo
663 3043 746 3112 magis
764 3042 913 3111 pleonasmi
927 3055 988 3096 sunt
1003 3041 1085 3094 libelli
1102 3043 1314 3113 magistellorum
1330 3043 1387 3096 eius-

345 3127 419 3178 modi
440 3126 611 3196 srigidorum.
630 3159 664 3168 —-
704 3132 792 3183 Verba
812 3144 939 3203 quaeest
959 3133 1014 3183 isto
1035 3131 1153 3183 servitus
1173 3131 1271 3186 desunt
1288 3133 1314 3184 in
1332 3127 1387 3182 Cot.

344 3213 396 3267 Ox.
413 3232 457 3276 ψ.;
477 3233 527 3284 pro
546 3216 619 3268 claro
637 3219 792 3289 [perperam
813 3221 840 3273 in
868 3220 916 3272 Ed.
934 3205 1035 3273 Gerrih.
1053 3219 1152 3272 dicitur·
1177 3221 1218 3290 (p.
1240 3220 1314 3287 288.)
1336 3216 1386 3270 Oli·

343 3314 429 3356 retum
450 3302 572 3357 exhibere
590 3305 691 3373 elato:]
711 3319 749 3360 εει
767 3308 793 3358 in
814 3307 864 3360 Or.
882 3307 911 3359 E.
928 3307 1087 3376 praeclaro,·
1109 3307 1197 3376 pergit
1216 3309 1276 3359 Cra.
1294 3310 1318 3359 1.
1334 3319 1383 3358 oum

343 3387 415 3445 Gud.
433 3391 466 3446 A.
486 3402 555 3443 tom
574 3393 670 3458 nobili,
692 3397 748 3446 Cre.
768 3401 792 3449 2.
811 3406 920 3466 atque
939 3406 1009 3447 tom
1027 3393 1118 3447 nobiti.
1153 3393 1212 3445 ΜΓ.

408 3480 499 3531 Orrmir
508 3481 592 3532 animi
610 3481 745 3532 debilitati
759 3493 826 3532 -et
837 3483 930 3553 fracti
943 3482 1077 3533 timiditas
1089 3483 1208 3534 servitus
1225 3484 1288 3550 εει.]
1306 3478 1384 3548 „Libri

342 3574 440 3618 veteres
453 3565 552 3619 habent
568 3569 680 3638 partim:
700 3570 784 3621 omnis
802 3571 886 3620 animi
902 3570 1056 3627 debilitata
1074 3580 1102 3619 et
1116 3568 1227 3622 tramitte
1241 3581 1269 3621 ει
1283 3569 1384 3641 fracto

343 3651 491 3705 timiditas:
510 3664 537 3707 et
556 3654 591 3706 ita
610 3656 782 3708 emendatum
803 3667 841 3709 εει
860 3656 887 3707 in
907 3657 1006 3708 Codice
1024 3655 1209 3709 Memmiano:
1234 3658 1322 3728 itaque
1337 3652 1383 3706 edi-

343 3735 382 3786 dit
396 3736 526 3806 Langiur:
545 3741 657 3808 partim:
678 3744 762 3795 omnis
781 3744 864 3793 animi
883 3742 1069 3794 debilitaret
1087 3743 1199 3794 humilis
1218 3744 1289 3796 etc.“
1306 3743 1383 3794 Lam·

342 3823 454 3874 binus.
491 3823 574 3890 „Duo
593 3839 618 3880 et
638 3827 702 3878 alias
720 3831 810 3880 Omnis
829 3834 917 3882 enim
936 3832 1020 3884 animi
1038 3829 1197 3883 -.“Ald.
1216 3830 1301 3883 Man.
1336 3825 1383 3878 Ad·

342 3909 411 3962 dunt
429 3911 493 3964 illud
513 3913 582 3964 enim
602 3910 688 3968 Codd.
708 3913 767 3968 Cro.
786 3920 811 3971 3.
830 3917 937 3976 Suerin.
959 3918 1037 3970 Drsd.
1058 3922 1084 3970 4.
1103 3916 1154 3969 Ed.
1174 3937 1218 3988 ap.
1231 3911 1382 3970 MeueAEdt.

340 3995 410 4049 Crat.
430 3998 522 4070 Magn.
542 4000 616 4054 Man.
635 3993 831 4056 nostrae'Ven.
851 4010 930 4060 1492.
949 4009 1028 4060 1514.
1053 4003 1133 4056 Hdtb.
1162 4005 1225 4059 Par.
1244 4027 1265 4060 s.
1284 4025 1306 4057 a.
1333 4002 1384 4055 Par·

338 4087 418 4138 1512.
438 4089 516 4142 1543.
534 4088 595 4142 Atd.
615 4083 1047 4163 1517.'1552.Dav.sy1b.car.
1067 4089 1161 4162 Steph.
1182 4093 1286 4146 Sturro.
1309 4092 1383 4145 Heru-

337 4171 442 4224 Cancer.
463 4174 528 4245 Arg.
548 4175 618 4231 Aud.
637 4177 711 4241 Tal.;
731 4178 780 4231 Or.
798 4198 826 4240 ψ.
845 4184 959 4234 atrimae.
996 4178 1107 4248 Legitur
1123 4179 1209 4231 animi
1228 4179 1383 4232 debilitor

337 4260 363 4310 in
381 4259 468 4313 Codd.
486 4262 567 4315 Bern.
585 4264 663 4318 Basit.
683 4267 809 4320 omnibus
826 4268 904 4336 Aldi,
922 4267 1026 4331 Guell.‚
1047 4264 1110 4319 Exc.
1132 4264 1203 4336 Eyb.
1225 4267 1321 4322 nostris
1337 4261 1383 4317 Cn·

336 4348 359 4395 1.
377 4350 402 4396 2.
422 4345 500 4400 Drsd.
519 4352 543 4400 1.
563 4355 588 4406 2.
608 4355 633 4405 3.
652 4357 678 4406 4.
698 4359 722 4408 5.
741 4354 835 4408 Duisb.
855 4355 967 4409 Suerin.
990 4353 1055 4406 Orr.
1075 4350 1106 4404 E.
1128 4354 1148 4406 l.
1168 4353 1203 4407 Ν.
1223 4355 1260 4409 U.
1280 4374 1308 4418 ψ.
1327 4347 1385 4404 Gut-

335 4430 365 4480 Α.
386 4432 431 4496 B.;
451 4435 594 4490 debilitata
612 4441 640 4492 in
660 4443 726 4494 Cod.
747 4446 805 4496 Cre.
825 4447 850 4497 3.
871 4440 938 4495 Edd.
957 4463 1000 4513 ap.
1019 4442 1106 4494 Meus.
1127 4443 1199 4496 Ven.
1223 4439 1384 4498 14921514·
