3450 5342
335 673 409 745 244
662 692 834 741 ranauoxa
862 691 1057 741 srotcoautt.

337 859 408 911 tione
444 855 560 927 proclive
595 854 645 907 tuit
677 852 792 906 librariis
826 853 865 905 vel
907 851 1105 907 correctoribus
1147 849 1270 903 scribere
1303 871 1390 913 aronae,

338 966 432 1018 parum
459 943 644 1015 reputantibus
668 941 843 995 diversitatem
869 941 1015 994 sententiae
1042 951 1132 992 utrum
1160 938 1232 993 banc
1260 959 1296 992 an
1322 939 1389 993 illam

336 1034 478 1104 praeferas.
517 1035 610 1083 Nonne
629 1041 666 1085 est
685 1028 858 1100 exspectantis
882 1028 1011 1082 eiusmodi
1041 1045 1217 1097 responsum,
1246 1038 1277 1079 ut
1303 1028 1335 1080 de
1353 1028 1389 1080 at-

336 1122 486 1175 strmatione
511 1139 567 1172 non
593 1117 697 1171 dubitet
715 1118 750 1184 is,
779 1117 825 1188 qui
849 1117 1005 1186 interrogat.
1052 1113 1107 1182 Qui
1134 1132 1198 1165 vero
1224 1113 1251 1166 h.
1273 1114 1291 1166 l.
1311 1115 1388 1168 inter-

335 1219 393 1279 gat‚
414 1207 505 1278 paullo
524 1205 686 1260 commotior
706 1217 756 1259 est:
777 1204 905 1258 existimat
923 1203 995 1257 enirn
1014 1202 1053 1255 vel
1072 1200 1180 1255 simulat
1198 1221 1226 1254 se
1245 1203 1387 1256 existimare

336 1295 496 1348 Ciceronem
516 1313 549 1346 ne
568 1311 714 1364 agnoscere
733 1291 857 1362 quidem,
886 1291 930 1344 itta
955 1310 1010 1343 esse
1036 1290 1134 1343 festiva.
1182 1290 1302 1359 Quaerit
1320 1311 1387 1362 ergo,

336 1393 365 1435 ut
383 1380 460 1434 Catii.
479 1385 506 1447 Ι,
523 1383 560 1434 A:
594 1382 667 1431 Non
692 1380 823 1430 divinitus
847 1379 877 1428 r'd
898 1378 1009 1449 sectum
1032 1396 1088 1429 esse
1110 1378 1243 1447 putetis?
1267 1363 1386 1432 ‘Deinde

336 1467 396 1519 dedi
415 1469 479 1530 itta,
505 1467 522 1519 i.
541 1487 565 1520 e.
585 1486 654 1538 quae
672 1476 699 1519 tu
720 1464 886 1531 contemnis,
915 1484 984 1535 quae
1010 1485 1053 1517 me
1073 1465 1226 1536 significare
1259 1466 1386 1537 intelligis,

336 1555 437 1608 etiamsi
457 1575 511 1608 non
532 1574 731 1608 enumeravero.
769 1554 802 1607 Et
820 1564 858 1606 cst
876 1553 927 1604 itta
946 1553 972 1604 in
993 1552 1207 1619 Ornomnibus,
1226 1553 1384 1625 exceptet).

338 1640 409 1694 Gud.
429 1642 460 1695 B.
479 1642 559 1695 Drsd.
576 1647 602 1697 4.
623 1642 730 1695 Suerin.
750 1642 819 1697 Edd.
838 1661 896 1712 pre.
915 1643 994 1694 1465.
1015 1640 1084 1693 Vict.
1103 1640 1198 1711 Magn.
1212 1641 1290 1695 Man.
1303 1642 1386 1694 Lamb.

336 1728 420 1782 suttr.
438 1729 509 1782 Petr.
526 1730 638 1796 nostris,
657 1741 764 1800 excepta
785 1729 847 1782 Asc.
867 1732 960 1795 tm,
981 1728 1114 1780 omnibus.
1150 1728 1281 1800 Denique
1300 1731 1383 1800 scripsi

336 1818 362 1869 in
383 1818 564 1888 responsione·
582 1828 662 1882 sunt,
690 1837 740 1888 pro
765 1818 837 1882 sint,
862 1816 935 1887 quod
961 1835 987 1868 se
1013 1815 1113 1868 dedisse
1132 1817 1169 1868 ait
1188 1815 1256 1869 Ern.
1276 1837 1306 1869 ex
1324 1817 1383 1870 Edd.

336 1923 376 1974 pr.
400 1923 462 1958 curn
483 1904 562 1976 vulgo
588 1906 720 1959 scribatur
739 1914 813 1957 sunt.
859 1903 918 1974 Ego
945 1923 1007 1956 vero
1032 1915 1096 1955 sunt
1121 1905 1223 1959 restitui
1250 1925 1281 1957 er
1307 1905 1383 1959 Codd.

337 1991 418 2043 Bern.
435 1992 515 2048 Drsd.
535 1997 561 2045 2.
580 1992 639 2045 Bos.
658 1991 747 2045 Guelf.
765 1991 859 2044 Duisb.
880 1989 952 2044 Gud.
970 1991 1003 2044 A.
1022 1990 1055 2044 B.
1072 1994 1130 2043 Cra.
1143 1997 1168 2043 2.
1189 1996 1214 2046 3.
1233 1992 1304 2061 Edd.
1317 1992 1382 2045 Mau.

336 2078 428 2131 Lamb.
453 2078 537 2132 Sufsr.
556 2079 628 2133 Petr.
655 2078 716 2133 Car.
743 2078 835 2151 Steph.
861 2078 922 2132 Atd.
943 2081 1022 2133 1548.
1040 2081 1118 2134 1552.
1145 2079 1179 2133 Η.
1198 2081 1289 2134 wott.
1314 2078 1382 2132 Boni.

337 2166 409 2220 Aud.
426 2165 451 2217 Τ
452 2165 485 2218 ai.
504 2167 616 2220 Lambb.
635 2166 716 2221 Gotb.
736 2167 837 2219 Sturrn.
854 2164 929 2236 syth.
948 2164 1027 2219 Grut.
1052 2164 1138 2219 Gron.
1158 2167 1258 2220 Graes.
1285 2167 1381 2221 Sebrev.

337 2253 419 2305 Verb.
437 2252 517 2305 Face.
536 2252 638 2306 Gernb.
682 2253 764 2322 Quod
792 2273 853 2306 vero
878 2253 912 2306 ad
931 2253 1088 2307 sententiam
1112 2254 1219 2319 attinet,
1249 2266 1314 2307 sunt
1329 2255 1381 2307 ideo

338 2341 476 2410 praefero,
496 2341 574 2413 quia,
596 2341 690 2395 sisini
716 2341 868 2411 scripseris,
895 2340 1018 2394 concedit
1044 2341 1099 2393 sere
1118 2342 1229 2406 invitus;
1258 2343 1303 2396 sed
1323 2340 1381 2393 vult:

338 2439 441 2483 tautum
460 2429 551 2495 abest,
579 2440 609 2483 ut
626 2449 656 2482 ea
675 2429 764 2483 festiva
788 2447 842 2482 esse
868 2447 978 2500 negem,
1006 2440 1035 2482 ut
1054 2429 1133 2481 etiam
1153 2429 1210 2500 ip'se
1230 2429 1380 2500 pulcritudi-

336 2534 397 2568 nem
418 2536 512 2570 eorum
532 2519 660 2587 sentiam,
679 2537 763 2590 eaque
782 2537 837 2571 esse
857 2517 946 2571 festiva
967 2518 1037 2571 ultro
1057 2519 1236 2580 contendam
1263 2518 1316 2571 vei:
1334 2519 1380 2569 imo

337 2622 398 2655 vero
414 2617 475 2658 sunt
492 2606 598 2671 festiva,
627 2625 714 2678 neque
733 2623 791 2659 sum
818 2608 852 2659 ita
873 2607 961 2670 rudis,
989 2617 1019 2659 ut
1045 2605 1078 2658 ad
1107 2624 1204 2659 eorum
1228 2605 1379 2678 elegantiam

338 2703 458 2763 torpeam
478 2693 516 2745 vet
535 2694 660 2765 frigeam:
686 2695 731 2748 sed
750 2694 786 2747 ita
805 2705 912 2748 venusta
931 2694 1092 2759 habeantur,
1124 2713 1180 2746 non
1206 2705 1234 2747 ut
1264 2705 1314 2748 cet.
1354 2692 1378 2744 in

338 2778 404 2831 Cod.
425 2778 496 2833 Gud.
514 2781 547 2833 A.
575 2782 674 2852 legitur
690 2783 764 2832 ista
788 2792 852 2833 sunt
872 2783 947 2833 isto
959 2782 1083 2852 seatium
1108 2782 1137 2834 in
1156 2780 1209 2838 Ox.
1227 2780 1260 2836 E.
1280 2783 1379 2854 festiva

336 2865 399 2928 sibi,
418 2868 446 2919 in
465 2867 515 2921 Ox.
531 2886 560 2931 ψ.
580 2867 665 2939 glossis
685 2868 753 2921 iuxta
772 2869 872 2938 posita:
888 2868 993 2939 festiva
1010 2868 1193 2924 odndrabilia.
1229 2868 1313 2923 Abest
1323 2877 1378 2921 sunt

337 2973 351 3005 a
370 2954 449 3007 Drsd.
468 2958 493 3006 1.
511 2958 536 3009 3.
556 2959 582 3008 4.
601 2966 626 3006 et
645 2957 703 3006 Cra.
722 2957 747 3007 1.
766 2974 780 3006 a
801 2974 840 3025 pr.
860 2975 912 3020 m.;
930 2955 1047 3008 secunda
1066 2956 1127 3008 add.
1146 2958 1213 3011 sint.
1251 2957 1312 3008 Mr.

410 3045 481 3092 Nom
495 3061 543 3093 nos
562 3059 665 3112 quoque
685 3041 774 3092 oculos
794 3043 915 3094 eruditus·
934 3043 1082 3111 Anderitos]
1106 3042 1176 3096 Cod.
1189 3047 1249 3097 Cre.
1260 3048 1286 3096 1.
1305 3044 1379 3094 Nam·

336 3146 401 3197 que
418 3128 538 3179 eruditos
556 3147 603 3180 nos
622 3128 712 3180 oculos
730 3128 864 3183 babemus.
902 3129 973 3184 Gud.
995 3134 1027 3184 A.
1052 3150 1185 3203 natuque
1210 3152 1260 3185 nos
1279 3149 1378 3204 quoque.

336 3211 408 3265 Gud.
427 3213 457 3266 B.
481 3232 544 3265 nam
562 3235 625 3281 nos,
650 3216 748 3270 omisso
774 3237 892 3290 quoque,
921 3238 1001 3290 quam
1034 3238 1126 3273 rocem
1155 3220 1286 3274 omittunt
1311 3219 1377 3272 etiam

337 3299 402 3354 Oax.
420 3319 444 3351 σ.
462 3319 491 3363 p.
510 3300 587 3355 Suer.
617 3313 643 3356 et
668 3304 747 3357 Drsd.
768 3310 793 3359 5.
821 3307 848 3358 in
877 3325 931 3376 quo
950 3317 989 3358 est
1016 3325 1131 3377 natuque
1151 3307 1244 3358 oculos
1262 3305 1379 3362 eruditos,

336 3388 364 3439 in
385 3387 465 3440 Drsd.
485 3394 511 3443 4.
529 3389 626 3462 legitur
642 3392 762 3443 eruditos
780 3392 871 3444 oculos
889 3392 1025 3444 babemus.
1044 3393 1103 3445 Mr.
1145 3395 1309 3459 ,‚Eruditos‚
1328 3393 1343 3444 i.
1360 3409 1378 3441 e·

336 3477 491 3531 exercitatos
508 3479 659 3549 spectandis
677 3478 777 3550 pulcris
794 3479 875 3550 signis
893 3480 926 3532 de
943 3481 1027 3550 iisque
1047 3480 1202 3534 iudicando.
1239 3480 1328 3550 Vulgo
1343 3476 1377 3528 di·

337 3577 402 3618 cunt
418 3576 544 3637 gustum,
575 3586 656 3638 quent
676 3568 762 3622 Latini
792 3568 887 3622 dicunt
903 3588 1009 3622 sensum
1037 3566 1254 3638 pulcritudinis‘.“
1286 3569 1377 3639 Wytt.

336 3654 427 3703 Aures
445 3654 570 3704 eruditae
586 3654 713 3724 leguntur
730 3656 758 3708 in
777 3656 856 3711 Orat.
875 3661 918 3724 34,
940 3660 1001 3709 119.
1021 3683 1054 3694 -
1092 3657 1186 3728 Pergit
1201 3655 1270 3709 Cod.
1289 3654 1342 3708 Cra.
1354 3654 1376 3705 1·

339 3739 393 3788 Sed
417 3736 522 3789 obsecro
549 3759 644 3805 unum,
678 3743 762 3794 haee
784 3745 826 3797 ira
853 3757 967 3797 venusta
990 3744 1152 3797 trahantur
1175 3745 1288 3814 (omisso
1309 3746 1376 3803 ista).

338 3825 392 3875 Pro
411 3825 453 3874 ita
472 3824 499 3876 in
519 3824 569 3879 Ox.
588 3827 619 3880 E.
639 3840 677 3882 est
694 3831 735 3881 ito
756 3849 814 3890 ne,·
844 3832 916 3886 Gud.
935 3833 969 3885 A.
994 3833 1092 3885 omittit
1116 3843 1142 3883 te
1162 3845 1188 3887 et
1213 3835 1278 3884 ista.
1322 3829 1377 3880 Pus!

336 3922 363 3961 te
383 3908 451 3963 Cod.
469 3910 546 3966 Suer.
564 3912 637 3967 addit
655 3926 696 3968 ut.
733 3918 763 3968 in
783 3916 862 3970 Drsd.
873 3924 898 3973 1.
918 3925 942 3975 3.
962 3931 999 3972 est
1017 3919 1073 3971 ista
1092 3921 1144 3971 ito.
1180 3920 1292 3992 Legitur
1308 3917 1375 3971 etiarn

337 3997 490 4050 habentur
508 3999 536 4051 in
555 4000 635 4056 Drsd.
652 4007 679 4056 4.
699 4015 724 4058 et
743 4008 801 4059 Cri.
820 4011 845 4059 2.
881 4007 940 4061 ΜΓ.

405 4089 447 4137 ita
459 4091 585 4156 venusta]
601 4089 739 4163 „Elegans
750 4106 788 4148 est
801 4096 1020 4168 breviloquentia,
1035 4116 1097 4166 pro:
1118 4099 1275 4152 habeantur
1287 4095 1377 4151 omniuo

335 4184 464 4237 venusta,
490 4175 538 4226 sed
555 4195 614 4228 cum
631 4180 684 4230 hac
703 4184 865 4253 exceptione,
893 4195 925 4236 ut
948 4190 1017 4239 etc.“
1040 4187 1151 4257 Wytt.
1203 4189 1250 4243 Sic
1278 4187 1330 4240 cic.
1351 4183 1376 4234 dt

336 4263 391 4315 ott.
411 4264 430 4329 Ι,
452 4269 495 4330 25,
514 4268 558 4317 88:
580 4270 618 4318 Er
637 4279 727 4322 tamen
744 4272 755 4320 i
761 4283 798 4322 ta
814 4273 956 4341 probanda
973 4269 1015 4326 'est
1034 4280 1218 4331 attonsaetudo
1237 4289 1318 4350 atque
1333 4270 1376 4324 ete-

335 4354 448 4413 mentio,
485 4363 524 4402 ut
552 4354 714 4411 adhibeatur
744 4362 783 4411 rei
807 4361 931 4431 publicae
966 4381 1049 4414 causa
1079 4367 1235 4418 severitas:
1271 4364 1313 4419 ubi
1337 4356 1377 4410 tid·

334 4433 421 4488 Beier.
458 4439 516 4491 Mr.
