3450 5342
337 645 411 719 248
657 665 829 712 13313311
858 664 1067 735 srorconuu„

408 832 447 880 Μ’
468 828 576 893 Curius]
603 824 791 896 „Cognomine
811 827 968 890 Dentatus,
994 825 1040 895 qui
1065 823 1199 894 Pyrrhum
1227 823 1292 878 vicit
1316 844 1339 877 3.
1357 824 1386 878 U.

336 921 397 974 419.
414 916 496 969 bomo
510 933 601 978 novus,
621 912 701 966 unice
721 911 821 964 virtutis
835 910 1068 969 commendatione
1082 910 1114 963 ad
1129 909 1313 965 Consulatum
1331 931 1387 981 per-

337 1005 432 1059 venit.“
468 1001 575 1072 Wytt.
1251 1059 1254 1062 ψ

406 1101 458 1143 aut
485 1108 575 1141 eorum
602 1088 728 1159 aliquis,]
762 1084 829 1139 Cod.
853 1086 948 1138 Duisb.
973 1103 1014 1136 an
1037 1104 1129 1136 eorum
1152 1085 1276 1156 aliquis:
1312 1103 1386 1155 quam

336 1179 506 1252 scriptionem
528 1195 583 1228 non
600 1175 685 1245 magis
711 1172 970 1238 commendaverim,
1000 1192 1079 1244 quam
1104 1172 1151 1226 tuli
1179 1171 1255 1242 apud
1286 1171 1341 1224 Cic.
1358 1170 1385 1223 de

336 1269 404 1339 Rep.
423 1266 443 1332 l,
462 1269 576 1319 11333
595 1282 638 1314 arr
656 1261 752 1318 altero,
771 1279 821 1331 pro
841 1279 895 1311 uno
915 1270 978 1312 aut
997 1260 1085 1313 altero
1103 1260 1205 1328 spatio,
1225 1276 1386 1330 quamquam

337 1358 381 1410 illa
399 1373 474 1408 acres
493 1361 569 1405 nacta
588 1359 627 1402 est
643 1349 803 1401 defensores.
848 1347 894 1401 liis
919 1364 971 1418 ego
988 1347 1049 1401 satis
1074 1345 1139 1399 mibi
1165 1345 1337 1416 respondisse
1353 1343 1386 1394 ri-

337 1442 404 1494 deor
421 1440 449 1492 in
468 1436 659 1508 symbolarum
679 1433 755 1488 Critt.
774 1435 807 1487 ad
827 1435 883 1488 Cic.
903 1434 1020 1505 Specim.
1038 1433 1071 1485 ll.
1095 1452 1118 1486 c.
1138 1432 1195 1485 llll.
1216 1453 1243 1502 p.
1265 1433 1385 1486 15-11.

338 1524 506 1597 specimlll.
526 1521 631 1577 evllt.
652 1542 755 1594 neque,
780 1541 849 1593 quae
868 1522 931 1574 inde
949 1523 982 1575 ab
1002 1521 1108 1575 illarum
1127 1521 1311 1592 scriptionum
1324 1531 1384 1572 tem·

339 1633 404 1686 pore
424 1612 532 1683 collegi,
559 1610 610 1663 hoc
628 1610 736 1682 quidem
761 1610 822 1663 loco
846 1630 1001 1680 expromere
1026 1608 1205 1662 necessarium
1228 1606 1339 1660 videtur.
1354 1633 1384 1644 ·-

338 1701 472 1756 Scribitur
490 1709 550 1751 aut
569 1700 644 1750 domo
662 1697 690 1749 in
710 1697 776 1749 cod.
794 1697 852 1749 Cra.
870 1701 911 1760 λς
939 1707 990 1747 aut
1008 1697 1036 1748 ia
1057 1697 1132 1748 darno
1150 1695 1179 1747 in
1204 1692 1295 1746 Codd.
1313 1692 1382 1745 Drsd.

340 1794 364 1843 1.
377 1793 402 1844 3.
413 1794 439 1842 5.
457 1789 576 1858 itemque
596 1784 711 1839 Gudrt.
731 1784 777 1856 qui
798 1795 892 1838 contra
911 1784 940 1835 in
958 1794 1019 1836 ante
1037 1782 1105 1836 villo
1119 1782 1227 1834 omittit.
1267 1779 1299 1831 In
1317 1798 1383 1850 seqq.

335 1877 418 1929 'Drsd.
433 1881 457 1930 5.
482 1886 542 1947 post
562 1874 633 1943 ipsos
658 1871 738 1943 plene
757 1871 908 1941 distinguit,
935 1872 1075 1942 pergitque
1103 1870 1237 1924 Viderat
1268 1869 1383 1940 aliquem.

339 1961 406 2015 Cod.
425 1961 502 2015 Suer.
521 1961 600 2013 babet
617 1970 649 2011 ut
670 1978 719 2029 pro
736 1969 772 2014 et.
809 1959 851 2011 Ad
867 1978 943 2029 seqq.
961 1960 1069 2010 summis
1085 1959 1182 2028 populi
1198 1957 1382 2028 beneficiis

339 2067 429 2111 asum,
448 2066 517 2120 quae
535 2046 651 2099 formula
670 2046 703 2097 de
722 2044 871 2098 bonoribus
889 2058 915 2099 et
933 2033 1129 2116 magistratibus
1152 2044 1329 2114 intelligenda
1344 2055 1383 2105 est,

339 2133 419 2205 Borg.
451 2134 541 2187 laudat
568 2135 646 2186 Verr.
664 2131 685 2200 l,
704 2137 729 2186 5.
761 2134 793 2197 V,
813 2136 854 2186 68.
883 2133 916 2184 de
943 2133 1022 2185 Prov.
1057 2130 1138 2185 Cons.
1158 2134 1202 2185 16.
1239 2133 1307 2184 Phil.
1325 2133 1344 2197 l,
1361 2134 1382 2184 6.

339 2220 410 2286 XlV,
428 2223 453 2276 9.
473 2221 542 2272 Add.
561 2218 618 2274 Cic.
637 2237 686 2290 pro
704 2219 775 2290 Lege
794 2219 868 2271 Man.
887 2241 908 2273 s.
936 2219 968 2271 de
987 2219 1103 2291 imperio
1129 2221 1179 2271 Cn.
1207 2219 1329 2290 Pompeii
1345 2219 1383 2280 13,

340 2305 646 2371 mamnmn

233 2447 243 2455 ‚
414 2390 572 2445 barbatulos
602 2394 699 2446 mallos
723 2405 909 2464 exceptantem
936 2397 968 2448 de
991 2395 1122 2465 piscina,]
1148 2393 1336 2459 „Barbatalos
1357 2393 1380 2444 in

340 2480 414 2532 labro
432 2479 561 2533 inferiori.
604 2480 673 2534 Plin.
698 2480 744 2534 lib.
763 2482 809 2535 lX.
835 2501 895 2554 cap.
914 2485 957 2539 11.
986 2493 1013 2536 et
1029 2483 1130 2536 Festus.
1174 2483 1281 2535 Mallos
1305 2479 1381 2534 Codd.

339 2569 390 2621 mei
409 2587 518 2635 omnes,
538 2586 592 2621 non
612 2569 747 2621 mullulos.
783 2573 987 2639 Exceptantern,
1006 2570 1171 2641 quindecim.
1191 2574 1381 2627 Escactantem,

338 2674 415 2707 unus.
453 2659 662 2725 Espectantem,
679 2675 756 2708 unus.
794 2660 1000 2726 Receptantem,
1017 2677 1094 2710 unus.
1114 2657 1186 2709 .Alii
1206 2657 1381 2724 captantem.“

338 2742 410 2795 Atd.
429 2742 516 2797 Man.
555 2742 693 2810 „Quidam
712 2743 855 2801 Lucullum
874 2757 901 2799 et
917 2746 1077 2798 Hortenium
1091 2756 1130 2798 est
1150 2744 1217 2796 alios
1234 2754 1330 2814 putant
1346 2741 1381 2792 in·

338 2829 508 2900 telligendos,
534 2849 602 2900 quos
616 2830 778 2898 piscinarios
799 2829 896 2883 Cicero
914 2835 934 2884 l.
952 2832 986 2884 ad
1004 2830 1123 2885 Atticum
1144 2831 1208 2901 [Ep.
1227 2833 1273 2884 19.
1292 2841 1318 2882 et
1334 2827 1381 2892 tn]

338 2928 422 2970 vocat.
442 2917 503 2968 Vid.
520 2915 708 2980 Ρ113.1Χ,54.·
725 2926 822 2987 etseq.
848 2917 1004 2972 Macrobius
1014 2916 1059 2970 Ill.
1079 2917 1273 2973 8313133115.
1292 2915 1345 2970 Cic.
1353 2913 1380 2965 ll.

339 3003 371 3055 ad
391 3004 444 3056 An.
463 3007 508 3054 1.“
527 3004 621 3070 Xyst.
638 3001 833 3054 Betuleius.
873 3005 945 3071 [Vid.
963 3006 1032 3057 Plin.
1050 3003 1097 3058 lX.
1116 3003 1188 3057 Sect.
1208 3005 1265 3070 to]
1295 3000 1381 3069 „Mul-

338 3093 394 3140 lam
413 3087 509 3141 Graeci
527 3090 649 3158 τρίγλην,
674 3086 731 3142 11311
750 3090 860 3158 erigite,
887 3092 957 3145 Galli
977 3093 1107 3145 surmulet
1138 3091 1285 3162 appellant.
1329 3087 1380 3140 Vid.

339 3175 439 3229 Camus
455 3177 483 3228 in
502 3176 686 3229 animadverss.
706 3176 738 3228 ad
758 3177 867 3230 Aristot.
885 3178 917 3230 de
935 3178 1000 3233 Hist.
1018 3177 1135 3232 Animal.
1161 3178 1195 3230 T.
1214 3177 1248 3230 ll.
1266 3197 1293 3248 p.
1309 3176 1381 3230 181.“

338 3266 496 3336 1111311·-
533 3263 633 3316 Mullus
656 3265 777 3318 marinus
795 3277 868 3320 tanto
886 3266 914 3318 in
934 3268 1021 3339 pretio
1047 3267 1098 3320 suit
1122 3267 1194 3337 apud
1221 3277 1335 3328 veteres,
1357 3271 1381 3314 ut

339 3352 444 3405 Asinius
462 3352 556 3419 Celer,
575 3354 614 3404 vir
632 3351 798 3418 Consularis,
820 3353 932 3405 mullum
953 3373 1038 3407 unum
1058 3365 1159 3424 septem
1178 3351 1298 3405 millibus
1310 3367 1381 3403 num·

238 3498 240 3502 ,
339 3458 413 3493 mum
432 3452 563 3493 mercatus
581 3440 626 3494 sit:
646 3451 674 3493 ut
691 3461 722 3493 ex
742 3441 909 3495 Sammonici
928 3442 1057 3495 sententia
1076 3440 1233 3494 Macrobius
1251 3440 1320 3493 libro
1337 3435 1380 3488 Sa-

337 3541 408 3583 turn.
426 3527 470 3581 lll.
488 3528 579 3582 scribit
597 3541 658 3582 octo
678 3529 796 3582 millibus
820 3547 962 3582 nummum
985 3529 1065 3581 fuisse
1090 3540 1221 3598 emptum.
1274 3526 1307 3579 Et
1330 3522 1380 3576 Asi-

337 3617 412 3668 nium
432 3614 554 3668 Celerem
574 3616 677 3667 Caudio
696 3616 775 3668 luisse
793 3617 917 3687 principe
935 3616 1038 3669 Plinius
1057 3615 1101 3668 ait.
1126 3614 1283 3687 'Mallulos
1301 3622 1380 3664 autern

336 3721 385 3770 per
403 3702 613 3754 deminutionem
633 3701 708 3766 dixit,
735 3702 774 3754 vel
794 3715 822 3756 ut
840 3716 946 3758 notaret
970 3703 1098 3756 maiorem
1125 3702 1244 3754 virorum
1265 3697 1380 3756 consula-

337 3786 406 3837 rium
426 3785 578 3847 stultitiam,
604 3787 643 3838 vel
662 3788 724 3856 quia
754 3789 780 3841 bi
799 3784 885 3860 pisces
905 3793 1065 3862 parvisunt.
1110 3789 1179 3842 Nam
1196 3789 1301 3843 Plinius
1318 3787 1381 3840 bunc

338 3873 436 3945 piscem
452 3891 506 3924 esse
525 3871 590 3924 dicit
608 3874 792 3944 magnitudine
810 3876 932 3945 modica,
959 3880 1035 3932 binas
1061 3876 1143 3931 libras
1167 3876 1298 3947 ponderis
1326 3890 1380 3926 raro

336 3961 519 4030 exsuperare.“
551 3959 624 4013 Frc.
643 3960 731 4031 Sylv.
751 3991 783 4005 ⁴-
836 3968 1065 4036 „b'xceptantem:
1099 3964 1183 4031 Sunt,
1214 3966 1261 4020 ubi
1287 3964 1381 4034 legatur

336 4059 498 4118 captantem·
534 4038 596 4102 'Sed
616 4068 661 4116 ea,
688 4069 768 4121 quam
788 4053 871 4105 secuti
893 4072 999 4118 sumus,
1028 4052 1107 4106 lectio
1132 4072 1195 4105 cum
1227 4053 1287 4124 plus
1311 4049 1381 4104 babet

335 4134 495 4206 elegantiae,
514 4146 570 4188 tum
590 4156 652 4189 vero
671 4157 686 4190 a
705 4140 790 4193 doctis
807 4141 890 4194 citari·
902 4142 996 4195 solet.“
1016 4142 1176 4196 Morisot.
1215 4145 1381 4210 „Exoeptan

334 4235 387 4274 tem
404 4224 421 4275 i.
442 4244 464 4276 e.
483 4242 561 4294 saepe
581 4225 739 4295 capientem.
758 4227 833 4281 Fre.
852 4229 871 4281 S
878 4229 942 4300 ylr.
1344 4283 1347 4287 .

406 4311 561 4364 barbatulos
580 4313 676 4367 mullos
696 4315 727 4365 de
741 4317 848 4384 piscina
867 4318 1070 4387 exceptantem]
1091 4318 1251 4372 Admodum
1264 4319 1383 4373 fluctuant

335 4394 361 4445 h.
382 4393 398 4446 l.
417 4395 476 4449 libri
498 4402 525 4450 in
548 4418 610 4452 voce
629 4403 761 4467 secunda;
780 4423 841 4457 nam
861 4407 934 4476 quod
954 4419 991 4460 est
1010 4406 1037 4458 in
1056 4405 1138 4460 Drsd.
1156 4413 1182 4462 5.
1203 4407 1383 4466 barbatulos,
