3450 5342
667 677 709 721 so
732 673 930 721 rinsnoxon
950 673 993 732 tv,
1021 667 1046 716 t.
1311 648 1385 723 349

332 838 494 891 immittendi
513 837 593 889 verbo
613 846 638 888 et
666 834 729 887 alibi
748 853 810 887 usus
829 844 867 886 est
886 830 997 898 Cicero,
1025 830 1122 903 quibus
1140 832 1220 897 locis,
1246 834 1318 904 quod
1336 837 1386 885 im-

333 926 443 977 missum
462 935 515 989 est,
542 922 576 976 sd
594 922 676 975 finem
702 921 850 992 pervenisse
870 919 1088 984 existimandum,
1117 931 1142 973 et
1171 922 1260 990 posuit
1276 922 1390 992 scriptor

333 1013 472 1067 Orationis
490 1033 539 1084 pro
559 1011 665 1078 Domo,
684 1010 731 1082 qui
751 1008 835 1080 probe
855 1009 961 1061 tenebat
979 1006 1118 1061 Ciceronis
1136 1025 1229 1071 usum,
1259 1007 1320 1074 [nisi
1340 1027 1390 1078 po-

333 1105 400 1164 tius,
434 1100 506 1172 quod
534 1098 652 1152 Savelius
675 1099 818 1170 probatum
843 1097 903 1161 ivit,
932 1095 988 1166 ipse
1016 1095 1066 1148 tuit
1093 1093 1247 1163 Cicero'):]
1278 1097 1321 1160 15,
1342 1097 1392 1148 39:

336 1191 429 1260 Neque
446 1188 515 1238 euim
533 1188 664 1238 menium
682 1185 830 1256 quidquam
848 1184 975 1246 interest,
994 1184 1110 1251 exceptis
1129 1183 1172 1234 lris
1190 1183 1295 1247 telis,
1320 1203 1390 1255 quae

334 1295 368 1326 ex
386 1275 463 1326 illius
481 1274 632 1326 actionibus
650 1275 679 1324 in
697 1293 782 1324 ureum
801 1291 897 1340 corpus
916 1271 1068 1322 immissa
1087 1281 1161 1323 suut.
1204 1271 1284 1325 Recte
1311 1271 1390 1324 nimi-

336 1360 778 1417 1=umFraneiscusH010mannus
803 1361 838 1414 ita
864 1359 975 1430 explicat
1000 1359 1077 1411 verba
1104 1360 1220 1429 exceptis
1244 1360 1287 1412 Iris
1313 1360 1392 1410 telis:

336 1452 373 1517 „i
392 1472 415 1504 e.
435 1470 496 1504 cum
516 1451 569 1503 iarn
589 1450 754 1519 exceperim,
781 1467 843 1501 cum
862 1449 916 1500 iam
942 1446 1006 1499 milvi
1030 1447 1152 1518 imposita
1177 1447 1230 1502 sint
1255 1448 1394 1501 vulnera.“

343 1540 419 1593 Adde
438 1539 524 1593 Paulli
546 1537 658 1592 Manutii
680 1535 913 1589 Cornmentarium
933 1535 959 1586 in
979 1533 1104 1588 Ciceron.
1122 1534 1209 1589 Oratt'.
1226 1556 1252 1607 p.
1270 1539 1331 1591 stt.
1352 1534 1394 1589 ed.

337 1629 472 1684 Richter.“
908 1624 911 1629 ’

411 1717 482 1773 llaec
500 1734 550 1786 ego
569 1713 661 1785 scripsi
680 1713 708 1765 in
726 1712 840 1784 Symbb.
861 1710 938 1765 Critt.
957 1710 983 1762 in
1004 1709 1061 1764 Cic.
1081 1710 1201 1781 Specll.
1221 1729 1244 1763 c.
1256 1713 1281 1762 t.
1314 1711 1393 1763 Nunc

337 1806 426 1871 addo,
452 1823 533 1876 quam
552 1800 778 1873 wyttenbachius
796 1801 824 1852 in
850 1798 948 1853 scholis
967 1798 1052 1863 dedit,
1079 1798 1210 1851 rationem
1235 1800 1393 1865 accuratius,

339 1911 421 1963 quam
440 1910 519 1961 supra
538 1887 682 1960 significavi
708 1890 797 1959 potius
820 1907 902 1959 quam
928 1886 1048 1958 exposui:
1075 1886 1124 1953 „Si
1152 1888 1271 1940 immissa
1294 1888 1394 1953 suisset,

338 1979 461 2047 ,‚inquit,
489 1976 555 2030 haec
572 1975 669 2028 iniuria
690 1976 718 2028 in
738 1973 913 2039 Ciceronem,
938 1985 1010 2027 certe
1033 1974 1065 2027 ad
1091 1993 1152 2027 eum
1176 1975 1339 2045 pervenisset
1367 1987 1393 2029 et

338 2085 421 2131 „eum
440 2065 579 2136 tetigisset,
609 2063 681 2135 quod
707 2064 736 2116 in
763 2063 888 2134 proximis
914 2063 1043 2116 continuo
1070 2072 1199 2133 negatur,
1229 2082 1291 2116 curn
1317 2062 1396 2116 dicit:

340 2152 564 2220 „pervenisse
583 2152 677 2202 adrue
695 2168 835 2221 nunquam
859 2151 986 2218 putavi.“
1006 2177 1039 2189 -
1085 2148 1167 2217 Quod
1192 2162 1280 2204 sutem
1306 2151 1393 2222 ipsum

339 2239 502 2289 imuu'tteudi
511 2241 621 2292 verbum
640 2239 674 2291 its
694 2238 820 2292 intellexit
833 2237 895 2290 Frc.
908 2235 1026 2307 Sylvius,
1039 2237 1144 2292 dicens:
1161 2238 1294 2310 „Sumpta
1307 2251 1394 2292 trans·

341 2324 425 2389 „latio
444 2336 481 2378 est
499 2326 532 2378 ab
552 2326 597 2388 iis,
619 2326 712 2397 quiin
732 2325 870 2378 inimicum
890 2324 990 2394 aliquid
1010 2325 1181 2392 iaculantur,
1209 2328 1281 2399 quod
1300 2328 1392 2381 inimi-

340 2432 423 2479 „cum
442 2432 495 2463 nau
518 2413 625 2478 laedat,
653 2413 724 2484 quod
743 2413 776 2467 ad
795 2433 856 2467 eum
876 2433 928 2465 nou
944 2413 1124 2482 pcrveuiat“:
1148 2416 1175 2467 id
1194 2427 1266 2470 recte
1285 2416 1393 2488 quidem

343 2499 396 2553 loci
414 2500 569 2552 sententiam
598 2501 718 2570 exponit,
745 2501 918 2570 scriptionem
944 2500 1059 2570 probare
1085 2521 1140 2555 non
1167 2514 1261 2574 potest.
1308 2505 1397 2558 Erunt

340 2599 430 2640 autem
453 2587 576 2652 fortasse,
598 2587 726 2639 nimirum
744 2607 774 2640 ex
793 2605 888 2639 eorum
907 2606 1038 2653 numero,
1066 2589 1110 2659 qui
1130 2608 1159 2642 ex
1178 2590 1278 2644 Lesicis
1302 2609 1394 2661 sapere

341 2681 545 2741 consueverunt,
565 2676 610 2746 qui
632 2675 745 2728 eandem
765 2675 844 2727 verbo
857 2675 1002 2728 immissam
1016 2675 1239 2746 significationem
1255 2676 1397 2740 vindicent,

342 2781 423 2830 quam
443 2780 493 2832 ego
513 2763 572 2815 volo
591 2764 674 2814 inesse
700 2763 727 2816 in
752 2764 884 2814 emissam.
931 2761 960 2814 ln
987 2761 1038 2815 illis
1067 2764 1139 2816 enim
1165 2764 1239 2817 libris
1262 2763 1396 2817 invenient

343 2849 433 2902 locum
454 2849 559 2916 Alfeni,
578 2851 642 2902 iuris
661 2850 790 2916 consulti,
813 2850 914 2921 Digest.
933 2851 978 2904 lib.
994 2850 1038 2904 lX.
1057 2852 1110 2906 Tit.
1130 2858 1153 2905 2.
1172 2853 1235 2924 Leg.
1254 2857 1296 2907 52.
1315 2853 1396 2905 med:

341 2938 426 2989 telum
443 2957 483 2988 ex
510 2957 610 2990 mauu
628 2939 823 2990 immittere
842 2942 913 3005 (non
942 2940 1085 3005 emittere).
1133 2940 1202 3007 Sed,
1231 2952 1261 2994 ut
1286 2952 1397 3008 taceam,

340 3025 433 3078 Alfeni
452 3046 545 3092 usum,
570 3028 670 3079 etiamsi
697 3026 736 3078 rel
755 3027 868 3078 maxime
894 3026 1091 3081 contradiceret
1118 3028 1263 3081 sententiae
1282 3026 1395 3095 nostrae,

341 3111 497 3180 Ciceronis,
520 3132 588 3184 quae
607 3133 687 3185 supra
707 3115 890 3185 exposuimus,
908 3115 1034 3186 exemplis
1052 3134 1107 3168 non
1128 3134 1204 3188 posse
1222 3114 1344 3169 olficeret
1375 3117 1395 3167 si

340 3202 429 3271 ipsum
449 3201 538 3254 Alfeni
556 3201 648 3254 locum
675 3214 792 3272 spectes,
816 3202 841 3254 id
868 3202 955 3273 ipsum
982 3203 1094 3273 probat,
1122 3203 1195 3274 quod
1222 3222 1272 3256 nos
1295 3222 1398 3274 propo-

340 3288 450 3341 suimus.
487 3288 525 3342 lta
546 3290 617 3341 enim
637 3288 730 3343 habet:
748 3280 857 3360 Aepue,
876 3290 901 3341 si
919 3290 979 3360 quis
997 3308 1030 3340 ex
1049 3309 1129 3342 manu
1147 3292 1231 3342 telum
1249 3302 1300 3342 aut
1319 3293 1397 3343 aliud

342 3377 411 3448 quid
427 3375 591 3433 immisisset,
613 3377 741 3428 daruuuru
758 3377 862 3429 iniuria
880 3376 966 3430 daret.
1012 3375 1097 3429 Huius
1115 3395 1176 3429 vero
1195 3375 1263 3441 loci,
1293 3377 1314 3429 si
1334 3396 1395 3429 eum

342 3482 405 3519 cum
424 3473 481 3518 toto
499 3463 626 3518 orationis
646 3484 713 3517 nexu
733 3464 947 3536 comparaveris,
973 3462 1043 3517 hanc
1061 3482 1114 3516 esse
1133 3462 1292 3515 sententiam
1313 3481 1397 3533 appa-

341 3551 424 3606 rebitt
443 3551 526 3604 sicui
544 3570 573 3603 ex
595 3571 676 3604 manu
695 3553 730 3604 ita
751 3571 813 3606 casu
832 3550 969 3604 excidisset
986 3548 1084 3615 telum,
1103 3560 1132 3602 ut
1151 3568 1182 3601 eo
1202 3547 1268 3602 alter
1287 3567 1396 3618 percus-

340 3657 384 3690 sus
411 3637 609 3702 vulneraretur,
644 3639 779 3692 immerito
804 3639 840 3692 ita
869 3657 932 3692 cum
951 3657 984 3692 eo
1002 3648 1091 3691 actum
1118 3636 1168 3702 iri,
1204 3635 1277 3708 quasi
1307 3634 1397 3688 volens

340 3725 470 3777 damnum
489 3725 604 3790 dederit,
624 3727 641 3779 i.
661 3747 683 3779 e.
709 3727 840 3780 nocuerit.
877 3726 955 3779 Locis
980 3735 1068 3779 autem
1087 3743 1167 3796 supra
1192 3723 1303 3777 laudatis
1328 3725 1395 3777 adde

341 3810 398 3865 Cic.
420 3832 469 3883 pro
487 3813 597 3867 Plancio
612 3817 659 3868 23:
678 3815 820 3867 maledicta
838 3815 909 3866 nitu
920 3814 1039 3885 facilius
1057 3812 1253 3878 emittitur,
1272 3812 1341 3863 nilril
1359 3813 1396 3862 ci-

341 3900 399 3951 tius
417 3901 567 3970 excipitur,
588 3901 703 3975 denique
722 3902 898 3957 Horatianum
918 3902 983 3955 illud
998 3901 1084 3975 'Epist
1097 3901 1116 3966 l,
1131 3903 1174 3966 18,
1193 3903 1241 3952 tt:
1261 3903 1297 3950 Et
1317 3899 1396 3950 seuul

340 3988 499 4039 emissum
518 3989 593 4041 volat
612 3990 785 4043 irrevocabile
803 3991 921 4044 verdum.
957 3988 1016 4040 ΜΓ.

388 4176 442 4300 Hp
457 4173 582 4298 larngid.
601 4175 688 4230 Beehr
705 4175 800 4231 Gesch.
819 4177 844 4229 d.
862 4178 941 4231 Rem.
961 4177 1021 4230 Litt.
1040 4178 1064 4231 3.
1085 4176 1115 4228 Α.
1134 4175 1165 4228 ΙΙ.
1186 4174 1234 4226 Bd.
1252 4172 1393 4244 §.tectu

340 4265 367 4316 p.
451 4274 484 4285 -
546 4285 553 4298 .
948 4283 957 4295 ,

766 4390 974 4402 -ι--υ-η
