3450 5342
772 1256 984 1388 excursus
1009 1329 1031 1385 ι.

677 1463 753 1537 ΑΒ
787 1461 1130 1538 PROOEMIUM.

576 1666 676 1747 Quae
699 1664 869 1729 dicuntur
892 1665 929 1727 in
953 1661 1078 1727 scholis
1100 1659 1240 1730 θετικοὶ.

333 1879 339 1887 =
379 1817 418 1896 ln
442 1839 492 1892 bac
510 1838 641 1902 editione,
669 1854 737 1907 quae
763 1834 837 1906 quasi
864 1832 1080 1905 supplementum
1108 1842 1147 1885 est
1177 1830 1308 1886 editionis
1335 1839 1418 1882 nostrae

382 1928 606 1991 Tusculanorum,
626 1945 705 1997 quarn
725 1935 786 1977 octo
805 1921 903 1975 abhinc
921 1922 998 1973 annis
1016 1921 1163 1987 edidimus,
1183 1941 1250 1974 cum
1273 1919 1349 1973 nobis
1363 1918 1417 1970 iden

379 2017 412 2070 sit
431 2015 612 2088 propositum,
638 2012 709 2084 quod
731 2011 758 2063 in
777 2009 837 2075 illa,
864 2021 894 2062 ut
911 2009 1022 2063 excussis
1040 2008 1114 2061 libris
1140 2021 1166 2062 et
1183 2010 1294 2081 scriptis
1313 2018 1338 2063 et
1354 2005 1417 2068 editis,

381 2102 419 2155 rel
440 2103 543 2173 pridem
561 2102 593 2152 ab
613 2099 669 2152 aliis
688 2098 726 2151 vel
747 2117 839 2151 recens
857 2097 959 2150 collatis
977 2108 1057 2167 atque
1069 2096 1206 2166 inspectis,
1228 2097 1347 2168 primum
1359 2093 1418 2146 cice-

382 2189 455 2242 ronis
468 2189 555 2252 verba,
575 2197 706 2258 quantum
724 2185 832 2256 quidem
847 2184 929 2236 fieria
943 2184 1019 2236 nobis
1033 2194 1129 2254 posset,
1149 2183 1300 2254 integritati
1315 2181 1418 2234 restitue-

381 2285 491 2338 rentur,
510 2274 691 2344 haberentque
711 2273 823 2326 lectores
842 2271 881 2323 vel
901 2272 947 2342 qui
967 2283 1027 2343 post
1045 2290 1094 2324 nos
1114 2270 1188 2324 bunc
1208 2271 1333 2324 libellum
1345 2277 1418 2321 essent

381 2360 493 2426 edituri,
512 2380 566 2432 quo
584 2361 660 2413 veluti
681 2361 855 2413 fundamento
875 2359 945 2412 iacto
965 2379 1011 2412 sua
1031 2370 1265 2430 superstruerent:
1292 2359 1382 2412 deinde
1396 2373 1416 2407 ea

381 2446 429 2499 sub
457 2459 630 2518 conspectum
656 2460 681 2500 et
712 2448 836 2501 obtutum
862 2446 952 2517 paullo
984 2445 1197 2500 commodiorem
1229 2456 1317 2498 essent
1343 2443 1416 2515 posita,

383 2553 450 2605 quae
471 2554 485 2586 a
505 2534 565 2588 viris
583 2535 668 2587 doctis
686 2535 746 2606 plus
764 2534 1014 2589 minusveseliciter
1032 2533 1085 2600 sive
1103 2532 1271 2602 corrigendo
1284 2532 1337 2585 sive
1354 2530 1417 2602 expli·

383 2623 469 2676 cando
488 2633 573 2676 essent
592 2634 705 2686 tentata;
723 2623 813 2676 facere
831 2643 887 2676 non
907 2623 997 2695 potui,
1017 2622 1098 2694 quin,
1118 2620 1165 2672 ubi
1185 2619 1263 2690 larga
1282 2619 1361 2672 nimis
1376 2636 1417 2669 ma·

382 2708 446 2761 teria
466 2710 616 2781 disputandi
635 2711 818 2774 succrevisset,
837 2710 940 2782 aliquot
966 2710 1097 2764 Excursus
1121 2707 1269 2772 adderem,
1297 2728 1332 2762 ne
1349 2724 1416 2760 anuo·

382 2798 488 2851 tationis
512 2798 638 2851 contextis
665 2798 798 2851 subiectae
823 2798 894 2851 mole
920 2797 1057 2869 scriptoris
1083 2795 1162 2848 verba
1188 2796 1371 2848 obruerentur
1391 2789 1416 2843 rel
1461 2798 1464 2807 '

384 2884 457 2956 quasi
477 2882 538 2936 loco
556 2903 605 2937 suo
624 2885 840 2939 deturbarentur.
878 2885 912 2938 Et
932 2884 1003 2938 bunc
1022 2884 1131 2956 quidem
1150 2883 1302 2936 Excursum
1321 2883 1416 2956 primun

366 2973 417 3024 ita
436 2970 572 3023 instituere
592 2971 674 3022 visum
695 2982 746 3023 est:
766 2983 794 3024 ut
813 2972 932 3044 singulos
950 2972 1076 3042 deinceps
1093 2971 1257 3042 interpretes
1281 2974 1335 3026 suis
1351 2968 1415 3023 verbis

382 3057 521 3128 loquentes
538 3057 682 3122 inducam,
701 3059 735 3110 ita
757 3071 861 3126 tamen,
881 3072 910 3112 ut
929 3080 943 3111 a
965 3060 1044 3112 meris
1062 3058 1272 3130 repetitionibus
1289 3057 1415 3112 earundem

382 3143 574 3196 sententiarum
594 3147 796 3219 eorundemque
816 3147 939 3200 locorum
959 3135 1114 3213 abstineam,
1135 3157 1192 3199 tum
1212 3165 1303 3199 meam
1316 3143 1415 3217 qualen-

383 3246 490 3299 cunque
508 3231 666 3284 sententiam
678 3233 786 3305 reliquis
798 3233 952 3304 supplendis
962 3234 1066 3287 addam.
1103 3233 1136 3287 Et
1146 3233 1267 3285 Erasm
1276 3253 1312 3285 us
1327 3230 1415 3303 quiden

385 3315 464 3369 baec:
482 3322 587 3384 „dione
606 3322 750 3390 positiones
768 3334 830 3374 sunt
848 3333 874 3375 et
891 3333 1048 3394 argumenta
1067 3320 1272 3391 disputantium.
1317 3318 1346 3370 ln
1363 3333 1416 3369 non·

382 3402 462 3456 nullis
481 3405 618 3460 codicibus
636 3408 702 3462 salso
713 3409 842 3480 scriptum
862 3421 918 3462 erat
934 3406 1057 3479 κτητικᾰ,
1078 3421 1103 3462 et
1121 3407 1258 3462 adiectum
1272 3406 1416 3476 possessive:

384 3509 546 3563 quamquam
566 3507 590 3548 et
609 3495 636 3548 in
657 3499 751 3550 ceteris
767 3498 886 3566 positivo
898 3517 952 3550 non
967 3518 981 3549 a
994 3494 1228 3559 Tuttio'addirurn,
1249 3494 1293 3547 sed
1313 3491 1417 3546 electore

380 3600 443 3633 reor
461 3580 593 3634 adiectum
613 3583 719 3636 suisse.“

452 3666 580 3735 Xystus
600 3669 796 3725 Betuleius:
819 3671 1048 3740 „Quintil.lib.X.
1068 3662 1418 3736 c.5:1nliocoptimesa·

382 3753 452 3805 cient
471 3753 597 3819 infinitae
616 3759 803 3824 quaestiones,
822 3773 891 3827 quos
913 3761 1003 3833 vocari
1023 3762 1107 3818 θέσεις
1127 3757 1262 3820 diximus,
1282 3747 1419 3826 quibusli-

382 3851 440 3888 cero
458 3837 512 3888 iam
527 3838 650 3909 princeps
668 3842 697 3892 in
715 3862 742 3893 re
759 3843 870 3911 publica
888 3847 1002 3898 exerceri
1026 3843 1138 3897 solebat.
1192 3841 1248 3895 Sed
1278 3839 1340 3913 quid
1364 3852 1418 3906 opus

303 3988 307 3994 ,
384 3933 423 3975 est
440 3923 533 3978 alienis
551 3927 677 3981 testibus?
714 3931 771 4001 lpse
790 3931 841 3985 boc
860 3934 892 3986 ad
913 3934 1031 3986 Atticum
1052 3932 1173 3986 scribens
1190 3930 1238 3982 lib.
1251 3929 1294 3991 lX,
1311 3926 1357 3994 [4.]
1376 3939 1418 3974 ῐιοῐΙ

381 4023 490 4066 testatur
509 4015 604 4078 modo,
624 4017 669 4068 sed
689 4019 767 4071 etiam
787 4022 922 4093 exemplo,
942 4033 967 4074 et
985 4018 1153 4087 eoGraeco,
1173 4016 1343 4087 comprobat.
1376 4007 1418 4067 sic.

379 4099 504 4170 inquam,
524 4103 557 4154 ad
577 4102 695 4156 Atticum
715 4107 816 4158 scribit:
848 4109 902 4158 Sed
920 4119 1023 4170 tomen,
1048 4125 1080 4158 ne
1100 4123 1140 4155 me
1159 4114 1250 4156 totum
1268 4092 1418 4170 aegritudini

379 4184 486 4250 dedam,
511 4191 614 4258 sumpsi
641 4193 705 4243 milri
730 4205 862 4263 tunquam
889 4197 988 4260 θέσεις,
1021 4211 1089 4264 quae
1109 4202 1136 4242 et
1153 4191 1284 4259 politicae
1302 4194 1377 4248 sunt,
1399 4188 1418 4228 tl

380 4278 526 4340 temporum
545 4277 646 4341 lterum,
665 4291 741 4331 utet
760 4281 892 4332 obducam
911 4282 1029 4331 animum
1049 4298 1066 4330 a
1086 4272 1217 4350 querelis,
1238 4277 1308 4327 etin
1326 4291 1354 4324 eo
1366 4272 1417 4338 ipit·

378 4353 408 4403 de
428 4376 479 4425 quo
498 4363 607 4430 agitur,
624 4385 754 4421 exercear.
791 4369 896 4422 Deinde
915 4369 1020 4428 subiicit
1045 4364 1198 4436 exemplum
1225 4363 1260 4416 de
1284 4353 1417 4434 tyrannide·
