3450 5342
341 667 414 743 272
662 689 834 738 rtmnors
862 646 1055 738 srorc'ouuu.

411 850 481 902 nihil
497 859 626 919 oppetat,
644 849 723 917 nibil]
750 847 863 901 conten
883 848 943 902 Atd.
970 847 1044 902 Man.
1065 846 1213 911 ‚Horatium
1236 845 1301 920 [Ep.
1321 850 1340 915 Ι,
1361 851 1391 917 2.]

340 944 389 995 to:
416 937 495 1007 Quod
512 937 581 988 sotis
600 946 655 1000 est,
675 937 720 986 cui
737 936 883 1006 contingit,
902 935 998 986 nihil
1015 934 1170 1004 amplius
1189 945 1303 1004 optet.
1339 935 1391 986 Mt.

411 1026 527 1078 Animus
546 1032 650 1092 oportet
675 1033 740 1074 tuns
763 1031 796 1073 te
821 1023 922 1073 iudicet
944 1023 1062 1089 divitem]
1104 1020 1219 1091 „Inepte
1248 1021 1347 1093 legitur
1367 1042 1390 1074 se

339 1114 439 1165 iudicet
461 1113 570 1162 divitem
589 1111 617 1162 in
636 1109 762 1162 omnibus
782 1107 952 1162 editionibus.
989 1110 1104 1162 Animae
1124 1110 1231 1163 divitiae
1259 1123 1322 1164 sunt
1346 1112 1390 1163 vir·

340 1213 416 1267 tutes,
437 1216 492 1251 non
512 1197 688 1269 possessiones
706 1207 732 1249 et
750 1195 896 1263 facultates,
917 1196 950 1250 de
971 1197 1069 1267 quibus
1087 1196 1130 1250 bic
1149 1196 1249 1267 agitur.
1288 1197 1391 1269 Optime

340 1286 502 1341 Pithoeanus
521 1296 546 1337 et
564 1283 631 1337 alius
648 1283 724 1336 cuius
743 1295 864 1355 excerpta
885 1304 967 1356 penes
985 1304 1028 1337 me
1047 1295 1124 1339 sunt:
1148 1285 1269 1337 Animus
1296 1297 1390 1354 oportet

340 1383 407 1425 tuus
425 1383 457 1423 te
476 1371 576 1423 iudicet
596 1371 713 1421 divitem.
750 1369 779 1422 Si
795 1371 886 1424 animo
900 1371 972 1424 dives
986 1391 1022 1437 es,
1041 1391 1071 1424 re
1090 1391 1150 1425 vera
1170 1373 1244 1426 dives
1263 1393 1300 1438 es,
1319 1374 1389 1427 etiam

340 1463 367 1513 in
396 1460 566 1512 fortunarum
594 1458 786 1511 mediocritate.
834 1458 929 1512 Paullo
948 1470 1008 1530 post
1033 1459 1143 1530 quidem
1172 1459 1252 1514 dicit:
1279 1461 1389 1513 Animus

340 1547 453 1599 dominis
472 1546 558 1602 dives,
577 1564 629 1597 non
647 1563 727 1610 orca,
743 1545 878 1614 appellari
895 1547 983 1606 solet,·
1007 1548 1053 1598 sed
1072 1545 1124 1600 hoc
1142 1558 1195 1602 esta
1215 1548 1238 1601 is
1256 1548 1337 1602 bomo
1354 1549 1389 1601 di-

341 1654 384 1688 ves
401 1635 512 1699 dicitur,
532 1632 607 1687 cuius
625 1632 730 1685 animus
749 1651 811 1684 eum
830 1631 930 1686 iudicat
949 1633 1057 1686 divitem
1076 1653 1146 1701 esse,
1176 1647 1336 1690 contentum
1353 1637 1386 1700 iis,

341 1741 409 1794 quae
428 1721 570 1792 possidet.“
590 1719 770 1773 Graevius.
816 1725 872 1784 „Te
895 1719 1001 1773 Graevii
1026 1722 1141 1776 Codices
1160 1734 1187 1776 et
1209 1725 1285 1795 regii.
1329 1724 1386 1776 Vul-

340 1810 394 1882 gati
414 1809 542 1861 mendose
565 1827 599 1860 se
623 1808 753 1859 iudicet.“
779 1807 921 1862 Laidem.
963 1809 1114 1863 Bentleiuss
1143 1811 1265 1863 Animus
1293 1822 1386 1880 oportet

340 1909 407 1950 tuus
426 1908 459 1948 te
476 1896 614 1948 indicet
633 1895 750 1946 divitem.
786 1894 945 1965 Borgersius
958 1907 1050 1950 contra
1064 1894 1225 1950 Graevium:
1246 1899 1321 1965 „Nos
1332 1917 1384 1952 cum

339 1984 406 2040 Ern.
425 1995 451 2038 et
479 1983 603 2037 Sebiitzio
630 1994 738 2036 tuemur
755 1999 792 2033 se.
842 1982 933 2034 Verba
951 1984 1068 2036 Animus
1096 1994 1162 2036 tous
1186 1996 1297 2054 oportet
1314 2005 1341 2036 se
1357 2015 1384 2026 -

341 2084 420 2131 tuoe,
449 2091 517 2144 quae
545 2090 604 2123 mox
634 2070 725 2141 paucis
744 2079 904 2139 repetuntur
928 2072 1045 2122 Animus
1072 2071 1187 2124 dominis
1208 2103 1244 2113 —
1263 2074 1385 2142 appellari

339 2162 422 2225 solet,
442 2160 580 2214 continent
600 2169 789 2228 argumentum
816 2157 870 2209 sive
895 2156 995 2223 thesin,
1026 2177 1108 2229 quam
1133 2158 1163 2211 in
1191 2159 1243 2213 bac
1269 2161 1384 2214 exercita-

340 2250 412 2301 tione
431 2246 597 2318 probandam
616 2245 665 2298 sibi
684 2243 776 2298 sumsit
792 2255 896 2297 oratore
925 2246 1048 2298 Divitias
1075 2263 1156 2298 veras
1186 2266 1243 2298 non
1259 2249 1287 2298 in
1314 2265 1384 2316 pecu·

340 2335 401 2385 niae
420 2333 620 2403 magnitudine,
636 2332 685 2383 sed
697 2333 727 2382 in
744 2331 832 2382 animo
851 2340 976 2383 contento
995 2351 1051 2384 esse
1069 2334 1147 2386 sitas.
1196 2333 1305 2402 Quibus
1323 2334 1384 2406 posi·

341 2422 388 2487 tis,
405 2421 480 2473 utin
498 2419 555 2472 aliis
573 2419 732 2484 paradoxis,
751 2417 829 2489 fingit
846 2418 895 2470 sibi
916 2419 1112 2486 adversarium,
1143 2440 1227 2492 quem
1246 2422 1381 2494 repreben-

339 2509 391 2572 dat,
408 2508 537 2579 cuiusque
556 2507 677 2560 aviditate
696 2506 825 2576 pecuniae
844 2504 911 2557 itlud
930 2505 1042 2560 efficiat:
1062 2508 1115 2560 nisi
1134 2509 1182 2579 qni
1200 2509 1383 2562 contentussit

340 2595 418 2648 rebus
435 2598 508 2662 suis,
535 2613 591 2646 esse
610 2595 718 2645 divitem
744 2592 880 2646 neminem.
922 2594 1042 2648 Pertinet
1069 2595 1152 2665 igitur
1176 2615 1206 2648 se
1235 2597 1267 2650 ad
1298 2597 1381 2651 thesin:

339 2682 458 2754 reliquae
475 2683 607 2735 secundae
628 2699 757 2752 personae
775 2679 808 2732 ad
829 2680 1019 2735 adversarium.
1057 2683 1145 2750 Vitio,
1173 2698 1268 2740 nostro
1287 2689 1381 2759 quidem

339 2771 481 2836 arbitratu,
501 2789 592 2823 ansam
613 2769 685 2821 dedit
703 2768 851 2839 inscriptio,
872 2788 952 2839 quam
973 2789 1007 2822 ne
1027 2769 1089 2823 huic
1107 2772 1250 2827 Paradoxo
1268 2777 1383 2847 appime·

340 2859 374 2912 rit
391 2858 484 2910 salsam
508 2857 632 2910 librarius
658 2855 827 2908 vehementer
855 2876 984 2910 veremur.
1033 2858 1156 2911 Primum
1186 2863 1262 2914 enim
1287 2864 1314 2915 in
1337 2875 1381 2917 tou

339 2945 516 3016 disputatione
530 2943 602 2996 nulia
620 2942 650 2994 sit
668 2943 769 2995 mentio
786 2945 936 3012 sapientis5
956 2944 1053 2998 deinde
1072 2947 1160 2999 omnis
1179 2950 1267 3004 oratio
1286 2951 1313 3002 in
1331 2969 1381 3002 eum

340 3034 427 3102 potius
445 3032 548 3084 videtur
565 3029 745 3097 conserenda,
764 3029 811 3101 qui
830 3032 917 3084 omnis
939 3034 1130 3105 temperantiae
1149 3037 1182 3089 sit
1194 3056 1297 3108 expers.
1316 3039 1382 3092 conf.

339 3139 414 3170 mm:
434 3118 480 3187 qui
496 3116 702 3168 innumerabiles
720 3118 885 3186 cupiditates
903 3120 994 3175 habet.
1031 3122 1239 3195 inscriptionem
1260 3128 1338 3199 igitur
1352 3126 1381 3178 sie

339 3205 511 3276 refingamus:
530 3198 571 3255 ὅτι
589 3203 666 3265 μόνος
684 3199 698 3255 d
717 3199 858 3274 σώφρων
876 3206 1006 3266 riioeioeoc.
1053 3209 1169 3262 Animus
1195 3215 1270 3265 enim
1289 3213 1382 3285 cupidi·

339 3304 405 3346 tates
422 3292 541 3360 cohibet,
569 3293 676 3364 suisque
695 3293 775 3344 rebus
793 3301 831 3344 est
848 3304 1005 3360 contentus,
1027 3297 1089 3366 quia
1109 3315 1137 3348 se
1155 3298 1259 3353 iudicat
1276 3301 1380 3353 divitem.

308 3422 311 3427 .
338 3380 420 3449 Quod
438 3381 544 3452 egregie
562 3381 587 3435 b.
605 3381 622 3433 l.
648 3380 768 3451 probavit
793 3378 898 3433 Cicero.
944 3382 986 3434 De
1017 3387 1197 3452 temperantia
1226 3388 1277 3442 vid.
1299 3388 1381 3440 Tusco

338 3469 372 3532 V,
392 3472 435 3522 14.
453 3481 478 3523 et
496 3469 581 3527 Stura.
601 3470 660 3522 Lex.
681 3467 804 3540 Xenopb.
824 3489 847 3521 v.
867 3468 1026 3541 σωφροσύνη.
1063 3473 1156 3526 Thesis
1174 3475 1333 3548 deprompta
1350 3487 1381 3528 est

337 3576 367 3609 ex
387 3557 454 3609 Xen·
479 3556 571 3627 Symp.
589 3557 635 3622 iV,
654 3561 702 3610 34:
728 3559 752 3607 oi
776 3555 913 3628 dedenarios
938 3557 983 3610 otiu
1007 3564 1033 3612 io
1058 3564 1097 3629 τῷ
1120 3565 1182 3630 οἴκῳ
1209 3561 1257 3615 edo
1281 3565 1380 3616 πλοῦτον

337 3648 382 3695 sot
397 3641 448 3712 τήν
464 3652 552 3696 πενίαν
569 3647 683 3710 ἴχουσιν,
703 3641 761 3695 o’tt'
779 3648 804 3695 ie
821 3657 882 3703 ταῖς
901 3651 1025 3712 ψυχαῖς.“
1062 3647 1123 3702 Mt.

409 3739 436 3778 te
453 3730 564 3796 indicet]
601 3731 663 3795 „Ab
681 3749 709 3782 se
727 3732 843 3784 iudicet:
871 3735 944 3805 quod
964 3754 1026 3788 sane
1054 3737 1141 3807 aptius
1167 3749 1248 3805 esset,
1275 3737 1321 3791 nisi
1345 3755 1381 3788 se·

339 3825 477 3884 queretur,
497 3815 632 3866 hominurn
649 3833 748 3881 sermo,
766 3829 792 3870 et
808 3823 986 3888 possessiones
1005 3827 1098 3876 tuae.“
1134 3826 1235 3881 Face.

408 3903 526 3953 Animus
544 3912 648 3971 oportet
666 3913 733 3954 tuos
752 3914 785 3954 te
803 3905 916 3972 iudicet]
953 3908 1058 3962 Habent
1078 3922 1106 3962 te
1131 3911 1198 3966 Oxx.
1215 3913 1248 3967 E.
1266 3914 1285 3966 Ι.
1303 3912 1334 3965 Ν.
1350 3909 1379 3961 U.

338 3991 397 4042 Cra.
418 3993 444 4042 1.
461 3993 486 4044 3.
509 3995 534 4042 2.
561 3991 617 4061 (bic
645 3992 797 4062 praeposito
823 3994 937 4060 iudicet)
966 3995 1038 4050 Gud.
1058 3997 1090 4050 A.
1117 3999 1236 4056 Dresdd.
1264 4000 1380 4072 quinque,

337 4078 405 4131 Edd.
416 4077 511 4130 Graes.
524 4077 593 4133 oliv.
611 4080 654 4148 (ut
672 4081 737 4134 dicit
752 4081 871 4146 Gernb.;
890 4094 916 4135 et
932 4095 971 4136 est
988 4084 1099 4138 fortasse
1118 4086 1156 4140 sic
1173 4088 1203 4140 in
1222 4088 1320 4141 Oliveti
1337 4085 1378 4137 Ed.

336 4167 419 4221 Paris.
444 4167 482 4220 rel
512 4167 629 4232 Genev.;
660 4169 688 4221 in
716 4181 804 4237 nostra
833 4171 961 4223 Patavina
989 4182 1034 4226 est
1053 4172 1095 4242 se)
1123 4173 1229 4229 Gernb.
1253 4175 1302 4228 Or.
1319 4171 1378 4225 ttub.

337 4252 468 4308 chsner.
496 4255 529 4307 ad
554 4254 625 4310 Oliv.
653 4255 764 4329 Eclogg.
793 4257 850 4311 Cic.
871 4279 896 4330 p.
911 4262 972 4313 ttt.
997 4259 1038 4313 ed.
1054 4262 1080 4314 3.
1105 4263 1152 4331 qui
1179 4263 1273 4317 iaudat
1295 4264 1378 4315 Senec.

337 4339 444 4395 Consot.
465 4344 498 4396 ad
516 4343 589 4397 Heli.
607 4350 649 4411 11,
667 4351 698 4402 d:
733 4348 851 4400 Animus
869 4359 924 4412 est,
949 4349 996 4419 qui
1013 4350 1112 4403 divites
1126 4353 1206 4422 facit
1226 4383 1260 4394 -
1277 4349 1381 4423 pecunia

336 4427 406 4479 nihil
422 4429 460 4479 ad
477 4431 595 4483 onimum
608 4436 735 4502 pertinet.
773 4437 899 4490 Ceterum
918 4435 1016 4507 iegitur
1034 4448 1108 4507 optet
1128 4439 1156 4492 in
1167 4439 1219 4496 Ed.
1229 4444 1298 4499 Ven.
1305 4441 1381 4499 15¹4..
