3450 5342
599 675 841 729 nnmuoxunn.
887 675 961 731 cen.
977 675 1012 725 u.
1289 655 1339 731 ut

285 834 517 907 promitomus:
548 836 625 887 euius
637 834 768 906 [gloriae]
786 833 919 905 graditur
936 834 1019 891 ettam
1042 834 1160 889 leoninos
1183 836 1212 891 in
1231 839 1342 895 -crelom

286 926 442 976 viderentur
460 923 635 977 adscendere..
663 922 717 976 Sed
742 921 840 981 ¹talibus
864 920 931 975 lonis
945 920 1022 981 'nihil
1042 921 1174 980 ellicitunt
1204 942 1267 981 nem
1286 927 1341 996 pri.»

287 1032 363 1066 mum
382 1013 414 1066 iis
431 1011 507 1065 multi
525 1011 627 1083 opponi
640 1022 766 1082 pomuli
785 1010 884 1081 quibus
900 1009 930 1063 iu
942 1009 1078 1065 eonsimili
1098 1010 1231 1066 sententia
1247 1011 1343 1082 legitur

286 1102 440 1154 escendere:
452 1099 558 1159 deinde
573 1098 664 1153 multis
676 1099 743 1153 locis
754 1098 867 1158 fluctuat
880 1098 1006 1153 codicum
1022 1098 1114 1164 lectio,-
1129 1096 1246 1169 denique
1259 1100 1344 1154 multo

286 1189 393 1260 saepius
415 1188 515 1242 lectum
542 1175 596 1254 est,
624 1198 655 1241 ut
681 1188 820 1248 escendere
843 1205 863 1243 a,
880 1185 994 1241 librariis
1014 1184 1345 1241 mutaretuudnlormam

286 1277 374 1347 magis
390 1288 481 1331 notam
500 1277 657 1340 escendere,
684 1294 765 1347 quom
785 1274 841 1329 vice
861 1292 943 1329 verse.
988 1275 1108 1328 tte-vem
1125 1274 1241 1331 babeant
1260 1275 1346 1330 lectu·

287 1385 345 1431 ros,
369 1365 440 1418 unde
459 1365 507 1436 ipsi
526 1365 658 1430 iudicent,
685 1363 800 1417 laudubo
816 1361 893 1416 locos
910 1363 1127 1432 etinterpre'tee,
1154 1363 1225 1416 unde
1241 1374 1345 1423 certum

288 1451 398 1523 aliquod
418 1452 547 1511 iudicium
572 1453 622 1507 sibi
649 1452 751 1523 possint
773 1464 877 1507 eruere.
921 1449 955 1504 Et
975 1449 1096 1521 primum
1113 1451 1221 1521 quidem
1240 1449 1345 1506 videant

287 1538 386 1595 librum
394 1579 414 1607 ,Ι
431 1543 552 1611 quamvis
570 1539 755 1610 paucioribus,
785 1550 867 1608 quem
884 1548 1020 1602 meretur,
1050 1540 1266 1605 notum,·Perei
1284 1541 1345 1594 Lex.

288 1625 400 1699 criup.
418 1633 472 1683 422
489 1627 610 1699 sq..ibiq.
629 1625 718 1685 lnutld.
736 1625 867 1695 luter'p'rr.
885 1626 921 1681 ud
941 1626 996 1680 Liv.
1015 1625 1047 1692 ll,
1067 1629 1158 1697 28.·p.
1171 1629 1225 1680 220
1243 1647 1281 1699 sq.
1300 1630 1343 1683 ed.

288 1712 427 1767 Drakenb.
446 1711 545 1782 Stuug.
572 1724 597 1767 et
621 1732 689 1783 quos
712 1712 750 1765 ibi
769 1710 882 1765 laudant
899 1713 918 1764 l.
935 1713 981 1768 Fr.
1001 1712 1156 1767 Gronovius
1175 1725 1201 1768 et
1219 1715 1342 1771 Draken-

287 1798 383 1853 borch.
420 1799 492 1852 Tum
511 1799 641 1853 Garaton.
659 1799 691 1859 ed
709 1797 766 1853 Cio.
789 1798 907 1872 Philipp.
924 1799 959 1867 ll,
973 1805 1019 1856 tt.
1037 1821 1064 1872 p.
1078 1805 1139 1856 515.
1157 1804 1198 1856 ed.
1208 1805 1346 1861 Wernsdl.

285 1887 319 1939 T.
339 1886 359 1938 l.
377 1885 509 1946 Ochsner.
534 1887 567 1941 ed
593 1886 690 1964 Qliveti
715 1885 827 1959 Eulogg.
853 1885 912 1941 Cic.
938 1908 965 1959 p.
985 1892 1046 1943 228.
1083 1889 1203 1945 Kiibner.
1228 1893 1262 1946 ad
1288 1894 1344 1949 Cic.

287 1975 386 2029 Tusce.
405 1975 425 2043 Ι,
445 1979 489 2030 29.
507 1986 571 2029 extr.
589 1997 615 2046 p.
630 1979 691 2031 118.
708 1974 750 2028 ed.
769 1979 801 2039 23
831 1994 881 2029 nos
903 1975 939 2029 ad
956 1973 1014 2032 Cio.
1033 1977 1128 2033 Tusco.
1149 1979 1181 2043 V,
1201 1981 1227 2032 9.
1248 2000 1273 2049 p.
1293 1984 1345 2045 ⁵⁶3

288 2064 317 2117 iu
337 2063 430 2135 primis
447 2074 536 2118 nutem
555 2063 588 2116 ad
605 2065 625 2129 l,
644 2067 688 2119 29.
714 2063 761 2121 ubi
784 2081 847 2117 cum
872 2062 992 2118 Klotzius
1015 2065 1050 2119 in‘
1067 2066 1189 2139 ed..mrj.
1214 2068 1344 2134 edidisset,

289 2163 320 2206 ut
338 2171 401 2208 nos:
427 2162 459 2203 ut
477 2151 560 2205 -.in
578 2152 683 2205 coelum
700 2153 838 2207 videretur
854 2153 1056 2217 recondere,
1075 2155 1249 2225 lectum-eet,
1268 2157 1343 2211 utin

290 2239 455 2310 praefatione
473 2239 507 2294 ad
527 2240 640 2300 eandem
659 2240 805 2296 editionem
823 2261 849 2312 p.
863 2257 917 2294 vul.
940 2251 966 2293 et
989 2241 1022 2295 nd
1047 2242 1180 2296 minorem
1206 2263 1232 2316 p.
1246 2261 1282 2298 tv.
1300 2263 1345 2297 re-

288 2328 409 2385 stitutum
430 2327 507 2382 vellet
524 2330 680 2382 oscendere:
706 2348 721 2383 n
741 2340 894 2383 rue-nutem
913 2329 1157 2385 continuationibus
1179 2333 1299 2387 monitus
1315 2333 1345 2385 in

289 2414 461 2485 premerid.
478 2416 539 2470 Litt.
558 2415 776 2488 Heidelbergens.
795 2437 818 2472 e.
833 2421 913 2473 teti.
931 2437 968 2471 m.
986 2417 1053 2473 Nor.
1071 2439 1098 2490 p.
1111 2423 1182 2474 tutto
1194 2440 1235 2492 sq.
1250 2432 1279 2474 et
1297 2440 1345 2474 co-

289 2503 381 2557 dicum
399 2504 565 2574 optimorum
586 2490 853 2561 auctoritatemotus
877 2516 1033 2562 retractaret
1057 2508 1215 2561 sententiani
1234 2508 1347 2562 restitu-

291 2605 404 2664 tumque
423 2592 501 2646 vellet
518 2595 670 2658 escendere,
686 2595 715 2649 in
734 2594 818 2659 libro,
838 2593 885 2665 qui
904 2593 1062 2649 inscribitur
1070 2597 1234 2666 Neelttrc'r'ge
1249 2615 1278 2649 u.
1292 2599 1347 2648 Bev-

289 2681 482 2751 richtigungen
499 2700 534 2733 zu
555 2683 607 2734 cte.
627 2683 725 2750 Dispp.
742 2687 835 2736 Tusce.
853 2704 878 2736 ν.
898 2686 932 2734 R.
948 2683 1034 2735 Klotz
1051 2682 1241 2754 (Lpullss‘lir)
1262 2705 1288 2755 p·
1302 2686 1346 2741 311.

289 2767 336 2822 llis
354 2766 423 2823 adde
442 2769 670 2824 Arntzenium
690 2769 724 2822 ad
744 2767 843 2823 Aurel-
856 2770 929 2823 Vici.
945 2770 1070 2824 devisis
1093 2770 1189 2826 lllustr.
1213 2790 1236 2824 e.
1253 2775 1298 2837 58,
1321 2774 1347 2825 8.

290 2860 401 2926 p2283
428 2855 462 2909 G.
482 2855 642 2911 Cortium
661 2855 783 2925 (Kortte)
801 2857 829 2909 iu
847 2857 969 2911 Diss.11.
994 2857 1028 2910 de
1055 2857 1112 2912 Usu
1138 2857 1268 2930 Ortlrogr.¹
1290 2859 1346 2913 liat.

288 2942 375 3014 (Lips.
396 2947 474 2998 1221.
492 2945 533 3013 4.)
549 2965 576 3016 p.
593 2948 717 3006 tt-et;
743 2945 858 3001 eundem
877 2946 912 2999 nd
929 2945 994 3000 Sall.
1013 2944 1092 3001 Catil.
1111 2950 1155 3001 55:
1176 2967 1201 3016 p,
1218 2949 1280 3000 355.
1300 2947 1346 3017 (nd

290 3046 374 3102 quem
391 3031 481 3087 lucum
501 3026 574 3089 conl.
593 3034 672 3088 etiam
690 3032 781 3089 Kritz...
793 3053 819 3104 p.
834 3034 924 3103 2⁹1.):
946 3034 1073 3107 'denique
1091 3035 1230 3105 egregium
1241 3034 1346 3087 librum

293 3118 326 3173 C.
347 3121 379 3173 L.
395 3119 622 3189 Schneideri,
641 3108 733 3177 morte
747 3134 918 3193 praematura
937 3123 1032 3177 litteris
1046 3123 1144 3177 nostris
1158 3122 1252 3194 erepti,
1270 3124 1349 3176 Aue-

289 3208 430 3279 sir'lnlielse
448 3212 565 3263 Gramm.
584 3212 609 3264 d.
623 3217 688 3264 Lot.
704 3216 766 3281 Spr.
785 3212 807 3269 l.
824 3211 998 3266 Elementerl.
1011 3211 1044 3265 ll.
1062 3215 1150 3282 peon
1161 3230 1200 3281 sq.
1218 3210 1265 3263 ubi
1284 3211 1347 3263 item

291 3296 428 3350 laudatam
446 3297 546 3353 videbis
564 3297 664 3357 Korttii
681 3300 752 3353 Dies.
770 3299 804 3352 de
822 3299 881 3354 Usu
898 3299 1047 3370 Orthugr.,
1077 3299 1131 3352 sed-
1146 3317 1239 3351 errore
1265 3308 1344 3368 typo-

291 3383 380 3439 thetae
398 3402 426 3452 p.
445 3387 489 3437 8⁰.
533 3383 844 3441 volebat.Sehneiderus
867 3407 894 3458 p.
911 3390 962 3452 tu,
989 3386 1050 3450 ubi,
1078 3385 1218 3457 quae-huc
1235 3384 1348 3449 faciunt,

289 3471 421 3542 leguntur
448 3469 583 3540 primarie.
624 3469 667 3525 of.
692 3471 931 3545 Doederlein.¹
943 3471 1006 3525 Lnt.
1023 3471 1128 3540 synon.
1147 3488 1175 3524 u.
1192 3470 1281 3539 Etym.
1304 3469 1350 3522 lV.

292 3578 320 3631 p.
332 3560 379 3610 6⁰.
416 3554 524 3622 Quibus
542 3555 591 3611 lios
609 3556 692 3610 libros
708 3576 763 3610 non
782 3557 845 3613 licet
863 3556 1002 3628 inspicere·
1015 3576 1060 3611 eos
1078 3557 1196 3610 monitos
1212 3555 1272 3609 volo
1291 3555 1349 3627 ple-

292 3660 411 3714 rumque
434 3643 469 3696 ita
487 3643 614 3721 distingui
633 3644 678 3699 illa
702 3646 796 3713 verbe,
824 3645 1007 3700 uteseendere
1026 3645 1177 3698 dicetur-et
1195 3645 1305 3715 proprie
1325 3655 1351 3697 et

293 3732 387 3786 tralete
401 3742 468 3798 tum,
487 3750 572 3802 quum
588 3733 621 3787 de
634 3733 774 3789 altitudine
793 3746 818 3789 et
832 3735 930 3789 sirium
947 3734 1120 3788 contentione
1138 3733 1238 3804 agitur:
1257 3753 1350 3789 aecen-

295 3823 357 3872 dere
377 3820 483 3874 dicatur
500 3820 530 3886 is,
549 3821 596 3893 qui
615 3821 755 3881 editiorem
772 3821 891 3894 aliquem
909 3821 1003 3875 locum
1021 3821 1222 3893 consequitur.“
1240 3820 1301 3873 ΜΓ.

367 3910 452 3969 liene,
478 3926 547 3980 quae
565 3910 614 3962 isti
639 3909 709 3965 bona
727 3909 902 3979 appellant?]
931 3909 993 3963 Non
1017 3908 1294 3975 enarremuslibros,
1320 3909 1348 3960 in

297 3996 482 4069 quibue,.pro
498 3997 589 4057 iisne,
603 4009 642 4056 eet
658 3998 749 4064 hisne,
766 3999 868 4063 ltiiene,
886 3999 985 4069 hysne,
1010 4000 1137 4069 quisunt
1154 3995 1278 4068 plurimi:
1303 3995 1348 4046 sed

292 4083 430 4142 attendere
448 4085 572 4141 iubemus
589 4087 717 4151 lectorem
735 4088 864 4156 ademi,
885 4094 960 4158 quae
972 4086 1024 4140 -hio
1041 4086 1187 4158 reperitur,
1212 4081 1349 4137 attractio-

294 4192 366 4237 nem,
384 4186 449 4242 qua,¹
468 4193 552 4244 quum
572 4175 639 4227 iisne
658 4176 791 4232 releuatur
807 4176 839 4230 ad
859 4176 957 4247 quibus
977 4175 1086 4227 lundene
1101 4171 1242 4244 gradibus.
1259 4181 1347 4221 temen

294 4258 415 4331 sequitur
436 4279 513 4332 quae.
550 4261 632 4329 Quod
646 4276 732 4339 'quatu
751 4277 823 4320 recte
842 4265 888 4318 liat
906 4275 932 4318 et
952 4261 1124 4324 necessario,
1136 4257 1222 4311 stetim
1241 4255 1348 4322 videbis,

293 4348 315 4400 si
334 4357 496 4403 structuram
513 4351 655 4403 mutaveris
675 4352 709 4408 nd
727 4353 848 4423 regulam
868 4361 1040 4414 consuetam,
1059 4345 1265 4416 scripseritque:
1281 4343 1348 4394 iisne

293 4437 468 4508 (gradibus),
484 4458 569 4509 quoe
587 4440 636 4493 isti
653 4439 721 4492 bono
740 4442 891 4512 appellent.
927 4439 996 4492 Nom
1016 4454 1072 4491 nou
1089 4433 1195 4507 gradus
1213 4431 1349 4503 appellant
