3450 5342
336 651 386 725 24
662 673 843 722 rinauoxr.
864 670 1060 718 erorcoauu.

336 833 444 890 Paullus
455 834 482 888 in
492 833 539 889 lin.
550 834 585 888 D.
594 834 627 887 de
644 832 735 887 soluta
754 836 819 884 Cum
837 839 929 883 autem
943 830 1058 883 creditor
1064 830 1164 901 pignus
1178 827 1346 883 ratramne
1362 826 1392 879 li·

336 941 393 975 cere
410 923 435 975 ei
449 922 567 992 pretinm
584 921 613 974 r'rr
631 929 771 989 acceptum
786 918 896 988 referre.
934 915 992 972 Cic.
1011 917 1041 971 in
1058 917 1134 971 Verr.
1149 914 1184 969 de
1197 914 1332 969 Praetura
1340 911 1391 965 Ur·

335 1012 420 1066 bana:
448 1013 521 1080 Opus
540 1009 569 1062 in
587 1016 726 1078 occeptum
743 1006 839 1059 retulit
859 1006 1036 1079 quadriennio
1051 1013 1114 1075 post
1134 1021 1215 1076 quam
1232 1002 1304 1054 diem
1322 1005 1389 1071 operi

336 1097 451 1161 deerat,
468 1097 520 1147 hae
531 1093 688 1158 conditione,
704 1094 728 1147 si
746 1094 807 1166 quis
817 1092 957 1164 depopulo
971 1092 1120 1163 redemptor
1130 1091 1317 1144 aeeeuism.“
1336 1088 1389 1142 Mr·

403 1186 433 1237 in
451 1193 575 1253 opertum
594 1192 626 1234 ut
640 1182 779 1254 proferas]
816 1181 860 1235 At.
878 1183 907 1234 in
926 1190 1066 1252 occeptum
1084 1189 1117 1232 ut
1136 1179 1263 1252 referas,
1285 1178 1340 1234 hoc
1356 1188 1390 1232 est

335 1272 363 1325 iu
383 1269 505 1325 codicem
524 1269 636 1341 accepti.
672 1269 771 1325 Face.

407 1363 443 1410 In
458 1368 583 1428 apertum
602 1367 634 1409 ut
649 1357 802 1428 proferes]
822 1354 973 1424 „Revocavi
992 1354 1136 1409 lectionem
1161 1352 1231 1408 Edd.
1252 1364 1326 1422 vett,
1343 1373 1387 1426 pro

337 1463 390 1516 qua
409 1445 511 1518 primus
530 1465 561 1498 ex
578 1443 682 1517 aliquot
700 1443 780 1498 MSS.
797 1443 946 1497 Lambinus
965 1442 1048 1498 edidit
1065 1443 1094 1495 ἱιι
1114 1451 1254 1512 occeptum
1272 1453 1306 1495 ut
1323 1442 1387 1514 rese·

338 1552 398 1599 ras,
426 1553 495 1605 quae
514 1544 603 1587 tamen
622 1552 678 1586 non
697 1532 842 1605 respondet
858 1532 1047 1604 sequentibus:
1077 1550 1131 1583 non
1148 1540 1189 1584 eat
1213 1531 1287 1582 enim
1309 1538 1342 1582 nt
1363 1530 1387 1580 ia

337 1639 399 1672 oros
412 1622 479 1691 poni
492 1623 607 1692 possit.“
625 1619 761 1675 Schiitc.
802 1620 864 1673 Non
890 1619 1045 1674 obedientes
1069 1627 1163 1673 nactus
1191 1625 1231 1670 est
1255 1615 1387 1672 Sobiitzius

338 1707 545 1776 Gernbardum,
564 1708 712 1776 Orellium,
726 1707 921 1780 'Borgersiums
948 1727 963 1760 e
983 1706 1080 1778 quibus
1095 1703 1198 1763 Gernb.
1243 1703 1300 1772 „Et
1324 1702 1386 1769 huic,

337 1797 441 1870 inquit,
459 1797 509 1869 ipsi
529 1797 675 1864 locutioni,
694 1816 747 1869 qua
765 1795 897 1868 significat
915 1813 973 1848 rem
992 1813 1048 1848 non
1064 1792 1158 1864 magni
1174 1790 1254 1863 pretii
1269 1811 1343 1858 esee,
1366 1801 1389 1844 et

337 1886 424 1939 verbis
439 1886 509 1937 ruhil
522 1886 633 1954 postulo
650 1886 736 1956 magis
754 1885 879 1940 convenit
904 1885 933 1936 r'n
957 1893 1097 1953 acceptum
1114 1890 1147 1933 ut
1164 1879 1282 1951 reseras.
1325 1877 1389 1948 Quia

338 1973 411 2025 enim
429 1972 577 2025 modestior
594 1971 781 2043 postulaverit,
804 1983 836 2027 ut
852 1991 953 2026 munus
977 1990 1056 2024 suum
1074 1969 1104 2023 in
1122 1980 1247 2040 apertum
1273 1968 1389 2040 prosera-

338 2059 402 2113 tur?
437 2057 550 2112 Accedit
572 2058 646 2129 quod
665 2059 721 2130 ipse
746 2057 804 2113 Cic.
827 2057 852 2131 5.
870 2065 897 2115 4.
924 2058 989 2114 dicit
1013 2068 1119 2110 tentore
1136 2056 1227 2120 volui,
1252 2065 1388 2125 poteratne

335 2146 456 2218 proferri
472 2148 501 2198 in
519 2147 611 2200 lucem.
648 2146 699 2200 Tb.
718 2147 854 2202 Bentleius
873 2148 977 2202 dubitat
994 2157 1082 2200 utram
1105 2144 1250 2200 lectionem
1268 2155 1389 2218 aequatur

340 2245 367 2289 et
384 2253 435 2305 pro
453 2245 578 2304 apertum
596 2233 666 2287 male
690 2234 800 2290 coniicit
823 2237 961 2305 apricumr
993 2233 1043 2288 Or.
1062 2244 1150 2287 autem
1174 2234 1204 2285 in
1218 2243 1344 2302 apertum
1361 2240 1388 2284 ut

340 2321 446 2392 reseras
462 2321 621 2387 manifesto,
638 2321 744 2395 inquit,
763 2335 937 2395 corruptum,
968 2323 1136 2393 oonjectura,
1166 2331 1196 2374 ιιι
1214 2320 1334 2387 ridetur,
1358 2319 1388 2373 ab

339 2408 428 2462 Herrr.
447 2411 526 2464 1534.
545 2419 677 2463 mutatum
695 2412 780 2465 estin
797 2422 924 2480 opertum
941 2422 974 2464 ut
991 2411 1133 2482 profatus:
1159 2408 1253 2481 sicque
1277 2407 1387 2464 Faociol.

341 2496 381 2562 [ia
398 2507 512 2569 utraque
531 2497 585 2566 ed.]
604 2508 631 2552 et
649 2496 755 2552 Schtz.“
791 2498 850 2552 Mr.

410 2587 446 2635 In
462 2595 601 2655 occeptum
619 2595 651 2637 ut
669 2586 786 2657 reseras]
817 2585 921 2654 Restat,
944 2595 975 2640 ut
991 2587 1127 2640 videamus
1144 2584 1179 2639 de
1189 2583 1273 2639 libris
1290 2583 1389 2640 uomria

340 2668 378 2722 Ex
397 2671 462 2725 Oxx.
479 2691 549 2726 unus
566 2673 661 2741 modo,
680 2691 704 2740 o,
722 2673 804 2728 babet
821 2685 969 2743 occeptum,
986 2673 1084 2746 reliqui
1102 2682 1299 2743 apertumcum
1310 2670 1389 2726 Codd.

340 2758 401 2814 Bas.
417 2761 526 2833 Erlang.
546 2760 606 2816 Cra.
624 2765 650 2814 1.
668 2767 693 2815 2.
712 2761 754 2830 (bi
772 2762 843 2829 duo,
859 2761 958 2815 omisso
977 2764 1024 2829 at)
1042 2758 1103 2814 Cra.
1121 2763 1146 2816 3.
1170 2757 1244 2813 Gud.
1262 2758 1298 2814 Α.
1317 2759 1389 2825 (item

341 2847 439 2902 omisso
456 2851 520 2917 nt),
549 2847 621 2902 Gud.
639 2851 665 2902 3.
696 2848 777 2902 Drsd.
795 2853 821 2902 2.
845 2850 923 2902 Voss.
940 2866 1026 2912 unum
1056 2846 1128 2901 Gud.
1142 2846 1174 2900 B.
1194 2846 1274 2900 habet
1291 2856 1390 2916 optem,

340 2933 420 2988 Drsd.
440 2938 466 2988 1.
484 2936 512 2988 in
531 2945 669 3004 acceptum
686 2937 829 3006 proferne.
856 2935 937 2990 Drscl.
954 2940 981 2991 3.
1010 2945 1043 2987 ut
1070 2936 1099 2987 iu
1121 2943 1263 3002 acceptum
1279 2934 1389 3006 reseras,

341 3019 421 3072 Drsd.
438 3025 465 3074 4.
481 3021 511 3074 in
528 3031 638 3090 accepto
655 3031 687 3073 ut
705 3023 825 3092 referas,
843 3040 906 3076 cum
925 3021 994 3092 Cod.
1013 3021 1121 3076 Suerin.
1157 3021 1196 3074 Ex
1212 3021 1254 3076 his
1271 3022 1344 3077 videt
1358 3021 1390 3077 il·

268 3178 270 3181 ·
341 3105 387 3158 lud
403 3107 530 3177 proferas
548 3107 627 3161 etiam
644 3107 674 3160 in
693 3104 762 3161 Cod.
773 3108 840 3164 MS.
858 3128 923 3164 esse.
958 3109 1013 3164 Sed
1031 3121 1071 3164 est
1088 3110 1183 3176 etiam,
1200 3120 1311 3180 praeter
1327 3094 1390 3164 ller-

341 3196 517 3265 wag-1534,
541 3193 569 3247 in
594 3193 644 3248 Ed.
667 3206 759 3249 nostra
777 3196 866 3252 Paris.
892 3217 911 3251 s.
931 3217 955 3252 a.
973 3198 1057 3252 Paris.
1076 3199 1156 3252 1543.
1173 3196 1336 3254 Ata-1⁵48.
1359 3194 1388 3250 ll.

342 3280 429 3335 Wolf.
447 3281 566 3353 itemque
584 3281 637 3335 iam
655 3283 683 3336 in
702 3285 763 3337 Asc.
781 3288 860 3340 1511.
878 3286 1029 3352 Camerar.;
1048 3287 1078 3338 in
1094 3294 1220 3354 apertum
1236 3295 1271 3338 ret
1288 3287 1389 3358 referas

343 3367 441 3424 habent
459 3370 508 3425 Ed.
527 3389 585 3442 prc.
603 3369 653 3426 Ed.
672 3390 715 3443 ap.
738 3371 864 3442 Meusel.,
895 3373 1032 3446 Magnoli,
1060 3372 1164 3426 Manut.
1188 3370 1251 3426 Ald.
1269 3375 1350 3428 tata.
1367 3382 1390 3427 et

342 3460 422 3511 1552.
440 3469 467 3513 et
484 3469 591 3531 excepta
610 3459 681 3514 Vici.
698 3469 724 3514 et
741 3459 847 3530 lamb,
867 3474 929 3516 aute
948 3462 1040 3526 Grut,
1071 3460 1190 3534 reliquae
1211 3471 1273 3516 vett.
1292 3480 1389 3517 omuee

341 3545 398 3600 Nec
414 3567 477 3601 vero
494 3547 669 3602 Manutianae
687 3547 738 3602 Ed.
756 3548 931 3605 Gernbardus
949 3549 1042 3604 tribuit
1061 3549 1183 3620 deferes,
1207 3559 1237 3603 ut
1261 3549 1390 3605 existima·

341 3635 387 3688 bat
406 3634 465 3700 Or.,
481 3636 528 3688 sed
546 3637 593 3691 uni
612 3635 707 3690 Codiei
725 3637 758 3689 ab
778 3636 848 3691 Aldo
867 3638 941 3691 Man.
961 3636 1076 3692 collator
1096 3636 1172 3690 cuius
1189 3639 1389 3692 annotationem

341 3739 421 3790 supra
442 3718 615 3774 exhibuimus.
663 3722 695 3774 ln
718 3721 829 3793 reliquis
845 3724 939 3793 (etiam
969 3735 1061 3778 nostro
1085 3723 1164 3778 Drsd.
1184 3727 1210 3778 5.
1239 3737 1268 3780 et
1285 3723 1390 3793 Duisb.)

342 3817 380 3859 est
398 3806 542 3876 scriptum,
570 3819 600 3861 ut
628 3827 679 3860 uos
704 3808 864 3866 exhibemus.
908 3811 955 3866 Est
972 3822 1060 3867 autem
1079 3812 1109 3864 in
1135 3824 1280 3883 acceptum·
1292 3815 1389 3886 referre

341 3913 408 3963 opus
426 3892 499 3964 apud
517 3890 594 3946 lCtos
612 3894 728 3949 scribere
746 3917 814 3969 opus
832 3901 981 3971 perfeetum
1005 3919 1060 3955 esse
1079 3921 1109 3955 ea
1125 3900 1244 3969 ratione,
1274 3921 1328 3975 qua
1351 3901 1389 3955 lo-

341 3991 430 4036 catum
449 3991 497 4034 est.
514 3978 574 4033 Mr.
615 3981 662 4036 ue
679 3980 704 4034 b.
724 3982 742 4036 l.
759 3984 866 4057 elegans
884 3987 1040 4058 metaphora
1061 3988 1140 4044 ducta
1167 4008 1197 4041 er
1222 3988 1324 4044 tabulis
1346 4005 1390 4042 ac·

341 4069 411 4142 cepti
427 4080 454 4124 et
470 4067 587 4140 arpensi,
600 4069 679 4123 reluti
698 4084 868 4143 mercatores,
885 4075 1089 4148 dispensatores,
1107 4085 1195 4148 patres
1212 4075 1329 4130 familiae
1344 4074 1389 4128 ha·

341 4158 406 4212 bent
423 4156 527 4212 tabulas
544 4157 676 4228 pecuniae
694 4171 820 4231 acceptae
839 4174 866 4217 et
884 4165 949 4218 item
968 4163 1071 4218 tabulas
1082 4163 1199 4236 expensi.
1236 4163 1331 4219 Proeti
1342 4161 1388 4234 igi·

341 4256 384 4297 tur
400 4245 429 4298 iu
447 4245 544 4301 tabulis
557 4246 658 4318 excepti
675 4246 755 4301 reluti
774 4249 889 4304 maiores
905 4270 1024 4304 summas
1042 4263 1157 4322 ponunt,
1175 4250 1296 4310 minores
1312 4250 1389 4304 omit·

342 4342 417 4398 tunt,
441 4334 480 4389 sie
498 4333 596 4390 Cicero
613 4334 665 4392 hoc
683 4355 794 4408 parvum
819 4357 889 4410 opus
906 4339 1108 4394 Paradosorum
1127 4359 1183 4394 non
1206 4339 1263 4394 vult
1290 4335 1389 4395 censeri

342 4429 469 4490 tanquam
489 4421 574 4477 maius
591 4443 668 4496 opus,
689 4425 763 4499 quod
780 4425 809 4481 in
827 4425 931 4483 tabulas
950 4428 1054 4499 accepti
1069 4428 1215 4498 reseratur,
1236 4427 1310 4502 quod
1322 4426 1389 4482 idem
