3450 5342
687 702 728 749 m
756 700 952 749 uinsnoxou
978 701 1023 763 tv,
1042 696 1066 746 1.
1320 670 1393 751 345

339 869 460 921 siderate
481 865 559 938 plane
578 875 607 918 ut
626 863 684 917 Oll.
702 862 747 930 ΙΙΙ,
766 867 791 915 Ι.
838 861 950 914 Antonii
976 860 1057 913 armis
1084 869 1208 912 senatum
1232 862 1394 914 exstinctum

339 966 367 1008 et
386 955 489 1007 iudicia
507 953 596 1005 deleta
606 953 714 1023 fuisse,
733 950 883 1024 queritur.“
921 948 1065 1001 Wetxel.

414 1041 609 1108 „Controversa
628 1050 666 1093 est
689 1039 769 1093 lectio
794 1038 912 1090 dissensu
933 1048 1050 1090 veterum
1070 1036 1202 1089 librorum
1223 1036 1269 1104 [?].
1299 1034 1394 1093 Cicero

341 1130 475 1202 scripsisse
504 1129 621 1182 videtur:
658 1146 741 1199 quum
766 1156 801 1167 -
827 1136 939 1178 senatus
969 1124 1206 1176 tantummodo
1232 1143 1331 1177 nomen
1361 1123 1397 1193 (i,

341 1218 487 1273 nonnisi
504 1221 610 1273 narrent
628 1216 656 1267 in
676 1212 829 1285 republica
849 1223 919 1268 erat.
966 1212 1034 1265 Nam
1062 1221 1168 1264 senatus
1197 1212 1306 1284 quidem
1333 1225 1396 1277 erat,
1483 1255 1486 1259 .

339 1305 384 1357 sed
404 1323 418 1357 a
437 1303 533 1357 Clodio
552 1313 710 1375 corruptus,
730 1321 810 1374 quem
830 1300 928 1355 Cicero
947 1319 1002 1353 nan
1022 1318 1072 1370 pro
1089 1318 1151 1352 vero
1170 1299 1271 1353 Senatu
1290 1300 1396 1354 hebet.“

341 1393 592 1464 Wyttenbaeh.

413 1485 549 1546 „Senatus
564 1497 656 1532 nomen
674 1480 702 1531 in
722 1497 777 1548 rep.
796 1497 849 1530 nan
873 1487 949 1530 erat:
978 1477 995 1529 i.
1015 1495 1054 1542 e.,
1083 1487 1113 1530 ut
1139 1476 1260 1548 loquitur
1278 1477 1396 1531 Velleius

341 1569 397 1622 Pet.
414 1567 447 1635 ΙΙ,
466 1571 526 1633 3θ.,
544 1567 688 1636 Pompeius
702 1565 875 1616 tribuniciam
891 1573 1055 1634 potestatem
1073 1565 1208 1630 restituit,
1228 1566 1394 1618 cuiusSulia

341 1655 496 1726 imaginem,
514 1653 571 1706 sine
589 1673 632 1716 re,
656 1652 813 1722 reliquerat.
854 1651 939 1704 Nobis
963 1649 1107 1721 legendum
1133 1652 1250 1706 videtum
1276 1657 1395 1705 Senatus

341 1742 471 1793 namins
488 1743 518 1794 in
536 1739 705 1811 republica,
731 1758 785 1790 nan
802 1758 837 1791 re
854 1749 925 1792 erat.
972 1736 1394 1810 Contprosess.12.15.tu.

340 1829 446 1882 Vocula
465 1847 493 1882 rs
511 1828 634 1882 excidisse
665 1828 752 1899 potuit
769 1828 804 1881 ob
832 1846 946 1900 sequens
973 1847 987 1878 e
1014 1829 1043 1880 in
1061 1838 1132 1879 erat.
1177 1819 1278 1880 Nomen
1304 1840 1329 1881 et
1354 1848 1396 1881 res

340 1916 390 1970 sibi
422 1917 535 1970 invicem
563 1927 742 1988 opponuntur
767 1918 845 1970 Verr.
862 1918 897 1971 V.
914 1920 957 1971 25.
977 1919 1020 1970 ³4.
1047 1915 1080 1969 de
1107 1915 1269 1980 Div.t,1u.
1299 1915 1393 1968 Parad.

341 2006 375 2071 V,
395 2008 425 2057 1:
444 2022 492 2056 nec
509 2005 559 2057 liae
575 2014 632 2056 tam
651 2023 686 2056 re
703 2014 760 2070 est,
776 2022 858 2078 quam
876 2005 978 2056 dictu
994 2004 1169 2074 inopinatum.
1208 2003 1267 2056 vid.
1287 2000 1393 2056 Ruunt.

340 2092 374 2146 ad
395 2091 488 2144 Vellei.
507 2091 579 2145 l.·l.“
616 2092 783 2163 Borgers.
833 2146 836 2153 ,

412 2181 478 2246 „Est
495 2179 561 2235 haee
579 2180 713 2252 Borgersii
737 2176 853 2250 suspicio
884 2178 1033 2250 exemplum
1062 2178 1191 2250 elegantis
1218 2181 1397 2234 coniecturae.

340 2268 423 2321 Nobis
441 2279 529 2322 autem
548 2267 693 2340 aliquando
711 2268 739 2320 in
759 2279 876 2321 mentem
895 2268 967 2321 venit
985 2286 1019 2319 an
1037 2265 1135 2321 Cicero
1152 2268 1296 2339 scripsisset
1309 2270 1394 2321 Seria-

341 2367 388 2409 tus
406 2377 497 2408 namen
514 2358 543 2409 in
560 2357 697 2427 republica
715 2358 818 2409 inane
836 2367 906 2411 erat.
942 2355 1098 2411 Formulsm
1123 2367 1236 2411 senatus
1252 2369 1293 2410 est
1312 2359 1391 2409 inane

341 2464 433 2496 nornen
457 2456 483 2497 et
507 2454 549 2496 est
572 2463 665 2496 namen
688 2446 745 2497 sine
773 2444 899 2515 exemplis
915 2444 1045 2496 similibus
1072 2444 1244 2514 intelligimus
1272 2445 1392 2517 quidem,

341 2544 396 2585 non
416 2532 593 2584 iniucundum
614 2542 702 2584 tamen
721 2532 771 2585 erit
789 2532 890 2597 videre,
913 2550 981 2604 quae
1000 2532 1150 2586 notaverint
1175 2534 1203 2585 in
1231 2533 1323 2602 primis
1347 2533 1392 2584 lu-

340 2631 414 2674 retus
431 2621 464 2672 ad
482 2618 675 2690 Symmachum
694 2619 776 2690 Epist.
793 2620 825 2686 ll,
844 2624 888 2675 52.
917 2630 943 2672 et
959 2620 1118 2690 interpretes
1142 2620 1175 2672 ad
1201 2606 1249 2673 Sit.
1273 2619 1353 2674 italie.
1373 2620 1393 2683 Ι,

340 2709 422 2762 tutt‘
441 2707 756 2778 Hafman·Peerllamp.
783 2709 810 2760 in
830 2726 942 2761 censura
968 2707 1017 2760 Ed.
1043 2707 1165 2777 Borgers.
1189 2707 1217 2760 in
1241 2706 1308 2760 Biht.
1328 2704 1393 2763 Crit.

339 2796 412 2850 Num
432 2795 477 2851 ΙΙΙ.
497 2814 523 2866 p.
540 2800 602 2849 411.
622 2824 656 2837 -
693 2796 748 2849 lam
768 2797 897 2851 addamus
912 2808 1030 2850 nostram
1050 2797 1083 2849 de
1101 2795 1128 2848 h.
1146 2796 1163 2850 Ι.
1183 2797 1357 2850 sententiam:

412 2882 541 2936 Ollensus
559 2902 623 2936 voce
641 2903 694 2936 nan
711 2883 840 2938 Graevius
859 2885 972 2938 deletam
992 2904 1050 2937 eam
1066 2885 1183 2939 volebat:
1203 2906 1302 2939 nomen
1321 2886 1392 2940 enim

339 2981 447 3024 senatus
465 2972 492 3023 in
511 2990 541 3023 re
560 2971 666 3041 publica
685 2972 763 3026 fuisse
782 2972 883 3046 dic'ens,
903 2973 947 3026 sed
967 2992 1077 3040 nomen,
1100 2994 1154 3027 non
1172 2993 1240 3042 rem,
1259 2975 1389 3028 exstitisse.

339 3059 381 3112 Ad
402 3069 561 3130 quaerente
580 3058 720 3117 tituenus,
739 3062 851 3128 Verum,
871 3062 966 3133 inquit,
986 3061 1083 3115 Cicero
1103 3081 1158 3115 non
1177 3063 1242 3116 solet
1262 3064 1298 3129 id,
1319 3064 1390 3135 quod

337 3147 468 3200 Graevius
485 3146 602 3212 solebat,
626 3148 665 3202 sic
684 3150 845 3220 exprimere:
873 3150 1045 3220 dixissetque,
1067 3160 1096 3203 ut
1114 3169 1164 3222 ego
1183 3151 1247 3204 olim
1267 3153 1391 3206 coniece-

338 3241 412 3301 rim,
431 3253 524 3286 nomen
542 3236 728 3303 maduerat,
752 3249 798 3291 aut
816 3239 959 3291 nomen-in
972 3257 999 3291 re
1016 3237 1141 3306 publica,
1167 3257 1219 3290 nan
1235 3259 1293 3305 res,
1321 3249 1391 3294 erat.

338 3323 514 3377 Gernhardus
532 3324 751 3389 vero,‚librorum
771 3325 913 3379 lectionem
932 3342 1052 3390 servans,
1069 3324 1232 3390 „Greevius,
1249 3327 1351 3397 inquit,
1371 3328 1391 3379 si

337 3414 424 3465 verbis
441 3423 552 3465 senatus
570 3413 717 3479 occiderat,
744 3413 843 3465 civitas
860 3431 914 3465 non
931 3412 1114 3475 erat,·aonsul
1130 3431 1182 3464 nan
1200 3401 1274 3476 erut,
1293 3414 1393 3485 quibus

338 3497 436 3554 Cicero
459 3501 503 3570 (ut
531 3500 612 3554 Offic.
631 3499 675 3565 ΙΙΙ,
694 3504 720 3564 Ι,
739 3506 771 3554 2:
798 3501 932 3553 exstineto
962 3504 1073 3556 senatu,
1101 3499 1247 3567 deletisque
1271 3501 1392 3566 iudiciis)

337 3589 467 3658 temporis
484 3587 554 3642 illius
572 3589 740 3660 iniquitatem
759 3599 916 3661 exaggerat,
935 3587 1035 3640 moveri
1054 3606 1109 3640 non
1130 3587 1232 3657 potuit,
1253 3598 1281 3640 ut
1299 3585 1392 3657 vulga·-

336 3688 392 3728 tam
412 3685 546 3741 tueretur3
575 3688 703 3738 nontam
727 3677 858 3749 particula
875 3696 929 3729 non
946 3676 1090 3741 eiiciendn,
1121 3695 1202 3745 quam
1232 3675 1259 3728 in
1288 3677 1394 3729 nullum
1429 3722 1431 3727 ,

336 3763 465 3816 mutanda
487 3775 552 3821 erat.
588 3763 730 3819 Sie'certe·
749 3766 817 3819 ordo
840 3766 983 3819 verborum
1006 3775 1154 3818 servaretur
1179 3765 1303 3832 idoneus,
1334 3767 1390 3837 qui,

328 3863 471 3922 ,expuncto
489 3872 554 3916 nan,
585 3854 683 3907 mutari
702 3853 826 3908 deberet:
854 3864 967 3906 senatus
985 3854 1013 3905 in
1033 3871 1060 3903 rs
1080 3850 1188 3922 publica
1206 3871 1299 3904 nomen
1317 3854 1391 3920 (tan-

335 3937 409 4005 tum)
436 3949 505 3995 erat.
558 3940 724 3995 Adiectivum
751 3942 845 3993 nullus
872 3941 978 4012 videbis¹
995 3941 1018 4008 3.
1037 3943 1078 3993 28.
1106 3940 1228 4005 (consui,
1261 3942 1308 4012 qui
1332 3951 1391 3992 tum

335 4025 586 4099 nullussuerat)
612 4039 639 4080 et
663 4027 717 4080 Lis.
738 4029 833 4093 XXVl,
854 4032 904 4082 41:
931 4027 1070 4078 nullum
1095 4029 1148 4078 inm
1176 4046 1294 4080 nomen
1321 4041 1389 4080 esset

330 4113 431 4184 populi
448 4116 588 4170 Romanir‘
623 4103 703 4169 Add.⁴
719 4114 776 4170 Cic.
803 4117 836 4169 de
864 4116 946 4186 Legg.
965 4112 998 4180 ΙΙ,
1017 4111 1043 4178 u,
1064 4119 1112 4168 14:
1137 4116 1224 4187 igitur
1249 4125 1279 4166 tu
1301 4115 1390 4167 Titias

333 4212 363 4252 et
382 4202 535 4270 Appuleius
561 4202 633 4274 leges
658 4204 779 4256 nullas
797 4203 826 4272 (i.
846 4222 870 4256 e.
895 4201 971 4256 nullo
988 4200 1050 4257 loeo
1068 4202 1216 4269 habendas,
1244 4204 1315 4275 leges
1335 4222 1390 4256 non

333 4288 495 4358 censendas)
510 4289 618 4358 putas?
637 4291 670 4343 de
689 4291 739 4347 Or.
759 4293 777 4358 l,
798 4296 823 4358 9,
843 4295 892 4346 38:
910 4290 1130 4360 rempublicam,
1151 4313 1232 4364 quam
1252 4311 1324 4344 nunc
1342 4294 1387 4346 aix

332 4389 472 4443 tenemus,
491 4378 545 4428 iam
564 4378 610 4431 diu
631 4381 764 4432 nullam
780 4380 963 4434 liaberernus.“
1006 4379 1039 4431 Et
1063 4378 1237 4433 Gernhardus
1262 4382 1390 4452 probabi-

332 4467 395 4520 liter
414 4467 533 4538 quidem.
570 4466 616 4521 Est
635 4479 722 4522 temen
744 4469 818 4524 locus
833 4467 989 4540 suspicioni,
1008 4466 1139 4537 vulgatam
1153 4487 1208 4521 non
1227 4489 1282 4524 esse
1301 4491 1387 4525 veram
