3450 5342
326 644 400 717 208
653 668 824 713 runauoxa
854 664 1048 713 scorcouuu.

326 838 502 901 atriensem
538 837 726 918 diligentem
761 837 912 917 putaret:l
964 833 1150 897 Reviviscal
1183 823 1228 897 Μ’
1257 831 1379 907 Curius,

327 984 382 1040 aul
407 995 525 1042 eorum
550 977 690 1057 aliquis,
725 991 866 1054 quorum
905 973 939 1036 in
971 973 1048 1035 villa
1084 988 1124 1035 ac
1164 972 1271 1036 domo
1305 972 1378 1035 nihil

325 1116 549 1197 splendidum,
576 1115 655 1178 nihil
683 1117 836 1177 ornatum
863 1111 943 1188 iuil,
968 1115 1101 1192 praetor
1119 1110 1231 1191 ipsos,
1270 1114 1306 1174 et
1333 1112 1378 1174 vi·

326 1251 401 1315 deal
427 1252 589 1332 aliquem,
615 1251 751 1314 summis
778 1250 892 1331 populi
918 1248 1087 1312 beneflciis
1107 1263 1226 1322 usum,
1263 1248 1377 1311 barba·

327 1389 413 1451 tulos
439 1387 558 1450 mullos
586 1389 814 1466 exceptantem
828 1385 879 1449 de
905 1385 1031 1467 piscina
1057 1389 1090 1447 ot
1115 1387 1377 1464 pertractantem,

329 1529 361 1588 et
385 1540 619 1589 muraenarum
647 1526 744 1606 copia
771 1527 981 1606 gloriantem:
1015 1540 1127 1588 uonna
1156 1524 1248 1589 huuc
1275 1521 1376 1586 homi·

327 1678 403 1725 nem
441 1661 486 1725 ita
522 1677 654 1726 servum
695 1662 833 1740 iudicet,
877 1667 913 1731 nt
944 1680 987 1725 ne
1020 1662 1054 1724 in
1088 1660 1219 1725 familia
1253 1657 1377 1738 quidem

328 1781 462 1860 dignum
489 1781 616 1847 maiore
642 1782 754 1863 aliquo
781 1783 916 1862 negotio
941 1783 1055 1864 putet‘l
1089 1784 1140 1847 An
1169 1797 1289 1844 eorum
1311 1794 1376 1841 ser·

329 1919 413 1983 ritus
439 1918 540 1983 dubia
562 1924 629 1997 est,
675 1921 730 2001 qui
766 1919 943 2001 cupiditate
970 1919 1089 2002 peculii
1114 1918 1244 1985 nullam
1270 1915 1375 1981 condi-

329 2055 454 2119 tionem
480 2059 632 2120 recusant
658 2055 852 2123 durissimae
878 2057 1065 2123 servitutis?
1089 2055 1291 2121 Hereditatis
1309 2068 1375 2134 spes

329 2193 408 2273 quid
433 2194 611 2274 iniquilatis
637 2195 670 2257 iu
697 2194 872 2261 serviendo
899 2212 967 2259 uon
992 2193 1150 2275 suscipit?
1191 2211 1289 2275 quem
1321 2208 1375 2254 nu·

328 2336 398 2395 tum
424 2331 596 2412 locupletis
623 2330 697 2397 orbi
732 2331 819 2397 senis
846 2346 914 2399 nou
937 2332 1117 2397 observat?
1162 2332 1310 2412 loquitur
1339 2328 1375 2393 ad

330 2467 550 2532 voluntatem:
578 2468 736 2550 quidquid
763 2468 996 2535 denunciatum
1021 2473 1090 2544 est,
1117 2467 1214 2533 facit:
1241 2472 1375 2533 assecta·

331 2608 391 2679 tur,
415 2605 545 2681 assidet,
569 2609 769 2671 muneratur.
823 2604 912 2683 Quid
935 2606 1057 2670 horum
1082 2608 1132 2669 est
1157 2605 1281 2671 liberii
1306 2602 1372 2684 quid

280 2758 316 2803 ru
331 2740 473 2822 denique
495 2759 563 2807 noo
589 2743 676 2806 servi
702 2743 839 2807 inertis?
893 2742 1004 2821 Quid?
1038 2743 1106 2807 iam
1128 2742 1188 2809 illa
1212 2744 1371 2827 cupiditas

331 2895 415 2958 quae
439 2877 660 2941 videturesse
686 2877 875 2956 liberalior,
896 2879 1060 2955 honoris,
1082 2880 1224 2959 imperii,
1249 2879 1371 2961 proriu-

330 3015 472 3084 ciarum,
509 3028 608 3090 quam
649 3010 732 3075 dura
766 3016 815 3077 est
858 3012 1009 3083 domina!
1049 3035 1149 3098 quam
1189 3014 1371 3102 imperiosa!

331 3164 430 3228 quam
453 3145 649 3213 vehemens!
686 3147 849 3230 Cethego,
887 3153 1012 3218 homiui
1044 3172 1112 3221 non
1139 3158 1371 3236 probatissimo,

330 3283 454 3346 servire
477 3283 584 3367 codgit
609 3301 686 3364 eos,
719 3288 774 3367 qui
797 3290 860 3355 sibi
893 3308 967 3357 esse
1002 3293 1199 3373 amplissimi
1226 3295 1372 3361 rideban-

329 3427 399 3488 tur:
425 3440 565 3489 muuera
591 3425 738 3503 mittere,
776 3432 876 3492 noctu
904 3430 1017 3493 venire
1052 3431 1191 3497 domum
1229 3435 1274 3499 ad
1300 3449 1372 3503 eum,

331 3566 469 3642 precari,
496 3564 638 3645 denique
654 3565 851 3645 supplicare.
904 3565 999 3644 Quae
1012 3571 1154 3635 servitus
1173 3577 1234 3649 est,
1261 3572 1371 3637 sihacc

330 3697 468 3765 libertas¹
490 3700 671 3762 existimari
696 3703 824 3778 potestt
878 3703 987 3782 Quid?
1031 3724 1136 3786 quum
1171 3710 1372 3791 cupiditatum

331 3835 518 3900 dominatus
557 3839 715 3912 excessit,
765 3846 796 3905 el
838 3844 922 3909 alius
963 3849 1012 3909 est
1054 3846 1213 3913 dominus
1251 3852 1371 3913 exortus

331 3991 374 4038 ex
416 3976 617 4041 couscientia
659 3985 888 4058 peccatorum,
927 3985 1043 4057 timor3
1098 4004 1202 4066 quam
1244 3993 1294 4055 est
1328 3984 1373 4048 illa

330 4109 469 4187 misera,
512 4130 610 4192 quam
641 4113 724 4177 dura
763 4117 919 4182 servitus!
963 4118 1243 4191 adolescentibus
1277 4120 1373 4206 paullo

331 4247 576 4326 loquacioribus
600 4253 650 4313 est
675 4252 901 4319 serviendum:
928 4273 1055 4332 omues,
1083 4260 1142 4338 qui
1160 4262 1289 4342 aliquid
1306 4258 1375 4325 seue

330 4379 500 4460 videntur,
549 4391 705 4464 tanquam
743 4388 885 4470 domini,
934 4394 1097 4456 timentur.
1168 4399 1277 4465 ludex
1310 4408 1376 4461 vero
