3450 5342
662 692 857 740 ntutnoxun
881 696 924 742 tv.
951 695 1022 743 cin.
1038 697 1059 742 1.
1158 684 1161 689 '
1317 675 1387 751 171

336 869 393 905 non
411 852 513 906 exulem
532 853 620 920 tuisse,
639 853 739 925 quippe
759 855 806 926 qui
824 872 880 909 non
900 875 915 910 e
933 855 1045 910 civitate
1060 856 1152 930 pulsus
1165 857 1257 912 fuerit:
1275 859 1388 917 Rumam

337 939 410 991 enim
422 950 486 993 tunc
498 957 553 993 non
563 939 641 993 fuisse
650 941 790 1007 civitatem,
801 941 889 995 nullos
900 942 1022 997 habuisse
1033 945 1116 1001 iustos
1126 942 1389 1017 magistratusffbir.

409 1027 485 1094 Quae
507 1038 549 1080 est
573 1027 641 1079 enim
665 1028 794 1096 civitas?]
822 1029 874 1095 ,Α
901 1030 1072 1089 definitivum
1102 1033 1202 1087 civitas
1227 1040 1270 1085 eat
1292 1030 1390 1109 cotum,

338 1112 386 1180 qui
403 1111 507 1185 legibus
524 1113 713 1184 obtemperant.
750 1115 805 1169 Cic.
824 1114 885 1173 Off.
898 1115 929 1170 ΙΙ.
951 1120 1019 1188 [tn]
1037 1130 1065 1195 et
1081 1119 1111 1173 in
1129 1118 1242 1175 Somnio
1260 1112 1391 1195 Scipiss]

337 1197 465 1253 dicuntur
479 1201 604 1255 civitates
623 1203 734 1254 concilia
753 1213 779 1256 et
796 1213 887 1256 coetus
912 1206 1047 1258 hominum
1065 1206 1123 1259 iure
1141 1209 1239 1261 sociati
1263 1208 1321 1277 [ubi
1339 1208 1390 1263 οἰδ.

337 1297 420 1343 nostr.
438 1307 501 1340 ann.
520 1289 547 1341 in
566 1289 615 1343 Ed.
635 1291 689 1344 Cic.
713 1291 747 1344 de
774 1291 842 1362 Rep.
861 1289 908 1356 Vi,
927 1295 971 1346 13.
998 1313 1024 1364 p.
1043 1297 1117 1363 tta]
1142 1298 1275 1362 πολιτεία,
1302 1291 1391 1366 ἤκοι-

336 1381 414 1425 οωιία
426 1374 547 1446 πλήθους
557 1379 668 1440 ἔννομος.
704 1379 782 1432 Ptato
800 1379 834 1431 de
853 1378 946 1449 Legib.
961 1384 989 1434 6:
1009 1384 1082 1433 πᾶσα
1100 1379 1186 1453 &tinem
1204 1379 1280 1442 πόλις
1298 1379 1391 1442 ι’ἰπολις

336 1462 369 1513 ‹i'r
385 1469 511 1531 γίγνοιτο,
530 1468 556 1517 ir
573 1450 593 1536 ᾖ
611 1468 770 1536 δικαστήρια
787 1464 825 1535 με)
845 1472 1002 1519 καθεστῶτα
1016 1472 1055 1538 εἴη
1071 1466 1140 1523 aaa&
1159 1471 1263 1539 τρόπον.
1301 1470 1390 1543 Atque

336 1570 426 1604 rursus
440 1551 511 1604 idem
530 1552 606 1607 Plato
623 1554 701 1608 alibi:
728 1557 847 1609 πολιτεία
873 1551 1024 1624 οἷναοτροφή
1052 1552 1200 1626 οἷνθροόποιν
1224 1547 1389 1627 {atlhanti}

334 1642 380 1700 μὲν
397 1636 520 1708 α’γαθῶν,
539 1638 576 1711 μή
594 1641 660 1710 uuir)
678 1646 707 1694 dt
725 1644 825 1695 κακοῖο·
851 1647 896 1694 καὶ
916 1638 929 1694 ό
946 1641 1113 1714 Πυθαγόρας
1131 1648 1184 1696 τῶν
1210 1642 1388 1703 attentant-

334 1745 382 1792 νην
399 1722 466 1778 εἶπεν
480 1724 598 1797 α’ρίοοην,
617 1727 665 1798 τήν
680 1728 783 1800 ἄνδρας
797 1725 919 1796 α’γαθοός
937 1731 1072 1796 ἴχαυαανέῑ
1090 1732 1182 1802 Xyst.
1198 1731 1388 1789 Betuleius.

334 1813 413 1865 Adde
432 1811 489 1866 Cic.
510 1815 543 1866 de
560 1815 627 1886 Rep.
647 1817 667 1883 Ι,
686 1819 729 1870 32.
747 1828 811 1871 extr.
858 1817 933 1887 Quid
949 1829 990 1870 eat
1014 1820 1082 1870 enim
1106 1820 1218 1885 civitas,
1244 1819 1297 1871 nisi
1321 1819 1389 1871 iuris

333 1902 457 1956 societas.
476 1903 513 1956 ib.
530 1903 550 1969 Ι,
571 1908 613 1957 25.
631 1904 677 1956 ubi
695 1903 826 1959 civitatem
844 1904 1005 1975 (populum)
1029 1905 1145 1978 appellat
1170 1917 1275 1959 coetum
1290 1932 1326 1945 ·-·
1343 1904 1388 1956 iu-

334 1988 374 2041 ria
392 2008 519 2043 consensu
538 2021 572 2030 -
591 1994 738 2046 sociatum:
761 1993 793 2045 ad
814 2011 894 2064 quem
912 1990 1002 2046 locum
1016 1994 1067 2047 vid.
1086 2005 1176 2049 annot.
1191 2003 1274 2047 nostr.
1291 1994 1390 2063 p.ttt⁵.

334 2076 397 2129 Vid.
416 2078 494 2130 etiam
515 2098 581 2149 quos
599 2099 614 2132 e
633 2078 764 2133 Cicerone
784 2079 890 2150 collegit
908 2080 981 2133 locos
999 2080 1109 2135 Beierus
1127 2083 1160 2135 ad
1181 2082 1238 2136 Cic.
1251 2081 1284 2133 de
1303 2079 1387 2135 ΟΙΗ.

335 2181 363 2232 p·
381 2167 441 2218 3⁰9.
456 2163 488 2217 ΙΙ.
508 2187 533 2236 ρ.
547 2170 590 2220 81.
634 2169 664 2221 ln
689 2168 834 2221 Platonicis
857 2167 1067 2222 Definitionibus
1086 2181 1135 2222 est:
1165 2165 1267 2226 πόλις
1291 2170 1388 2255 binnam:

335 2247 455 2320 πλήθους
473 2250 621 2324 ἀνθρώπων
638 2269 732 2315 κοινοῖς
751 2257 864 2321 δόγμασι
883 2260 1031 2326 χρωμένων·
1050 2251 1318 2327 πλῆθοςοίνθρῶπων
1336 2248 1386 2307 v‘no

335 2336 413 2400 νόμον
429 2333 474 2392 τόν
493 2339 573 2394 αὐτόν
592 2341 680 2397 όντων.
699 2373 735 2386 -
769 2343 829 2396 Mr.

406 2431 482 2498 Quae
498 2442 540 2482 est
559 2433 627 2482 euim
646 2430 776 2497 civitnsP]
821 2431 851 2483 in
880 2431 1099 2485 antecedentibus
1118 2432 1185 2486 cod.
1211 2431 1260 2486 01.
1279 2448 1309 2496 ψ.
1335 2450 1384 2502 pro

334 2515 402 2584 pelli
420 2515 498 2571 babet
516 2519 613 2586 expelli
620 2539 629 2578 ,·
649 2517 699 2572 Ox.
719 2518 739 2571 Ι.
766 2529 828 2589 post
841 2529 933 2588 potest
952 2519 1044 2572 inserit
1070 2518 1184 2590 glossam
1211 2537 1281 2592 quae
1307 2519 1386 2571 nullu

334 2616 385 2659 est.
423 2604 481 2657 Crz.
501 2611 525 2658 2.
554 2605 633 2659 habet
657 2617 784 2677 quaeest
807 2608 877 2659 enim
894 2609 979 2658 Ιιαεο
1009 2607 1115 2664 civitas.
1160 2607 1216 2659 Pro
1242 2623 1312 2677 quae
1331 2613 1386 2655 eat

324 2693 426 2752 >enim
444 2691 542 2762 legitur
559 2692 587 2744 in
605 2692 673 2744 Edd.
698 2693 764 2746 Dav.
783 2704 810 2747 et
826 2694 888 2746 Par.
913 2697 992 2747 1512.
1013 2711 1100 2766 quae
1117 2693 1202 2744 enim
1220 2701 1278 2743 est:
1304 2689 1402 2761 quod,-

333 2799 397 2834 cum
416 2779 452 2832 vis
471 2781 502 2832 sit
521 2780 549 2832 in
568 2780 648 2833 verbo
666 2789 721 2845 est,
752 2781 878 2852 reprobat
896 2780 996 2834 Gernb.
1022 2780 1055 2834 ad
1076 2781 1131 2835 Cic.
1149 2781 1182 2833 de
1201 2778 1259 2833 Otf.
1277 2777 1323 2844 ΙΙΙ,
1342 2777 1385 2830 13.
1450 2808 1452 2813 -

333 2872 378 2922 55.
398 2871 505 2939 p.328.
540 2867 601 2920 Mr.

405 2957 529 3007 Omnisne
550 2967 695 3008 conventus
712 2957 795 3010 etiam
807 2959 928 3028 surum]
971 2957 1027 3026 „ita
1055 2956 1111 3010 Pal.
1133 2976 1173 3027 pr.
1198 2974 1231 3009 ac
1247 2963 1305 3008 tert.
1322 2955 1386 3007 item

333 3043 447 3097 Mauric.
467 3044 499 3096 V.
515 3044 581 3098 Fab.
607 3065 724 3117 quorum
749 3046 858 3100 ultimus
885 3048 965 3102 etiam
982 3049 1107 3119 surium,
1140 3044 1214 3116 quod
1239 3043 1385 3096 Gulielmio

334 3133 421 3204 aptius
430 3135 512 3185 visum
522 3134 555 3186 ad
571 3133 647 3201 ittud,
667 3134 739 3205 quod
751 3154 811 3187 mox
823 3135 905 3188 inient
918 3135 1111 3208 fugitivorum.
1149 3131 1257 3202 Vulgati
1270 3131 1386 3183 omnisne

334 3229 480 3272 conventus
501 3221 671 3290 ferorum.
717 3221 866 3275 Victoriani
892 3243 916 3277 ο.
941 3242 963 3277 c.
989 3223 1098 3273 etiam
1120 3221 1270 3291 ferornm.“
1299 3218 1386 3271 Gru·

334 3317 396 3360 ter.
414 3336 449 3344 —
485 3311 650 3373 Ferarum
666 3318 693 3358 et
710 3309 879 3361 immanium:
900 3309 946 3363 Sic
963 3308 1061 3362 babent
1079 3308 1148 3362 Edd.
1162 3326 1202 3376 pr.
1213 3307 1293 3358 etiam
1303 3303 1383 3357 MSS.

334 3392 453 3464 quidam.
490 3391 542 3444 Sed
562 3392 606 3444 aiii
626 3412 676 3463 pro
688 3394 815 3463 ferorum
832 3392 931 3448 babent
943 3388 1101 3466 surum‘vel
1115 3395 1234 3462 furium.
1276 3392 1329 3444 Sed
1355 3391 1383 3444 id

333 3500 391 3537 non
411 3479 535 3533 convenit
552 3481 673 3550 sequenti
686 3480 868 3536 immanium*
881 3480 958 3533 Ern.
994 3479 1147 3532 Gronovius
1161 3490 1249 3531 tamen
1262 3489 1288 3530 et
1298 3477 1385 3528 Grae·

332 3568 391 3619 vius
410 3565 528 3619 Grutero
547 3579 711 3638 paruerunt;
730 3566 955 3637 wyttenbachius
973 3577 1063 3619 autem
1082 3575 1187 3617 monet:
1216 3567 1319 3631 „Ferus
1341 3563 1383 3614 ‹ti-

334 3655 404 3709 citur
422 3652 518 3725 aliquis
536 3654 627 3707 animo
645 3656 680 3708 ita
700 3656 774 3708 rudis
789 3667 815 3709 et
833 3654 963 3721 incultus,
990 3666 1019 3708 ut
1037 3652 1128 3718 similis
1145 3651 1178 3705 sit
1190 3652 1288 3722 serae,
1312 3648 1383 3721 quod

335 3754 405 3798 esta
425 3737 616 3813 Graecooiip,
635 3750 746 3814 θηρίον,
772 3746 843 3797 unde
863 3745 960 3798 dicitur
977 3743 1058 3796 homo
1082 3736 1233 3812 θηριῶδρςι
1261 3737 1384 3790 immani-t

335 3843 424 3886 autem
443 3831 540 3885 dicitur
558 3833 655 3900 bestia,
683 3853 751 3905 quae
779 3853 807 3886 se
825 3832 965 3885 hominum
990 3831 1112 3884 manibus
1137 3830 1209 3900 tangi
1235 3847 1291 3881 non
1314 3825 1383 3881 sinit.

335 3918 435 3975 Contra
455 3921 535 3974 estin
556 3923 665 3975 nomine
684 3934 855 3986 mansuetus,
877 3923 948 3994 quod
969 3933 1007 3975 est
1024 3919 1115 3974 manui
1129 3919 1245 3972 suctua.“
1292 3915 1381 3983 Quam

334 4028 412 4081 saepe
421 4009 567 4080 iungantur
579 3995 663 4081 jerus
676 4022 701 4065 et
709 4009 840 4075 immanis,
854 4011 892 4062 vix
904 4023 941 4064 est
953 4010 1025 4083 quod
1036 4011 1155 4064 doceam.
1186 4006 1288 4061 Laudat
1301 4005 1382 4074 Βοός.

334 4094 391 4149 Cic.
411 4116 460 4168 pro
478 4098 558 4151 Rosc.
577 4096 639 4150 Am.
655 4103 706 4155 50:
731 4100 806 4168 Quae
824 4109 882 4150 tam
897 4099 962 4170 fera
979 4099 1154 4170 immanisque
1172 4092 1297 4147 natura?
1326 4092 1380 4144 Pro

334 4183 408 4237 Suiia
427 4189 476 4237 21:
494 4186 607 4237 Belluae
626 4187 757 4257 quaedam
773 4189 901 4240 immanes
919 4205 951 4238 αα
964 4187 1055 4258 ferae.
1092 4184 1161 4237 Add.
1177 4183 1254 4234 Verr.
1264 4184 1290 4245 2,
1303 4184 1327 4244 2,
1340 4182 1381 4232 21.

334 4271 419 4324 Aead.
438 4277 464 4339 2,
482 4276 579 4328 34.--
598 4272 739 4328 Omittitur
755 4277 846 4341 etium,
865 4274 938 4347 quod
957 4274 1047 4326 abesse
1065 4289 1119 4324 non
1140 4279 1233 4341 potest,
1252 4269 1279 4318 in
1295 4264 1380 4318 codd.
1467 4298 1473 4309 ·

333 4359 440 4412 Sueriu.
456 4360 517 4432 (qui
536 4372 626 4415 tamen
644 4360 725 4415 babet
743 4363 895 4434 vestigium,
923 4377 1085 4433 quamquam
1106 4358 1162 4408 sere
1179 4354 1310 4421 deletum,
1338 4372 1381 4406 ex-

333 4446 427 4500 bibens
445 4460 592 4503 conventus
609 4448 797 4521 effatorum)
815 4450 874 4505 Cn.
894 4455 920 4504 2.
940 4447 1020 4502 Drsd.
1040 4451 1065 4501 5.
1083 4445 1154 4499 Gud.
1173 4443 1205 4496 A.
1223 4441 1290 4497 Edd.
1310 4443 1380 4495 Crat.
