3450 5342
413 672 487 744 160
741 691 914 741 ιιιιιοιι
941 690 1134 741 srotoonua.

409 855 478 909 Vict.
496 852 565 907 Rob.
583 850 676 923 Stepb.
696 854 802 905 Camer.
822 850 893 903 Oliv.
912 861 963 904 eet:
987 850 1012 901 αι’
1037 850 1096 903 viro
1121 850 1175 901 siut
1198 848 1341 914 breviora,
1370 854 1464 907 leviora

408 943 566 1004 videantur,
589 934 653 994 item
677 939 760 1007 halt,
791 939 837 993 aed
863 948 945 999 runtt
981 935 1050 991 Edd.
1077 936 1171 991 bamb.
1195 935 1297 991 Colon.
1322 939 1358 997 H.
1385 943 1463 996 wott

412 1030 477 1083 Viso
496 1038 561 1081 aunt
581 1026 710 1094 breviora,
728 1028 830 1081 leviora
850 1028 898 1098 qui
913 1036 1040 1097 possunt,
1059 1044 1142 1096 quum
1162 1047 1212 1087 -,·
1229 1025 1299 1081 Edd.
1319 1026 1386 1082 Par.
1404 1049 1423 1081 s.
1441 1050 1461 1082 a.

409 1114 701 1187 etAsc.1511.quae
721 1113 1089 1169 rieuntvieabravt'oro:
1116 1112 1217 1166 leviora
1244 1114 1294 1186 qui
1308 1129 1460 1185 poarunt

407 1205 500 1260 videri.
547 1201 803 1257 SolaVem1514:
832 1202 870 1254 Si
887 1219 952 1253 ruo
968 1201 1024 1253 aiut
1042 1198 1177 1252 breviora:
1202 1200 1383 1275 levioraque
1405 1224 1460 1273 pos-

407 1295 463 1347 sint
480 1293 563 1346 andi
585 1292 651 1361 (aiot
682 1311 717 1346 an
744 1288 825 1344 voluit
849 1288 937 1343 editor
955 1286 1100 1355 otendit).
1138 1287 1205 1341 cod.
1233 1288 1333 1346 Duiab.
1357 1292 1384 1342 oi
1409 1293 1459 1344 viso

409 1391 472 1434 sunt
490 1381 619 1433 breviora.
652 1379 754 1431 leviora
782 1377 979 1429 videantur
1006 1394 1070 1446 quo
1093 1374 1199 1445 poarint
1224 1374 1320 1433 videri.
1359 1376 1457 1431 Suerin.

409 1485 478 1538 quae
497 1467 522 1517 ri
540 1467 599 1518 viro
617 1475 682 1518 aunt
700 1465 842 1517 leviora
860 1462 892 1515 si
911 1458 1033 1513 breviora
1049 1461 1096 1533 qui
1111 1476 1263 1532 potsunt
1279 1485 1334 1527 —,·
1355 1465 1459 1520 Gutt.

410 1553 440 1607 B.
460 1554 523 1607 item
544 1552 671 1606 omittunt
690 1570 774 1625 quoe,
802 1562 858 1605 turn
877 1548 911 1604 Α.
930 1550 1075 1608 interiora,
1103 1568 1153 1621 pro
1172 1550 1297 1614 levioro,·
1324 1553 1356 1606 B.
1375 1573 1406 1606 eo
1423 1556 1457 1605 di-

410 1662 479 1708 cere,
499 1661 548 1714 pro
567 1641 669 1702 vidert'5
689 1641 721 1693 A.
741 1639 840 1693 omittit
857 1637 957 1702 videri,
974 1655 1073 1710 quum:
1092 1648 1205 1710 uterque
1223 1639 1304 1694 babet
1323 1643 1388 1713 quir
1402 1662 1457 1712 pos-

408 1734 453 1793 sit.
490 1730 569 1783 Drsd.
586 1732 612 1783 1.
630 1747 700 1801 quae
719 1739 789 1780 tam
807 1728 831 1779 ai
849 1725 976 1779 brevio
1006 1724 1065 1777 vita
1084 1737 1167 1778 runt
1197 1725 1337 1793 breviora,
1367 1730 1457 1782 leviora

412 1819 601 1872 videantur
621 1817 669 1889 qui
688 1816 772 1869 videri
785 1823 963 1886 possuntt
983 1812 1064 1867 Drad.
1084 1818 1108 1866 2.
1128 1815 1153 1866 si
1170 1815 1229 1867 viro
1248 1828 1315 1868 runt
1336 1817 1456 1882 breviore,

408 1907 509 1959 leviora
528 1907 576 1977 qui
591 1906 715 1974 possint,
744 1923 827 1976 quum
846 1930 890 1960 -,
908 1900 989 1953 Drsd.
1008 1903 1034 1955 3.
1054 1911 1086 1952 et
1102 1901 1132 1953 εἰ
1149 1920 1214 1954 suo
1234 1903 1295 1955 viro
1312 1917 1381 1956 sunt
1407 1913 1456 1972 (ce-

410 2005 464 2047 tera
480 2004 510 2046 ut
526 1992 608 2045 Drsd.
626 1996 665 2056 Μ
685 1991 801 2046 natu.
823 1990 921 2044 omittit
940 2007 1010 2062 quoe
1031 2018 1065 2027 -
1086 1988 1221 2055 breviora,
1239 2002 1297 2045 tum
1317 1994 1417 2065 pergit:
1433 1996 1456 2046 ri

407 2081 541 2134 leviora
561 2081 728 2152 quisquis
744 2080 861 2150 possit
880 2097 917 2131 ea
937 2079 1065 2143 dicere,
1083 2097 1166 2150 quum
1182 2108 1232 2145 -‚
1260 2068 1343 2134 Drad.
1363 2087 1388 2137 5.
1405 2083 1457 2134 aed

408 2170 492 2220 boec
510 2168 535 2218 si
553 2169 612 2219 visa
630 2177 695 2219 runt
715 2167 753 2220 br.
772 2177 806 2218 et
824 2165 876 2218 lev.
895 2165 942 2237 qui
966 2166 1080 2234 possint.
1106 2168 1235 2239 quicquid
1251 2179 1386 2237 peccetur.
1429 2168 1455 2220 ln

407 2256 459 2310 hac
477 2266 548 2309 tanta
566 2254 713 2309 lectionum
732 2254 892 2310 confusione
910 2263 1016 2307 secutus
1043 2271 1103 2306 aum
1127 2272 1187 2306 eam
1204 2253 1363 2323 lectionem,
1394 2277 1455 2328 quae

409 2342 528 2416 proxime
554 2342 658 2397 accedit
684 2342 717 2396 ad
741 2341 924 2408 Orellianam‚
952 2342 989 2393 ita
1016 2351 1121 2408 tamen,
1151 2352 1180 2395 ut
1209 2342 1317 2397 ederem
1341 2356 1455 2415 pereunt,

409 2430 498 2504 quod,
518 2441 548 2484 ut
567 2429 694 2496 vidimus,
714 2440 752 2482 est
767 2430 795 2483 in
814 2429 918 2503 aliquot
936 2428 1010 2482 libris
1028 2429 1132 2501 scriptia
1150 2442 1176 2485 et
1194 2430 1285 2496 editis,
1304 2432 1399 2503 quibus
1415 2452 1454 2486 ac·

408 2519 507 2573 cedunt
525 2517 611 2572 Codd.
631 2516 833 2572 Bern.Cm.1.
865 2528 891 2571 et
910 2516 960 2570 Ed.
977 2516 1064 2573 Bentl.
1084 2518 1203 2573 Orellius
1228 2530 1317 2574 tamen
1338 2522 1453 2577 existimat

409 2609 491 2660 videri
510 2627 565 2660 esse
583 2626 598 2659 e
617 2606 710 2678 glosa,
736 2625 799 2661 eum
819 2605 887 2659 absit
911 2605 944 2659 ab
964 2606 1066 2679 aliquot
1083 2606 1172 2674 libris,
1201 2619 1227 2662 et
1245 2606 1315 2664 Cod.
1335 2610 1394 2665 Bas.
1411 2631 1452 2683 pro

409 2716 440 2749 eo
460 2695 554 2749 babeat
573 2696 678 2746 ostendi
693 2696 735 2763 (ut
754 2695 804 2747 Ed.
822 2697 892 2748 Ven.
913 2695 1020 2765 1514.);
1040 2695 1106 2749 absit
1125 2697 1188 2750 item
1208 2717 1223 2750 a
1242 2695 1311 2752 Cot.
1332 2697 1417 2753 Guett.
1433 2711 1453 2752 et

407 2786 434 2837 in
454 2784 521 2836 cod.
541 2783 600 2836 Bar.
621 2786 781 2852 transposito
800 2783 896 2835 ordine
916 2785 1001 2836 videri
1020 2786 1067 2856 qui
1083 2795 1206 2854 possunt.
1244 2785 1331 2841 Cuius
1348 2807 1398 2860 ego
1413 2786 1451 2838 viri

406 2873 584 2942 suspicionem
604 2871 638 2923 ita
658 2870 761 2940 probo,
781 2882 810 2924 ut
828 2871 934 2924 uncinis
952 2872 1090 2927 includere
1108 2891 1187 2926 auena
1204 2875 1254 2926 aim
1275 2877 1373 2940 videri,
1396 2875 1451 2929 abii·

407 2978 468 3014 cere
487 2977 543 3011 non
561 2956 683 3011 audeant.
716 2958 762 3010 Eat
781 2959 861 3011 etiam
879 2959 1025 3012 videantur
1043 2961 1071 3014 in
1092 2960 1156 3015 Οιι.
1174 2960 1206 3018 Ε.
1225 2963 1299 3017 1.·Ν.
1320 2963 1355 3016 U¹
1371 2983 1410 3030 o.,
1428 2963 1450 3015 in

406 3047 457 3098 Οι.
476 3045 507 3097 Ε.
528 3044 613 3096 videri
630 3054 677 3097 aut
695 3044 806 3113 offendi.
840 3045 901 3100 Mr.

478 3148 575 3203 quem,
603 3131 734 3204 quioquid
755 3142 899 3202 peccatur,
916 3135 979 3200 eto]
1022 3134 1138 3202 „Cicero
1170 3138 1266 3192 callide
1296 3153 1322 3194 et
1349 3139 1450 3195 oratorie

406 3218 475 3271 hanc
494 3217 692 3289 perorationem
710 3220 876 3290 composuit,
899 3220 1014 3275 utillud
1033 3224 1121 3294 ipsum
1146 3237 1276 3298 tanquam
1295 3230 1450 3285 demonsta-

406 3318 462 3359 tum
482 3316 603 3378 poneret,
623 3307 696 3378 qnod
715 3307 803 3362 adhuc
815 3318 872 3362 erat
883 3309 1134 3379 demonstrandum,
1154 3314 1284 3368 nimirum
1301 3320 1373 3371 nilu'l
1385 3336 1450 3391 pore

406 3395 484 3459 addi,
503 3413 556 3466 quo
573 3397 661 3467 magis
675 3399 784 3465 peccori
798 3417 878 3468 poree
895 3400 1040 3465 rideatur,
1059 3402 1077 3454 i.
1096 3421 1118 3455 e.
1136 3401 1170 3454 ad
1190 3403 1301 3476 aliquod
1321 3416 1449 3479 peceatum

407 3481 471 3535 nihil
490 3500 570 3553 potae
585 3482 661 3551 addi,
681 3504 730 3557 per
752 3507 834 3558 quam
853 3489 1018 3542 additionem
1036 3489 1088 3544 boo
1101 3502 1243 3563 peccatum
1263 3496 1351 3548 maius
1368 3513 1449 3567 peeca-

406 3584 461 3625 tum
481 3591 537 3624 esse
551 3572 678 3627 videatur.
727 3574 756 3628 si
784 3576 952 3647 syllogismus
976 3579 1110 3632 oratorius
1128 3580 1157 3632 in
1182 3581 1298 3635 formam
1319 3581 1449 3656 syllogismi

405 3659 536 3713 dialectici
559 3661 710 3731 redigatur,
736 3664 827 3717 vitium
847 3667 904 3719 eius
921 3667 1007 3738 magis
1024 3668 1172 3738 apparebit.
1219 3669 1266 3725 Eat
1284 3683 1374 3724 autem
1392 3670 1449 3723 eiur-

300 3754 310 3775 “
405 3747 498 3799 modi:

405 3834 447 3898 st,
467 3833 595 3904 quicquid
617 3846 758 3904 peccatur,
785 3840 985 3908 perturbatione
1015 3845 1124 3897 rationis
1141 3855 1223 3916 atque
1241 3848 1349 3901 ordinis
1366 3862 1448 3920 pecct-

441 3932 500 3985 tur,
526 3922 679 3991 perturbata
705 3935 793 3978 autem
819 3928 899 3980 semel
926 3932 1029 3983 ratione
1053 3944 1134 4004 atque
1163 3934 1259 3987 ordine
1288 3936 1354 3988 nihil
1377 3941 1449 4006 potet

439 4008 515 4074 addi,
535 4019 563 4061 ut
583 4023 722 4080 peccatum
742 4018 914 4070 commissum
935 4040 983 4091 per
1001 4019 1071 4075 banc
1090 4021 1255 4074 additionem
1266 4025 1448 4096 maiuspecot·

440 4109 496 4150 tum
516 4115 570 4149 esse
589 4099 722 4167 videatur3
742 4104 879 4175 sequitur,
899 4109 990 4161 omnia
1010 4121 1117 4179 peecata
1137 4128 1192 4163 ease
1210 4113 1349 4183 aequalia=

405 4186 505 4257 Atqui,
526 4186 655 4258 quicquid
676 4203 810 4260 peccatur,
831 4195 1033 4263 perturbatione
1052 4197 1162 4251 rationis
1180 4208 1262 4269 atque
1280 4201 1385 4255 ordinis
1398 4216 1449 4272 pec·

440 4286 531 4341 catur,
555 4287 582 4329 et
600 4280 754 4347 perturbata
772 4280 853 4333 semel
873 4282 977 4335 ratione
996 4296 1022 4338 et
1040 4286 1134 4338 ordine
1154 4285 1219 4339 nibil
1238 4298 1328 4356 potest
1347 4289 1380 4342 ad
1398 4303 1448 4357 pet·

441 4372 528 4414 catum
548 4365 618 4431 addi,
637 4377 666 4419 ut
686 4387 734 4438 per
744 4368 815 4422 bane
828 4370 992 4427 additionem
1008 4376 1093 4429 maius
1103 4384 1242 4445 peceatum
1258 4395 1315 4429 ease
1329 4377 1450 4434 videnum

404 4447 476 4519 Ergo
498 4466 605 4521 peccato
625 4457 716 4511 omnia
735 4470 796 4514 sunt
813 4460 943 4529 aequalia.
