3450 5342
392 672 398 681 '
434 745 436 748 Α
463 679 700 731 reomensem
728 680 770 725 ιιι
799 680 967 729 ciceronis
990 682 1173 732 rensuum.
1257 687 1339 733 xxm

286 841 372 895 raudo
394 839 524 894 illusionis
550 841 600 894 rim
628 840 736 906 tollere,
765 843 921 910 praesertim
959 862 1044 915 quum
1074 862 1102 896 er
1128 844 1177 897 isto
1202 845 1276 900 sonte
1304 847 1337 900 ad

285 931 381 983 iustam
403 928 559 982 facinorum
584 928 784 1000 castigationem
810 949 844 982 ne
862 949 931 1002 opus
958 931 1066 1002 quidem
1094 942 1161 989 suet
1183 945 1338 1004 argumenta

285 1018 401 1071 baurire.
438 1017 544 1073 Notavit
561 1015 657 1070 Cicero
676 1015 736 1069 ritia
756 1015 897 1069 bominum
916 1017 1002 1088 qualis
1020 1017 1070 1071 suit
1080 1018 1205 1084 Clodius,
1222 1017 1338 1085 Crassus,

285 1105 427 1160 Lucullus:
445 1105 491 1176 qui
509 1105 531 1157 si
550 1103 650 1158 mortui
669 1114 760 1168 erant,
791 1102 819 1156 in
838 1103 969 1157 eiusmodi
995 1105 1141 1177 scriptione
1160 1106 1248 1160 notari
1265 1118 1342 1178 pote·

285 1204 348 1247 rant
359 1194 463 1246 minore
475 1211 537 1246 cum
548 1191 653 1258 insidia,
672 1201 698 1244 et
709 1201 798 1244 tamen
811 1192 971 1262 gravissime.
1008 1191 1065 1258 „lta
1084 1193 1133 1259 (sic
1144 1191 1246 1247 Gernb.
1255 1194 1342 1249 intro-

284 1281 432 1347 „ductione
444 1280 571 1351 extrema)
584 1277 786 1350 quodammodo
797 1278 849 1332 dici
863 1278 898 1332 de
909 1277 958 1333 bac
971 1280 1094 1333 vitiorum
1107 1280 1344 1353 vituperandorum

285 1369 425 1436 „ratione,
444 1387 515 1440 quae
534 1368 563 1420 in
580 1365 727 1420 Paradosis
744 1364 967 1436 deprehenditur,
992 1366 1057 1419 illud
1079 1378 1178 1438 potest,
1197 1369 1270 1439 quod
1288 1369 1345 1441 ipse

283 1454 402 1522 „Cicero
419 1454 454 1508 de
472 1466 594 1526 tempore
612 1471 769 1506 sermonum
787 1452 820 1505 de
838 1452 951 1506 Finibus
968 1454 1060 1508 scribit
1079 1455 1112 1508 ad
1131 1456 1248 1509 Atticum
1259 1458 1343 1523 (xm,

284 1544 383 1611 „lb-h
402 1560 453 1597 cur
469 1543 505 1596 ita
523 1540 670 1596 confecerit
689 1540 811 1612 quinque
829 1539 912 1594 libros
930 1546 990 1612 περὶ
1007 1544 1097 1609 saleis,
1117 1554 1146 1596 ut
1164 1543 1296 1615 Epicurea
1315 1546 1344 1598 L.

283 1630 462 1703 „Torqrnto,
480 1629 571 1684 Stoica
589 1628 628 1682 M.
647 1625 760 1694 Catoni,
780 1624 972 1698 περιπατητικά
989 1628 1028 1681 Μ.
1047 1629 1138 1683 Pisoni
1157 1630 1245 1686 daret:
1266 1630 1341 1702 α’ζη-

284 1719 524 1787 ..dordunum
542 1717 645 1789 inquit,
668 1716 700 1767 id
710 1715 776 1786 sors
793 1714 941 1785 putabam,
971 1717 1043 1789 quod
1060 1736 1147 1770 omnes
1163 1719 1206 1770 illi
1224 1720 1339 1772 decesse-

282 1809 398 1873 ,‚rout.“
442 1804 545 1864 Eodem
571 1804 641 1870 lere,
676 1822 730 1874 quo
764 1801 1011 1872 Gernbardus,
1035 1815 1157 1878 tempore
1181 1806 1342 1877 Morgen-

283 1891 444 1945 sternins
461 1891 567 1962 scripsit
584 1909 631 1944 sua
648 1888 676 1943 iu
696 1889 752 1944 cic.
770 1890 909 1944 Paradoxa
927 1890 1133 1964 Prolegomena.
1178 1895 1203 1947 ls
1222 1894 1261 1947 vir
1283 1895 1340 1967 pri*

284 1998 361 2032 mum
380 1999 408 2032 se
425 1980 459 2033 ab
477 1979 510 2032 Η.
527 1977 632 2031 Wolfio
650 1977 786 2031 dissentire
804 1978 856 2043 ait,
876 1978 922 2049 qui
941 1978 1077 2034 Paradoxa
1095 1981 1194 2052 scripta
1210 1981 1341 2035 existima-

283 2069 329 2120 bat
347 2067 504 2122 dominante
523 2066 652 2132 Caesare,
682 2077 743 2139 post
764 2067 875 2120 Catonis
898 2066 1049 2134 interitum,
1075 2069 1203 2122 nimirum
1222 2079 1253 2122 ut
1270 2069 1341 2123 Bru-

284 2165 351 2220 tum,
371 2166 516 2209 monstrata
534 2154 679 2208 honestatis
696 2163 722 2207 et
741 2153 843 2206 virtutis
861 2153 1024 2221 excellentia,
1042 2156 1075 2209 ad
1096 2157 1204 2210 caedem
1223 2156 1343 2211 Caesaris

285 2243 417 2296 animaret
443 2256 524 2316 atque
549 2253 675 2297 armaret.
718 2241 856 2312 Scriptum
884 2262 940 2296 esse
964 2242 1084 2297 libellum
1110 2244 1166 2298 viro
1191 2243 1294 2298 Catone
1313 2265 1342 2299 ex

285 2331 430 2384 Prooemio
448 2349 511 2384 cum
529 2330 664 2404 plerisque
682 2328 741 2382 aliis
759 2340 863 2383 certum
880 2349 935 2383 esse
955 2331 1106 2385 contendit:
1135 2350 1186 2385 nec
1205 2351 1266 2384 sero
1294 2351 1342 2384 ne—

286 2436 357 2472 cesse
375 2418 412 2470 ait
439 2437 508 2484 esse,
534 2428 564 2472 ιιι
591 2417 737 2470 secundum
760 2416 919 2469 Paradoxon
938 2437 1001 2471 cum
1032 2417 1156 2472 Scbiitzio
1187 2420 1215 2473 in
1239 2439 1341 2475 anuum

285 2512 347 2564 697.
376 2506 539 2572 reiieiamns,
572 2505 601 2557 in
626 2523 707 2576 quem
727 2502 866 2557 Scbiitsius
884 2503 955 2559 dicat
973 2505 1096 2559 incidisse
1119 2507 1224 2560 furores
1244 2507 1340 2560 Clodii.

286 2595 397 2651 Etiamsi
410 2593 482 2648 enim
501 2593 540 2646 vel
559 2593 677 2646 maxime
689 2590 816 2645 Clodium
835 2591 1003 2663 significaret,
1022 2596 1137 2665 potuisse
1154 2606 1242 2648 tamen
1261 2593 1343 2648 animi

285 2681 498 2739 commotionem
525 2680 651 2733 Ciceroni
679 2699 720 2733 res
743 2691 943 2751 repraesentare
969 2682 1131 2752 praeteritas.
1176 2682 1234 2736 Nec
1259 2674 1343 2754 magis

284 2770 360 2824 audit
378 2767 549 2834 Scbiiteinm,
568 2787 592 2820 a.
612 2766 647 2821 U.
666 2787 690 2821 c.
707 2772 769 2824 698.
794 2769 925 2841 scriptum
951 2789 1007 2822 esse
1033 2769 1240 2822 contendentem
1258 2770 1342 2824 Para-

286 2857 376 2910 doxon
400 2866 521 2921 sextum,
546 2874 601 2927 quo
625 2853 734 2909 Crassus
759 2876 821 2910 cum
845 2856 977 2929 Pompeio
1001 2857 1148 2911 secundum
1174 2857 1340 2911 consulatum

286 2955 400 3016 gereret.
436 2943 533 2997 Melius
559 2943 711 2998 consultum
736 2945 769 2998 iri
794 2946 924 3000 existimat
942 2944 1081 3000 Ciceronis
1104 2943 1219 3016 gloriae,
1244 2945 1265 2997 si
1291 2957 1344 2999 sta-

286 3046 405 3098 tuamus,
433 3030 498 3084 illud
523 3050 635 3103 parsum
662 3033 822 3103 opusculum
846 3032 1019 3089 lucubratum
1045 3032 1269 3087 contractioribus
1288 3033 1340 3086 iam

287 3121 426 3183 noctibus,
452 3118 525 3190 quod
553 3138 609 3174 non
637 3139 692 3173 esse
710 3121 781 3175 dicat
799 3108 828 3177 ui
852 3123 881 3175 iu
900 3141 961 3177 arce
987 3122 1053 3195 poni
1081 3122 1177 3194 possit,
1202 3124 1343 3194 perpaucis

286 3207 410 3261 noctibus
428 3225 483 3258 esse
501 3205 690 3278 profligatum,
719 3227 801 3280 quam
825 3210 859 3266 si¹
872 3210 954 3265 libelli
973 3209 1115 3282 particulas
1131 3210 1239 3265 diversis
1256 3211 1342 3276 anuis,

285 3296 369 3367 iisque
388 3294 451 3349 satis
468 3294 639 3361 distantibus,
659 3314 714 3348 esse
734 3295 882 3351 elaboratas
898 3316 1048 3364 sumamus,
1076 3296 1226 3351 rationibus
1245 3317 1340 3368 parum

284 3382 370 3436 sirmis
382 3383 461 3436 moti:
481 3382 634 3454 praesertim
646 3403 729 3454 quum
749 3385 828 3438 verba
847 3385 901 3451 „bi
907 3406 920 3438 s
939 3387 949 3437 i
955 3404 1004 3436 om
1022 3383 1246 3437 contractioribus
1255 3386 1341 3438 noctis

285 3470 485 3524 lucubratum·
504 3489 561 3522 rem
580 3470 660 3542 plane
676 3471 809 3525 conficere
828 3473 976 3526 videantur.

358 3558 453 3629 Neque
471 3557 684 3628 Borgersius
702 3560 735 3612 ab
754 3579 785 3612 ea
805 3559 934 3612 sententia
954 3558 1056 3611 alienus
1073 3568 1120 3622 est,
1139 3555 1275 3626 additque,
1293 3553 1340 3607 Ci-

285 3665 414 3701 ceronem
433 3644 514 3700 rideri
531 3666 620 3700 mores
640 3648 725 3719 magis
742 3666 852 3701 suorum
872 3645 1013 3700 bominum
1031 3663 1064 3699 ac
1076 3655 1238 3713 temporum,
1258 3662 1339 3719 quam

284 3747 371 3789 certos
391 3733 520 3805 quosdam
538 3736 622 3802 viros,
642 3735 836 3805 perstrinxisse:
854 3734 918 3789 binc
937 3735 1016 3788 etiam
1035 3732 1120 3796 effici,
1139 3741 1168 3785 ut
1186 3730 1339 3783 decennium

284 3824 348 3877 illud
369 3825 422 3885 (est
440 3821 505 3876 baec
523 3842 570 3874 ros
588 3821 660 3893 apud
670 3821 726 3890 B.),
746 3823 818 3895 quod
837 3822 986 3877 secundum
1005 3819 1158 3875 Sebiitzium
1176 3818 1340 3890 interquor-

283 3923 343 3962 tum
361 3910 518 3963 Paradoxon
538 3921 563 3964 et
581 3910 755 3964 Prooemium
779 3909 926 3977 effluxerit,
945 3909 1024 3980 plane
1043 3908 1159 3965 tollatur.
1206 3905 1261 3975 Qui
1281 3918 1341 3979 post

283 3997 456 4068 Borgersium
474 3997 507 4050 de
527 4008 649 4068 ternpore
667 3997 832 4069 loquuntur,
857 4017 912 4068 quo
931 3996 1036 4050 libellus
1059 4007 1149 4049 noster
1167 3995 1281 4067 scriptus
1299 3995 1337 4046 ri-

283 4086 394 4150 deatur,
415 4084 556 4157 plerique,
582 4085 745 4139 Nobbius
764 4085 842 4138 etiarn
869 4097 894 4138 et
918 4084 969 4138 boc
996 4085 1054 4155 ipso
1072 4102 1144 4139 anno
1168 4082 1338 4137 Baebrius

282 4172 362 4236 (Hist.
380 4172 441 4226 Litt.
460 4172 568 4225 Romm.
587 4173 619 4225 T.
638 4172 670 4225 ΙΙ.
689 4194 715 4244 p.
732 4175 785 4227 443
804 4175 893 4245 sqq),
920 4192 975 4226 non
995 4172 1085 4244 magist
1095 4170 1218 4225 Scbiitzio
1239 4167 1338 4221 suifra-

281 4266 395 4331 gantur,
415 4279 496 4331 quam
515 4258 690 4315 Gernbardus
708 4272 733 4315 et
747 4261 990 4334 Morgensternius‚
1010 4260 1045 4313 ita
1061 4270 1151 4313 tamen
1163 4267 1193 4309 ut
1211 4254 1338 4310 Bacbrius

280 4350 379 4420 scripta
398 4348 469 4402 dicat
485 4347 620 4401 Paradosa
640 4350 729 4420 paullo
749 4361 809 4421 post
826 4349 909 4404 libros
924 4349 957 4401 de
977 4346 1099 4409 Officiis,
1128 4354 1188 4414 post
1217 4345 1335 4398 Caesaris

280 4437 435 4503 interitum,
472 4437 656 4507 scriptamque
679 4438 828 4492 orationem
853 4435 1030 4506 Pbilippicam
1061 4431 1215 4487 secundam.
1269 4431 1335 4486 Mibi
