3450 5342
610 693 806 743 rtntnoxon
824 696 847 741 t.
889 695 960 742 etr.
978 695 1014 742 u.
1285 669 1335 746 59

285 851 441 906 Delectatio
459 863 499 906 est
516 852 591 926 quasi
611 853 696 922 actio,
719 853 830 905 deliciae
847 863 936 907 autem
958 853 1085 920 effectus,
1110 863 1136 908 et
1153 853 1231 907 simul
1249 855 1335 909 meio·

285 958 345 992 rem
364 949 441 994 notat
456 940 594 1010 aflectum,
611 952 642 998 ut
659 941 802 995 delectatio
820 942 926 1011 saepius
944 941 1015 994 bone
1034 934 1235 1012 significatione,
1255 960 1336 1010 quum

287 1025 400 1078 deliciae
418 1033 590 1100 usurpetur.“
608 1059 644 1068 -
672 1031 727 1083 Pro
751 1029 908 1099 voluptates
932 1027 999 1086 Cod.
1019 1028 1091 1085 Gud.
1110 1027 1141 1082 C.
1165 1028 1337 1095 uoluptatem.

287 1114 349 1167 Ald.
363 1115 438 1170 Man.
451 1116 518 1170 alios
535 1117 624 1188 legere
641 1117 706 1172 dicit
720 1127 785 1171 out
805 1117 964 1186 voluptatis.
1000 1116 1038 1168 Ex
1052 1115 1151 1170 nostris
1163 1113 1262 1181 nullus.
1280 1115 1337 1169 Mr.

359 1204 455 1256 Ponite
472 1215 537 1257 onte
555 1206 657 1274 oculos]
685 1204 753 1259 cod.
779 1203 830 1257 Ox.
850 1222 875 1258 σ.
899 1206 997 1258 Ponite
1023 1205 1121 1258 vobis
1148 1214 1213 1256 unte
1240 1201 1338 1255 oculos.

286 1286 369 1343 Bern.
388 1300 414 1344 et
429 1290 509 1347 Drsd.
527 1296 554 1346 1.
571 1295 664 1364 ponite
681 1303 746 1346 onte
765 1293 855 1349 oculos
873 1302 1024 1347 uestros.
1060 1291 1183 1363 Utraque
1200 1289 1281 1344 lectio
1301 1298 1340 1343 est

286 1376 446 1446 glossatoris.
480 1380 586 1435 Laudat
601 1380 679 1436 ndb.
698 1381 716 1435 l.
735 1381 818 1452 liorq.
837 1379 895 1435 Cic.
914 1399 965 1452 pro
983 1380 1057 1452 Rege
1073 1378 1164 1434 Deiotss
1181 1381 1232 1434 15:
1257 1381 1339 1432 ltro-

284 1481 372 1532 pone
396 1466 447 1517 tibi
473 1468 541 1520 duos
567 1488 682 1540 reges,
706 1479 734 1522 et
751 1469 782 1521 id
798 1469 888 1522 auimo
906 1469 1100 1538 contemplare,
1129 1468 1201 1540 quod
1224 1466 1340 1521 oculis

287 1572 339 1604 non
355 1564 449 1623 potes:
467 1555 593 1628 additque
611 1557 764 1629 promiscue
782 1555 908 1628 usurpari
920 1575 1025 1625 ponere,
1039 1572 1193 1625 proponere,
1209 1563 1339 1616 statuere,

289 1642 452 1694 constituere
470 1654 535 1697 onte
553 1644 658 1710 oculos,
683 1645 795 1699 laudens
811 1644 892 1698 Auct.
909 1644 942 1698 nd
960 1643 1079 1697 Herenn.
1098 1641 1145 1709 lV,
1163 1644 1210 1708 tt;
1235 1642 1270 1695 de
1286 1641 1339 1695 Or.

284 1723 376 1790 1,51;
402 1728 475 1783 Part.
491 1728 569 1783 Orat.
588 1734 614 1784 li.
631 1749 682 1801 pro
700 1731 831 1791 Mure-2.
850 1731 915 1802 ibiq.
932 1730 998 1785 Ern.
1031 1730 1092 1784 Mn.

362 1814 455 1867 Vultis
482 1833 500 1867 o
527 1818 673 1885 Romulol]
703 1817 771 1870 Edd.
801 1819 904 1881 vultis,
932 1818 1105 1887 incipiam
1133 1837 1150 1870 u
1178 1817 1338 1870 Romulo-W

285 1900 407 1955 Graes.
423 1921 480 1957 sar.
499 1903 560 1958 lect.
598 1906 676 1971 „Vox
700 1905 827 1975 incipiam
850 1924 906 1959 non
925 1916 964 1959 est
982 1906 1011 1959 in
1028 1906 1084 1960 Pel.
1103 1925 1156 1961 sec.
1179 1917 1239 1962 tert.
1258 1917 1339 1973 sexto,

285 1989 343 2042 imo
362 2009 397 2043 ne
418 1991 526 2062 quidem
546 1992 575 2045 in
598 1993 629 2048 F.
647 2005 694 2048 aut
711 1993 750 2047 Μ.
770 2003 796 2046 et
819 2013 881 2046 uero
904 1993 1020 2047 editione
1044 2013 1091 2047 sua
1112 1993 1227 2048 excludit
1245 1993 1341 2047 Victo·

286 2077 351 2131 rius.
382 2079 414 2132 V.
434 2090 460 2133 et
477 2078 536 2134 Pal.
555 2100 595 2152 pr.
611 2081 668 2136 eius
684 2081 747 2136 loco
764 2081 863 2135 babent
881 2083 1020 2154 incipere-‘⁴
1038 2081 1178 2136 Gruteu
1216 2080 1270 2135 Sed
1290 2098 1338 2134 ne-

287 2186 341 2239 que
358 2167 386 2220 in
405 2169 583 2237 membranis,
610 2170 708 2242 quibus
721 2190 790 2226 usus
808 2181 901 2242 pater,
927 2170 1073 2242 exquibus
1095 2171 1174 2224 etiam
1192 2189 1254 2223 mor
1274 2188 1339 2238 pro·

286 2254 361 2308 duxit
377 2257 509 2315 escendit,
525 2257 573 2311 ubi
592 2258 672 2330 vulgo
691 2261 838 2312 ascendit.“
856 2258 1008 2312 Gronov.
1042 2258 1144 2326 „Recte
1163 2277 1226 2312 sane
1244 2257 1341 2311 Victo·

286 2344 344 2397 rius
364 2343 457 2398 delevit
474 2345 616 2415 incipiam,
633 2343 784 2402 secundum
806 2347 923 2418 optimos
941 2343 1060 2401 Codices.
1089 2365 1140 2400 nec
1157 2356 1227 2399 estat
1243 2364 1273 2398 ea
1292 2363 1339 2398 sos

286 2430 315 2484 in
334 2429 491 2486 Pitboeano.
529 2433 623 2486 Vultis
640 2453 658 2486 o
675 2433 811 2488 Romulo?
837 2452 874 2488 sc.
892 2431 1050 2505 exemplum.
1087 2433 1205 2500 Mirum,
1222 2433 1266 2487 bic
1282 2453 1338 2486 non

285 2519 407 2573 auditum
423 2519 577 2574 victorium
596 2532 623 2576 et
640 2522 755 2588 codices,
776 2521 886 2576 cumin
905 2521 992 2576 stetim
1010 2522 1183 2594 sequentibus
1200 2531 1271 2575 recte
1291 2538 1338 2575 co-

285 2607 377 2661 dicum
396 2607 477 2661 fidem
496 2610 600 2679 sequuti
620 2609 672 2664 sint
690 2610 822 2664 Gruterus
840 2609 943 2664 etalii:
966 2609 1060 2680 Quid?
1084 2629 1102 2661 u
1122 2611 1212 2661 Numa
1230 2606 1338 2675 Pompi-

285 2694 367 2748 lio?“
387 2693 570 2748 Graevius.
608 2697 763 2768 „intelliges
790 2699 938 2770 exemplum
954 2708 1051 2768 potere.
1087 2697 1119 2749 ln
1137 2695 1212 2750 libris
1229 2695 1340 2767 quibus-

286 2782 348 2837 dam
368 2782 474 2853 scriptis
491 2794 518 2837 et
535 2783 610 2838 editis
628 2795 667 2838 est
683 2786 799 2856 incipere
821 2797 867 2840 aut
889 2785 1031 2855 incipiam:
1058 2803 1128 2856 quac
1151 2794 1214 2837 sunt
1238 2783 1339 2854 glossae

285 2890 343 2926 non
362 2869 481 2924 bonae.“
499 2869 573 2925 Ern.
609 2871 693 2938 „Scit
708 2875 863 2944 exemplum.
898 2873 1026 2945 Plerique
1046 2872 1152 2936 Vultis,
1170 2872 1339 2940 incipiam

286 2977 304 3009 a
322 2959 454 3020 Romulo‚·
477 2958 522 3013 sed
541 2978 634 3015 vocem
651 2963 797 3017 secundam
814 2962 940 3019 nesciunt
958 2957 1253 3029 Victorius,-Gmevius
1271 2961 1340 3014 etc.“

285 3044 413 3100 Olivet.
817 3100 821 3107 ,
910 3059 922 3091 ’-

361 3134 453 3188 Vultis
470 3155 488 3186 a
504 3136 650 3205 Romulei]
671 3135 715 3190 ΑΙ.
733 3136 835 3191 addunt
853 3137 989 3208 incipiam,
1006 3137 1041 3192 el.
1060 3137 1182 3207 incipere.
1219 3133 1297 3205 Apte,
1317 3132 1338 3186 si

284 3221 386 3277 addere
402 3223 581 3279 necessarium
600 3236 675 3294 esset,
693 3225 765 3298 quod
784 3225 922 3298 eleganter
938 3225 1044 3281 reticeri
1061 3224 1157 3297 potuit,
1176 3233 1202 3276 et
1220 3222 1247 3274 in
1267 3227 1338 3293 opti·

285 3310 337 3364 mis
354 3309 492 3365 codicibus
509 3310 598 3364 deesse
617 3312 703 3366 critici
721 3313 900 3371 adverterunt.
935 3314 1033 3368 Face.

361 3402 388 3451 V
387 3398 454 3450 ultis
471 3416 490 3447 α
507 3397 655 3464 Romulol]
677 3397 920 3464 „subaudiendum
938 3410 977 3453 est
994 3399 1169 3468 incipiamus,
1186 3397 1336 3449 ordiamur:

283 3502 406 3559 quorum
430 3483 504 3555 prius
527 3483 617 3536 multis
640 3483 669 3537 in
688 3482 776 3538 codd.
799 3496 893 3541 exstet:
917 3503 1077 3556 perperam
1105 3493 1143 3536 est
1160 3482 1231 3535 enirn
1250 3482 1338 3534 brevi·

283 3572 425 3645 loquentia
446 3570 554 3641 optimis
572 3571 722 3644 quibusque
736 3572 912 3645 scriptoribus
924 3573 1047 3626 usitata.“
1063 3568 1237 3641 Wyttenb.
1274 3567 1339 3634 „sic

284 3665 438 3734 loquuntur
459 3659 593 3716 omittitur
614 3659 682 3716 Pbil.
702 3660 789 3728 t,1t:
815 3662 869 3714 Sed
891 3660 971 3715 iidem
993 3659 1035 3711 illi
1059 3661 1101 3711 ito
1127 3675 1243 3716 mecum
1271 3653 1339 3709 Phil.

285 3749 346 3814 Vll,
364 3751 396 3803 li:
422 3748 483 3819 quis
501 3766 621 3819 unquam
638 3767 727 3805 omnes
745 3748 856 3803 tribus?
881 3751 942 3822 quis
960 3776 994 3790 -
1013 3745 1167 3800 militares?
1192 3745 1238 3799 ubi
1257 3744 1339 3798 omis-

285 3857 345 3892 sum
359 3848 410 3890 est:
428 3834 525 3892 lubuit
541 3836 570 3888 in
583 3835 742 3906 potestate?
778 3835 821 3890 Cl.
837 3837 871 3891 nd
888 3848 1032 3908 utrumque
1047 3833 1137 3889 locum
1151 3832 1339 3887 Garatonius.“

286 3927 386 3996 Borg.
422 3922 483 3977 Est:
505 3924 589 3976 vultis
607 3943 626 3976 α
643 3925 758 3979 Romulo
775 3927 932 3996 incipere
949 3926 977 3978 in
997 3922 1083 3978 Codd.
1103 3924 1162 3979 Bas.
1182 3920 1248 3974 Osn.
1265 3920 1297 3974 E.
1317 3922 1336 3973 l.

287 4015 321 4068 U.
340 4034 366 4082 η.
384 4029 414 4076 ψ.
432 4009 490 4066 Cre.
511 4014 535 4066 1.
553 4011 625 4067 Gud.
640 4011 671 4067 C.
689 4013 769 4067 Drsd.
788 4017 814 4067 1.
830 4018 856 4074 3.
882 4014 932 4071 Ed.
951 4013 1010 4067 Asc.
1023 4014 1102 4067 1511.
1121 4022 1148 4065 et
1163 4009 1247 4064 Puris.
1266 4029 1286 4061 s.
1300 4025 1338 4071 ως

286 4103 337 4158 Ox.
357 4101 388 4154 E.
403 4109 463 4172 post
482 4099 567 4153 voltis
585 4100 714 4157 insertum
732 4101 811 4157 babet
825 4103 905 4172 prius
912 4123 922 4164 ,·
950 4101 1032 4157 Drsd.
1049 4104 1075 4157 5.
1100 4099 1191 4157 habel:
1216 4096 1302 4150 vultis
1319 4113 1337 4145 ⁰

286 4187 422 4243 Romulo?
439 4187 562 4256 incipe.
599 4188 648 4243 Ed.
669 4200 718 4244 vet.
738 4209 781 4261 ap.
801 4188 912 4243 Meusel.
931 4190 1017 4242 vultis
1034 4187 1187 4253 incipero
1205 4180 1335 4240 Romulvi

285 4278 355 4332 Edd.
373 4278 441 4329 Ven.
458 4277 537 4331 1181.
556 4278 635 4335 1491.
653 4281 733 4334 1511.
758 4277 843 4333 Paris.
861 4282 941 4334 1501.
960 4279 1040 4330 1512.
1064 4271 1150 4341 Luqd.
1168 4271 1248 4322 1515.
1271 4265 1337 4336 Arg.

285 4370 366 4422 1515.
385 4362 465 4417 ttdtt.
480 4364 515 4432 (s.
533 4364 549 4420 l.
568 4374 595 4418 et
612 4365 650 4434 a.)
668 4377 694 4421 et
714 4367 756 4420 ed.
773 4387 829 4440 pre.
847 4367 923 4437 Mog.
940 4366 1021 4418 1115.
1039 4358 1124 4411 voltis
1142 4357 1301 4424 incipere
1319 4373 1336 4406 ⁶

285 4449 418 4512 tranunt
454 4448 517 4509 Sola
537 4463 626 4511 nostre
640 4452 708 4509 Rob.
723 4453 814 4526 Stepb.
833 4475 895 4516 eum
915 4451 1000 4511 Codd.
1020 4445 1129 4517 reliquis
1147 4457 1173 4500 et
1190 4444 1258 4503 Edd.
1276 4443 1337 4502 inde
