<?xml version="1.0" encoding="UTF-8"?>
<!DOCTYPE html PUBLIC "-//W3C//DTD XHTML 1.0 Transitional//EN"
    "http://www.w3.org/TR/xhtml1/DTD/xhtml1-transitional.dtd">
<html xmlns="http://www.w3.org/1999/xhtml" xml:lang="en" lang="en">
 <head>
  <title>
</title>
<meta http-equiv="Content-Type" content="text/html;charset=utf-8" />
  <meta name='ocr-system' content='tesseract 3.04.00' />
  <meta name='ocr-capabilities' content='ocr_page ocr_carea ocr_par ocr_line ocrx_word'/>
</head>
<body>
  <div class='ocr_page' id='page_1' title='image "./paradoxa00wyttgoog_0170.png"; bbox 0 0 3450 5342; ppageno 0'>
   <div class='ocr_carea' id='block_1_1' title="bbox 347 644 1070 717">
    <p class='ocr_par' dir='ltr' id='par_1_1' title="bbox 347 644 1070 717">
     <span class='ocr_line' id='line_1_1' title="bbox 347 644 1070 717; baseline -0.008 0"><span class='ocrx_word' id='word_1_1' title='bbox 347 644 418 717; x_wconf 87' lang='grc'>102</span> <span class='ocrx_word' id='word_1_2' title='bbox 679 667 851 713; x_wconf 74' lang='lat' dir='ltr'>rsusooxs</span> <span class='ocrx_word' id='word_1_3' title='bbox 876 665 1070 713; x_wconf 80' lang='lat' dir='ltr'>srotconuu.</span> 
     </span>
    </p>
   </div>
   <div class='ocr_carea' id='block_1_2' title="bbox 344 823 1401 1074">
    <p class='ocr_par' dir='ltr' id='par_1_2' title="bbox 344 823 1401 1074">
     <span class='ocr_line' id='line_1_2' title="bbox 345 823 1401 898; baseline -0.008 -14"><span class='ocrx_word' id='word_1_4' title='bbox 345 831 380 885; x_wconf 85' lang='lat' dir='ltr'>cl.</span> <span class='ocrx_word' id='word_1_5' title='bbox 400 828 449 882; x_wconf 86' lang='lat' dir='ltr'>Or.</span> <span class='ocrx_word' id='word_1_6' title='bbox 469 846 518 898; x_wconf 91' lang='lat' dir='ltr'>pro</span> <span class='ocrx_word' id='word_1_7' title='bbox 537 823 594 877; x_wconf 88' lang='lat' dir='ltr'>Mil.</span> <span class='ocrx_word' id='word_1_8' title='bbox 613 826 664 877; x_wconf 77' lang='lat'>302</span> <span class='ocrx_word' id='word_1_9' title='bbox 683 823 782 891; x_wconf 86' lang='lat' dir='ltr'>Populi</span> <span class='ocrx_word' id='word_1_10' title='bbox 798 824 875 892; x_wconf 82' lang='lat' dir='ltr'>grati</span> <span class='ocrx_word' id='word_1_11' title='bbox 893 834 935 875; x_wconf 84' lang='lat' dir='ltr'>est</span> <span class='ocrx_word' id='word_1_12' title='bbox 952 824 1079 892; x_wconf 83' lang='lat' dir='ltr'>praemiis</span> <span class='ocrx_word' id='word_1_13' title='bbox 1099 823 1215 893; x_wconf 85' lang='lat' dir='ltr'>afficere</span> <span class='ocrx_word' id='word_1_14' title='bbox 1241 825 1309 877; x_wconf 81' lang='lat' dir='ltr'>bene</span> <span class='ocrx_word' id='word_1_15' title='bbox 1329 829 1401 878; x_wconf 85' lang='lat' dir='ltr'>meri-</span> 
     </span>
     <span class='ocr_line' id='line_1_3' title="bbox 344 909 1400 984; baseline -0.007 -15"><span class='ocrx_word' id='word_1_16' title='bbox 344 928 386 969; x_wconf 86' lang='lat' dir='ltr'>tos</span> <span class='ocrx_word' id='word_1_17' title='bbox 405 917 481 968; x_wconf 83' lang='lat' dir='ltr'>dere</span> <span class='ocrx_word' id='word_1_18' title='bbox 494 911 606 984; x_wconf 83' lang='lat' dir='ltr'>publiea</span> <span class='ocrx_word' id='word_1_19' title='bbox 621 911 700 962; x_wconf 82' lang='lat' dir='ltr'>cives·</span> <span class='ocrx_word' id='word_1_20' title='bbox 752 910 811 962; x_wconf 88' lang='lat' dir='ltr'>Viri</span> <span class='ocrx_word' id='word_1_21' title='bbox 824 910 922 980; x_wconf 80' lang='lat' dir='ltr'>fortis,</span> <span class='ocrx_word' id='word_1_22' title='bbox 951 929 983 962; x_wconf 87' lang='lat' dir='ltr'>ne</span> <span class='ocrx_word' id='word_1_23' title='bbox 1011 909 1150 979; x_wconf 72' lang='lat' dir='ltr'>suppliciis</span> <span class='ocrx_word' id='word_1_24' title='bbox 1168 911 1280 983; x_wconf 77' lang='lat' dir='ltr'>quidem</span> <span class='ocrx_word' id='word_1_25' title='bbox 1301 916 1400 977; x_wconf 84' lang='lat' dir='ltr'>moveri,</span> 
     </span>
     <span class='ocr_line' id='line_1_4' title="bbox 344 996 878 1074; baseline -0.009 -20"><span class='ocrx_word' id='word_1_26' title='bbox 344 1014 376 1054; x_wconf 89' lang='lat' dir='ltr'>ut</span> <span class='ocrx_word' id='word_1_27' title='bbox 390 1001 506 1074; x_wconf 81' lang='lat' dir='ltr'>sortiter</span> <span class='ocrx_word' id='word_1_28' title='bbox 521 1000 621 1072; x_wconf 82' lang='lat' dir='ltr'>secisse</span> <span class='ocrx_word' id='word_1_29' title='bbox 639 998 784 1067; x_wconf 86' lang='lat' dir='ltr'>poeniteat.</span> <span class='ocrx_word' id='word_1_30' title='bbox 820 996 878 1050; x_wconf 89' lang='lat' dir='ltr'>Mr.</span> 
     </span>
    </p>
   </div>
   <div class='ocr_carea' id='block_1_3' title="bbox 335 1082 1395 4490">
    <p class='ocr_par' dir='ltr' id='par_1_3' title="bbox 342 1082 1395 1404">
     <span class='ocr_line' id='line_1_5' title="bbox 413 1082 1395 1156; baseline -0.003 -15"><span class='ocrx_word' id='word_1_31' title='bbox 413 1107 477 1141; x_wconf 87' lang='lat' dir='ltr'>non</span> <span class='ocrx_word' id='word_1_32' title='bbox 497 1086 590 1138; x_wconf 86' lang='lat' dir='ltr'>modo</span> <span class='ocrx_word' id='word_1_33' title='bbox 609 1086 793 1156; x_wconf 75' lang='lat' dir='ltr'>repugnanti]</span> <span class='ocrx_word' id='word_1_34' title='bbox 832 1086 911 1150; x_wconf 87' lang='lat' dir='ltr'>„Pro</span> <span class='ocrx_word' id='word_1_35' title='bbox 931 1086 1036 1136; x_wconf 84' lang='lat' dir='ltr'>netlum.</span> <span class='ocrx_word' id='word_1_36' title='bbox 1073 1083 1120 1137; x_wconf 83' lang='lat' dir='ltr'>sie</span> <span class='ocrx_word' id='word_1_37' title='bbox 1138 1082 1296 1139; x_wconf 71' lang='lat' dir='ltr'>allocutus</span> <span class='ocrx_word' id='word_1_38' title='bbox 1318 1087 1395 1139; x_wconf 88' lang='lat' dir='ltr'>estio</span> 
     </span>
     <span class='ocr_line' id='line_1_6' title="bbox 343 1171 1395 1248; baseline -0.002 -18"><span class='ocrx_word' id='word_1_39' title='bbox 343 1176 426 1248; x_wconf 86' lang='lat' dir='ltr'>Epist.</span> <span class='ocrx_word' id='word_1_40' title='bbox 443 1175 476 1227; x_wconf 84' lang='lat' dir='ltr'>ad</span> <span class='ocrx_word' id='word_1_41' title='bbox 495 1173 639 1226; x_wconf 88' lang='lat' dir='ltr'>Lentulum</span> <span class='ocrx_word' id='word_1_42' title='bbox 663 1172 739 1225; x_wconf 82' lang='lat' dir='ltr'>Fam.</span> <span class='ocrx_word' id='word_1_43' title='bbox 767 1172 824 1225; x_wconf 85' lang='lat' dir='ltr'><strong>Lib.</strong></span> <span class='ocrx_word' id='word_1_44' title='bbox 843 1171 864 1225; x_wconf 97' lang='grc' dir='ltr'><strong>Ι.</strong></span> <span class='ocrx_word' id='word_1_45' title='bbox 891 1172 937 1225; x_wconf 88' lang='lat' dir='ltr'>ubi</span> <span class='ocrx_word' id='word_1_46' title='bbox 963 1171 1020 1224; x_wconf 79' lang='lat' dir='ltr'>vide</span> <span class='ocrx_word' id='word_1_47' title='bbox 1047 1174 1128 1242; x_wconf 86' lang='lat' dir='ltr'>patris</span> <span class='ocrx_word' id='word_1_48' title='bbox 1154 1175 1395 1227; x_wconf 68' lang='lat' dir='ltr'>Commentis-ium.</span> 
     </span>
     <span class='ocr_line' id='line_1_7' title="bbox 342 1260 1392 1332; baseline -0.008 -13"><span class='ocrx_word' id='word_1_49' title='bbox 342 1265 388 1319; x_wconf 85' lang='lat' dir='ltr'>Sic</span> <span class='ocrx_word' id='word_1_50' title='bbox 406 1275 443 1316; x_wconf 89' lang='lat' dir='ltr'>est</span> <span class='ocrx_word' id='word_1_51' title='bbox 463 1273 488 1314; x_wconf 88' lang='lat' dir='ltr'>et</span> <span class='ocrx_word' id='word_1_52' title='bbox 508 1261 535 1312; x_wconf 89' lang='lat' dir='ltr'>in</span> <span class='ocrx_word' id='word_1_53' title='bbox 555 1261 676 1326; x_wconf 85' lang='lat' dir='ltr'>duobus,</span> <span class='ocrx_word' id='word_1_54' title='bbox 702 1272 727 1312; x_wconf 92' lang='lat' dir='ltr'>et</span> <span class='ocrx_word' id='word_1_55' title='bbox 756 1260 784 1311; x_wconf 91' lang='lat' dir='ltr'>in</span> <span class='ocrx_word' id='word_1_56' title='bbox 804 1280 860 1313; x_wconf 88' lang='lat' dir='ltr'>uno</span> <span class='ocrx_word' id='word_1_57' title='bbox 880 1260 1026 1315; x_wconf 77' lang='lat' dir='ltr'>doctissimi</span> <span class='ocrx_word' id='word_1_58' title='bbox 1052 1260 1114 1326; x_wconf 87' lang='lat' dir='ltr'>viri,</span> <span class='ocrx_word' id='word_1_59' title='bbox 1140 1261 1232 1313; x_wconf 81' lang='lat' dir='ltr'>Caroli</span> <span class='ocrx_word' id='word_1_60' title='bbox 1261 1260 1392 1332; x_wconf 81' lang='lat' dir='ltr'>Sigonii.‘¹</span> 
     </span>
     <span class='ocr_line' id='line_1_8' title="bbox 343 1349 565 1404; baseline -0.009 0"><span class='ocrx_word' id='word_1_61' title='bbox 343 1350 415 1404; x_wconf 79' lang='lat' dir='ltr'>Atd.</span> <span class='ocrx_word' id='word_1_62' title='bbox 434 1349 565 1402; x_wconf 77' lang='lat' dir='ltr'>Menut.</span> 
     </span>
    </p>

    <p class='ocr_par' dir='ltr' id='par_1_4' title="bbox 335 1435 1391 3696">
     <span class='ocr_line' id='line_1_9' title="bbox 414 1435 1391 1507; baseline -0.003 -18"><span class='ocrx_word' id='word_1_63' title='bbox 414 1456 446 1490; x_wconf 90' lang='lat' dir='ltr'>ne</span> <span class='ocrx_word' id='word_1_64' title='bbox 464 1437 600 1488; x_wconf 77' lang='lat' dir='ltr'><em>recusanti</em></span> <span class='ocrx_word' id='word_1_65' title='bbox 618 1436 723 1507; x_wconf 83' lang='lat' dir='ltr'>quidem</span> <span class='ocrx_word' id='word_1_66' title='bbox 740 1438 864 1500; x_wconf 79' lang='lat' dir='ltr'><em>evenerit,</em></span> <span class='ocrx_word' id='word_1_67' title='bbox 883 1456 935 1489; x_wconf 87' lang='lat' dir='ltr'>non</span> <span class='ocrx_word' id='word_1_68' title='bbox 953 1436 1028 1488; x_wconf 85' lang='lat' dir='ltr'>mado</span> <span class='ocrx_word' id='word_1_69' title='bbox 1047 1455 1110 1487; x_wconf 88' lang='lat' dir='ltr'>non</span> <span class='ocrx_word' id='word_1_70' title='bbox 1130 1436 1311 1506; x_wconf 82' lang='lat' dir='ltr'><strong><em>repugnanti]</em></strong></span> <span class='ocrx_word' id='word_1_71' title='bbox 1331 1435 1391 1500; x_wconf 69' lang='lat' dir='ltr'>„til-</span> 
     </span>
     <span class='ocr_line' id='line_1_10' title="bbox 344 1522 1389 1580; baseline -0.006 -1"><span class='ocrx_word' id='word_1_72' title='bbox 344 1538 430 1580; x_wconf 87' lang='lat' dir='ltr'>terum</span> <span class='ocrx_word' id='word_1_73' title='bbox 447 1544 499 1575; x_wconf 90' lang='lat' dir='ltr'>non</span> <span class='ocrx_word' id='word_1_74' title='bbox 518 1522 586 1576; x_wconf 84' lang='lat' dir='ltr'>male</span> <span class='ocrx_word' id='word_1_75' title='bbox 606 1523 700 1575; x_wconf 77' lang='lat' dir='ltr'>excidit</span> <span class='ocrx_word' id='word_1_76' title='bbox 718 1523 745 1575; x_wconf 92' lang='lat' dir='ltr'>in</span> <span class='ocrx_word' id='word_1_77' title='bbox 764 1523 806 1576; x_wconf 86' lang='lat' dir='ltr'>ed.</span> <span class='ocrx_word' id='word_1_78' title='bbox 825 1522 1028 1576; x_wconf 81' lang='lat' dir='ltr'>Gronoriana.“</span> <span class='ocrx_word' id='word_1_79' title='bbox 1048 1522 1126 1575; x_wconf 87' lang='lat' dir='ltr'>Ero.</span> <span class='ocrx_word' id='word_1_80' title='bbox 1164 1522 1272 1576; x_wconf 81' lang='lat' dir='ltr'>Excidit</span> <span class='ocrx_word' id='word_1_81' title='bbox 1291 1523 1352 1576; x_wconf 88' lang='lat' dir='ltr'>item</span> <span class='ocrx_word' id='word_1_82' title='bbox 1365 1523 1389 1574; x_wconf 91' lang='lat' dir='ltr'>in</span> 
     </span>
     <span class='ocr_line' id='line_1_11' title="bbox 343 1609 1388 1681; baseline -0.006 -15"><span class='ocrx_word' id='word_1_83' title='bbox 343 1613 393 1666; x_wconf 79' lang='lat' dir='ltr'>Os.</span> <span class='ocrx_word' id='word_1_84' title='bbox 412 1612 446 1665; x_wconf 94' lang='lat' dir='ltr'>U.</span> <span class='ocrx_word' id='word_1_85' title='bbox 473 1624 498 1665; x_wconf 90' lang='lat' dir='ltr'>et</span> <span class='ocrx_word' id='word_1_86' title='bbox 525 1611 647 1665; x_wconf 85' lang='lat' dir='ltr'>consulto</span> <span class='ocrx_word' id='word_1_87' title='bbox 675 1610 783 1681; x_wconf 90' lang='lat' dir='ltr'>quidem</span> <span class='ocrx_word' id='word_1_88' title='bbox 809 1611 938 1663; x_wconf 89' lang='lat' dir='ltr'>omissum</span> <span class='ocrx_word' id='word_1_89' title='bbox 961 1610 990 1662; x_wconf 92' lang='lat' dir='ltr'>in</span> <span class='ocrx_word' id='word_1_90' title='bbox 1022 1609 1070 1663; x_wconf 82' lang='lat' dir='ltr'>Ed.</span> <span class='ocrx_word' id='word_1_91' title='bbox 1095 1620 1211 1681; x_wconf 78' lang='lat' dir='ltr'>utraque</span> <span class='ocrx_word' id='word_1_92' title='bbox 1240 1609 1388 1672; x_wconf 83' lang='lat' dir='ltr'>Facciolati,</span> 
     </span>
     <span class='ocr_line' id='line_1_12' title="bbox 342 1696 1388 1772; baseline -0.003 -22"><span class='ocrx_word' id='word_1_93' title='bbox 342 1699 460 1772; x_wconf 87' lang='lat' dir='ltr'>itemque</span> <span class='ocrx_word' id='word_1_94' title='bbox 478 1701 506 1752; x_wconf 90' lang='lat' dir='ltr'>in</span> <span class='ocrx_word' id='word_1_95' title='bbox 524 1698 592 1750; x_wconf 77' lang='lat' dir='ltr'>Edu.</span> <span class='ocrx_word' id='word_1_96' title='bbox 613 1699 745 1769; x_wconf 83' lang='lat' dir='ltr'>Verburg.</span> <span class='ocrx_word' id='word_1_97' title='bbox 766 1709 793 1750; x_wconf 89' lang='lat' dir='ltr'>et</span> <span class='ocrx_word' id='word_1_98' title='bbox 811 1696 917 1752; x_wconf 81' lang='lat' dir='ltr'>Oliveti.</span> <span class='ocrx_word' id='word_1_99' title='bbox 952 1697 1051 1750; x_wconf 80' lang='lat' dir='ltr'>Abesse</span> <span class='ocrx_word' id='word_1_100' title='bbox 1067 1698 1147 1749; x_wconf 84' lang='lat' dir='ltr'>etiam</span> <span class='ocrx_word' id='word_1_101' title='bbox 1167 1697 1274 1751; x_wconf 83' lang='lat' dir='ltr'>volebat</span> <span class='ocrx_word' id='word_1_102' title='bbox 1294 1699 1388 1750; x_wconf 85' lang='lat' dir='ltr'>Censor</span> 
     </span>
     <span class='ocr_line' id='line_1_13' title="bbox 343 1780 1388 1857; baseline -0.002 -18"><span class='ocrx_word' id='word_1_103' title='bbox 343 1787 451 1857; x_wconf 81' lang='lat' dir='ltr'>quidam</span> <span class='ocrx_word' id='word_1_104' title='bbox 474 1786 596 1840; x_wconf 82' lang='lat' dir='ltr'>lenensis</span> <span class='ocrx_word' id='word_1_105' title='bbox 623 1789 702 1838; x_wconf 82' lang='grc'><strong>1820.</strong></span> <span class='ocrx_word' id='word_1_106' title='bbox 731 1786 763 1838; x_wconf 84' lang='grc' dir='ltr'><strong>Ν.</strong></span> <span class='ocrx_word' id='word_1_107' title='bbox 789 1790 850 1840; x_wconf 77' lang='grc'><strong>152.</strong></span> <span class='ocrx_word' id='word_1_108' title='bbox 878 1786 1002 1838; x_wconf 77' lang='lat' dir='ltr'>editionis</span> <span class='ocrx_word' id='word_1_109' title='bbox 1025 1780 1228 1837; x_wconf 79' lang='lat' dir='ltr'>Pa&#39;radoxorum</span> <span class='ocrx_word' id='word_1_110' title='bbox 1255 1782 1388 1837; x_wconf 81' lang='lat' dir='ltr'>Gernbar-</span> 
     </span>
     <span class='ocr_line' id='line_1_14' title="bbox 341 1871 1386 1944; baseline -0.002 -18"><span class='ocrx_word' id='word_1_111' title='bbox 341 1874 444 1926; x_wconf 83' lang='lat' dir='ltr'>dianae.</span> <span class='ocrx_word' id='word_1_112' title='bbox 482 1876 583 1926; x_wconf 90' lang='lat' dir='ltr'>Verum</span> <span class='ocrx_word' id='word_1_113' title='bbox 601 1874 666 1926; x_wconf 84' lang='lat' dir='ltr'>vidit</span> <span class='ocrx_word' id='word_1_114' title='bbox 684 1871 833 1926; x_wconf 81' lang='lat' dir='ltr'>Beneclius</span> <span class='ocrx_word' id='word_1_115' title='bbox 856 1873 884 1925; x_wconf 92' lang='lat' dir='ltr'>in</span> <span class='ocrx_word' id='word_1_116' title='bbox 905 1872 954 1924; x_wconf 84' lang='lat' dir='ltr'>Ed.</span> <span class='ocrx_word' id='word_1_117' title='bbox 973 1871 1050 1925; x_wconf 81' lang='lat' dir='ltr'>Orat.</span> <span class='ocrx_word' id='word_1_118' title='bbox 1070 1874 1194 1926; x_wconf 85' lang='lat' dir='ltr'>Ciceron.</span> <span class='ocrx_word' id='word_1_119' title='bbox 1216 1873 1250 1925; x_wconf 78' lang='lat' dir='ltr'>(le</span> <span class='ocrx_word' id='word_1_120' title='bbox 1276 1872 1386 1944; x_wconf 88' lang='lat' dir='ltr'>Imperio</span> 
     </span>
     <span class='ocr_line' id='line_1_15' title="bbox 341 1960 1386 2031; baseline 0.002 -20"><span class='ocrx_word' id='word_1_121' title='bbox 341 1961 462 2030; x_wconf 86' lang='lat' dir='ltr'>Pompeii</span> <span class='ocrx_word' id='word_1_122' title='bbox 483 1981 507 2029; x_wconf 91' lang='lat' dir='ltr'>p.</span> <span class='ocrx_word' id='word_1_123' title='bbox 526 1965 560 2013; x_wconf 78' lang='lat'>83</span> <span class='ocrx_word' id='word_1_124' title='bbox 578 1980 618 2030; x_wconf 88' lang='lat' dir='ltr'>sq.</span> <span class='ocrx_word' id='word_1_125' title='bbox 656 1963 724 2011; x_wconf 87' lang='lat' dir='ltr'>Cum</span> <span class='ocrx_word' id='word_1_126' title='bbox 745 1960 791 2012; x_wconf 90' lang='lat' dir='ltr'>illo</span> <span class='ocrx_word' id='word_1_127' title='bbox 810 1979 922 2012; x_wconf 76' lang='lat' dir='ltr'>censore</span> <span class='ocrx_word' id='word_1_128' title='bbox 939 1960 1003 2012; x_wconf 81' lang='lat' dir='ltr'>lacit</span> <span class='ocrx_word' id='word_1_129' title='bbox 1028 1961 1232 2031; x_wconf 79' lang='lat' dir='ltr'>quodammodo</span> <span class='ocrx_word' id='word_1_130' title='bbox 1251 1960 1271 2013; x_wconf 87' lang='lat' dir='ltr'>l.</span> <span class='ocrx_word' id='word_1_131' title='bbox 1292 1961 1321 2013; x_wconf 88' lang='lat' dir='ltr'>S.</span> <span class='ocrx_word' id='word_1_132' title='bbox 1339 1960 1386 2013; x_wconf 83' lang='lat' dir='ltr'>Ro·</span> 
     </span>
     <span class='ocr_line' id='line_1_16' title="bbox 341 2045 1385 2118; baseline -0.001 -20"><span class='ocrx_word' id='word_1_133' title='bbox 341 2045 458 2116; x_wconf 86' lang='lat' dir='ltr'>senbeyn</span> <span class='ocrx_word' id='word_1_134' title='bbox 478 2047 505 2097; x_wconf 89' lang='lat' dir='ltr'>in</span> <span class='ocrx_word' id='word_1_135' title='bbox 524 2050 674 2099; x_wconf 85' lang='lat' dir='ltr'>Comment.</span> <span class='ocrx_word' id='word_1_136' title='bbox 712 2047 753 2099; x_wconf 86' lang='lat' dir='ltr'>De</span> <span class='ocrx_word' id='word_1_137' title='bbox 771 2048 904 2102; x_wconf 84' lang='lat' dir='ltr'>Particula</span> <span class='ocrx_word' id='word_1_138' title='bbox 923 2069 977 2100; x_wconf 90' lang='lat' dir='ltr'>non</span> <span class='ocrx_word' id='word_1_139' title='bbox 994 2050 1069 2100; x_wconf 77' lang='lat' dir='ltr'>morlo</span> <span class='ocrx_word' id='word_1_140' title='bbox 1090 2069 1139 2118; x_wconf 91' lang='lat' dir='ltr'>pro</span> <span class='ocrx_word' id='word_1_141' title='bbox 1163 2068 1216 2100; x_wconf 86' lang='lat' dir='ltr'>non</span> <span class='ocrx_word' id='word_1_142' title='bbox 1243 2049 1319 2100; x_wconf 83' lang='lat' dir='ltr'>modo</span> <span class='ocrx_word' id='word_1_143' title='bbox 1340 2067 1385 2100; x_wconf 82' lang='lat' dir='ltr'>non</span> 
     </span>
     <span class='ocr_line' id='line_1_17' title="bbox 342 2132 1384 2208; baseline 0.003 -23"><span class='ocrx_word' id='word_1_144' title='bbox 342 2134 425 2204; x_wconf 79' lang='lat' dir='ltr'>posite</span> <span class='ocrx_word' id='word_1_145' title='bbox 445 2132 574 2201; x_wconf 86' lang='lat' dir='ltr'>(Seebod.</span> <span class='ocrx_word' id='word_1_146' title='bbox 593 2133 625 2185; x_wconf 92' lang='lat' dir='ltr'>N.</span> <span class='ocrx_word' id='word_1_147' title='bbox 643 2134 741 2189; x_wconf 78' lang='lat' dir='ltr'><strong>Archiv</strong></span> <span class='ocrx_word' id='word_1_148' title='bbox 761 2136 779 2188; x_wconf 87' lang='lat' dir='ltr'>s.</span> <span class='ocrx_word' id='word_1_149' title='bbox 798 2137 894 2190; x_wconf 88' lang='lat' dir='ltr'>Philol.</span> <span class='ocrx_word' id='word_1_150' title='bbox 914 2136 1066 2206; x_wconf 84' lang='lat' dir='ltr'>u.Paedag.</span> <span class='ocrx_word' id='word_1_151' title='bbox 1079 2134 1112 2200; x_wconf 94' lang='lat' dir='ltr'>ll,</span> <span class='ocrx_word' id='word_1_152' title='bbox 1125 2141 1150 2199; x_wconf 86' lang='lat'>2,</span> <span class='ocrx_word' id='word_1_153' title='bbox 1171 2155 1195 2204; x_wconf 94' lang='lat' dir='ltr'>p.</span> <span class='ocrx_word' id='word_1_154' title='bbox 1210 2135 1278 2203; x_wconf 85' lang='lat'><strong>88.),</strong></span> <span class='ocrx_word' id='word_1_155' title='bbox 1297 2155 1384 2208; x_wconf 79' lang='lat' dir='ltr'>quem·</span> 
     </span>
     <span class='ocr_line' id='line_1_18' title="bbox 343 2223 1384 2293; baseline 0.003 -19"><span class='ocrx_word' id='word_1_156' title='bbox 343 2242 424 2293; x_wconf 83' lang='lat' dir='ltr'>quam</span> <span class='ocrx_word' id='word_1_157' title='bbox 444 2223 564 2293; x_wconf 81' lang='lat' dir='ltr'>proxime</span> <span class='ocrx_word' id='word_1_158' title='bbox 582 2224 615 2275; x_wconf 81' lang='lat' dir='ltr'>ad</span> <span class='ocrx_word' id='word_1_159' title='bbox 635 2224 771 2278; x_wconf 81' lang='lat' dir='ltr'>veritatem</span> <span class='ocrx_word' id='word_1_160' title='bbox 791 2226 919 2290; x_wconf 84' lang='lat' dir='ltr'>accessit,</span> <span class='ocrx_word' id='word_1_161' title='bbox 939 2225 1045 2290; x_wconf 86' lang='lat' dir='ltr'>dicens,</span> <span class='ocrx_word' id='word_1_162' title='bbox 1072 2226 1092 2276; x_wconf 90' lang='lat' dir='ltr'>si</span> <span class='ocrx_word' id='word_1_163' title='bbox 1118 2223 1233 2276; x_wconf 83' lang='lat' dir='ltr'>alterum</span> <span class='ocrx_word' id='word_1_164' title='bbox 1259 2245 1312 2277; x_wconf 90' lang='lat' dir='ltr'>non</span> <span class='ocrx_word' id='word_1_165' title='bbox 1330 2225 1384 2277; x_wconf 85' lang='lat' dir='ltr'>reti·</span> 
     </span>
     <span class='ocr_line' id='line_1_19' title="bbox 342 2310 1383 2384; baseline 0.003 -22"><span class='ocrx_word' id='word_1_166' title='bbox 342 2329 407 2362; x_wconf 88' lang='lat' dir='ltr'>nere</span> <span class='ocrx_word' id='word_1_167' title='bbox 426 2310 498 2374; x_wconf 86' lang='lat' dir='ltr'>velis,</span> <span class='ocrx_word' id='word_1_168' title='bbox 518 2311 619 2363; x_wconf 81' lang='lat' dir='ltr'>releras</span> <span class='ocrx_word' id='word_1_169' title='bbox 639 2330 745 2365; x_wconf 88' lang='lat' dir='ltr'>necesse</span> <span class='ocrx_word' id='word_1_170' title='bbox 766 2333 821 2365; x_wconf 90' lang='lat' dir='ltr'>esse</span> <span class='ocrx_word' id='word_1_171' title='bbox 841 2333 896 2366; x_wconf 90' lang='lat' dir='ltr'>non</span> <span class='ocrx_word' id='word_1_172' title='bbox 916 2314 949 2364; x_wconf 85' lang='lat' dir='ltr'>ad</span> <span class='ocrx_word' id='word_1_173' title='bbox 968 2314 1092 2374; x_wconf 74' lang='lat' dir='ltr'>evenerit,</span> <span class='ocrx_word' id='word_1_174' title='bbox 1111 2312 1155 2364; x_wconf 90' lang='lat' dir='ltr'>sed</span> <span class='ocrx_word' id='word_1_175' title='bbox 1168 2312 1200 2364; x_wconf 82' lang='lat' dir='ltr'>ad</span> <span class='ocrx_word' id='word_1_176' title='bbox 1221 2313 1383 2384; x_wconf 76' lang='lat' dir='ltr'>repugnanti,</span> 
     </span>
     <span class='ocr_line' id='line_1_20' title="bbox 342 2398 1382 2472; baseline 0.002 -23"><span class='ocrx_word' id='word_1_177' title='bbox 342 2398 358 2449; x_wconf 89' lang='lat' dir='ltr'>i.</span> <span class='ocrx_word' id='word_1_178' title='bbox 377 2418 400 2450; x_wconf 84' lang='lat' dir='ltr'>e.</span> <span class='ocrx_word' id='word_1_179' title='bbox 420 2399 459 2462; x_wconf 90' lang='lat' dir='ltr'>ei,</span> <span class='ocrx_word' id='word_1_180' title='bbox 482 2401 528 2470; x_wconf 92' lang='lat' dir='ltr'>qui</span> <span class='ocrx_word' id='word_1_181' title='bbox 548 2419 602 2452; x_wconf 91' lang='lat' dir='ltr'>non</span> <span class='ocrx_word' id='word_1_182' title='bbox 622 2413 762 2471; x_wconf 80' lang='lat' dir='ltr'>repugnat.</span> <span class='ocrx_word' id='word_1_183' title='bbox 799 2399 941 2472; x_wconf 83' lang='lat' dir='ltr'>Kriigerus</span> <span class='ocrx_word' id='word_1_184' title='bbox 958 2401 1053 2465; x_wconf 82' lang='lat' dir='ltr'>etism,</span> <span class='ocrx_word' id='word_1_185' title='bbox 1081 2401 1109 2451; x_wconf 93' lang='lat' dir='ltr'>in</span> <span class='ocrx_word' id='word_1_186' title='bbox 1128 2400 1236 2470; x_wconf 80' lang='lat' dir='ltr'>egregia</span> <span class='ocrx_word' id='word_1_187' title='bbox 1257 2401 1382 2471; x_wconf 77' lang='lat' dir='ltr'>ceteroqui</span> 
     </span>
     <span class='ocr_line' id='line_1_21' title="bbox 342 2484 1383 2559; baseline 0.002 -22"><span class='ocrx_word' id='word_1_188' title='bbox 342 2484 523 2541; x_wconf 77' lang='lat' dir='ltr'>Grammatico</span> <span class='ocrx_word' id='word_1_189' title='bbox 543 2489 635 2542; x_wconf 81' lang='lat' dir='ltr'>Latina</span> <span class='ocrx_word' id='word_1_190' title='bbox 655 2489 700 2556; x_wconf 89' lang='lat' dir='ltr'>(T.</span> <span class='ocrx_word' id='word_1_191' title='bbox 719 2488 751 2540; x_wconf 93' lang='grc' dir='ltr'><strong>ΙΙ.</strong></span> <span class='ocrx_word' id='word_1_192' title='bbox 768 2509 793 2559; x_wconf 92' lang='lat' dir='ltr'>p.</span> <span class='ocrx_word' id='word_1_193' title='bbox 810 2491 1062 2559; x_wconf 64' lang='lat' dir='ltr'>727.)postcaquam</span> <span class='ocrx_word' id='word_1_194' title='bbox 1084 2499 1156 2540; x_wconf 87' lang='lat' dir='ltr'>recte</span> <span class='ocrx_word' id='word_1_195' title='bbox 1174 2489 1296 2558; x_wconf 77' lang='lat' dir='ltr'>exposuit</span> <span class='ocrx_word' id='word_1_196' title='bbox 1314 2505 1383 2558; x_wconf 78' lang='lat' dir='ltr'>regu·</span> 
     </span>
     <span class='ocr_line' id='line_1_22' title="bbox 341 2573 1381 2649; baseline -0.001 -24"><span class='ocrx_word' id='word_1_197' title='bbox 341 2573 403 2641; x_wconf 81' lang='lat' dir='ltr'>lam,</span> <span class='ocrx_word' id='word_1_198' title='bbox 422 2589 544 2630; x_wconf 89' lang='lat' dir='ltr'>nostrum</span> <span class='ocrx_word' id='word_1_199' title='bbox 564 2590 653 2630; x_wconf 85' lang='lat' dir='ltr'>tamen</span> <span class='ocrx_word' id='word_1_200' title='bbox 675 2577 762 2630; x_wconf 90' lang='lat' dir='ltr'>locum</span> <span class='ocrx_word' id='word_1_201' title='bbox 779 2577 806 2629; x_wconf 91' lang='lat' dir='ltr'>in</span> <span class='ocrx_word' id='word_1_202' title='bbox 826 2577 857 2628; x_wconf 92' lang='lat' dir='ltr'>iis</span> <span class='ocrx_word' id='word_1_203' title='bbox 874 2575 973 2638; x_wconf 83' lang='lat' dir='ltr'>laudat,</span> <span class='ocrx_word' id='word_1_204' title='bbox 994 2577 1091 2649; x_wconf 89' lang='lat' dir='ltr'>quibus</span> <span class='ocrx_word' id='word_1_205' title='bbox 1109 2595 1161 2627; x_wconf 88' lang='lat' dir='ltr'>non</span> <span class='ocrx_word' id='word_1_206' title='bbox 1180 2577 1257 2627; x_wconf 86' lang='lat' dir='ltr'>modo</span> <span class='ocrx_word' id='word_1_207' title='bbox 1276 2586 1381 2646; x_wconf 79' lang='lat' dir='ltr'>ponatur</span> 
     </span>
     <span class='ocr_line' id='line_1_23' title="bbox 340 2663 1378 2733; baseline -0.002 -19"><span class='ocrx_word' id='word_1_208' title='bbox 340 2680 390 2732; x_wconf 89' lang='lat' dir='ltr'>pro</span> <span class='ocrx_word' id='word_1_209' title='bbox 408 2683 460 2715; x_wconf 88' lang='lat' dir='ltr'>non</span> <span class='ocrx_word' id='word_1_210' title='bbox 479 2665 553 2717; x_wconf 83' lang='lat' dir='ltr'>modo</span> <span class='ocrx_word' id='word_1_211' title='bbox 571 2685 631 2718; x_wconf 83' lang='lat' dir='ltr'>non.</span> <span class='ocrx_word' id='word_1_212' title='bbox 668 2664 775 2717; x_wconf 84' lang='lat' dir='ltr'>Erroris</span> <span class='ocrx_word' id='word_1_213' title='bbox 794 2683 872 2717; x_wconf 82' lang='lat' dir='ltr'>causa</span> <span class='ocrx_word' id='word_1_214' title='bbox 891 2663 956 2716; x_wconf 82' lang='lat' dir='ltr'>haec</span> <span class='ocrx_word' id='word_1_215' title='bbox 975 2674 1027 2716; x_wconf 85' lang='lat' dir='ltr'>est:</span> <span class='ocrx_word' id='word_1_216' title='bbox 1055 2664 1218 2733; x_wconf 85' lang='lat' dir='ltr'>reputabant</span> <span class='ocrx_word' id='word_1_217' title='bbox 1237 2664 1285 2716; x_wconf 84' lang='lat' dir='ltr'>viri</span> <span class='ocrx_word' id='word_1_218' title='bbox 1308 2663 1378 2726; x_wconf 84' lang='lat' dir='ltr'>docti,</span> 
     </span>
     <span class='ocr_line' id='line_1_24' title="bbox 341 2752 1378 2822; baseline -0.002 -20"><span class='ocrx_word' id='word_1_219' title='bbox 341 2769 402 2803; x_wconf 90' lang='lat' dir='ltr'>cum</span> <span class='ocrx_word' id='word_1_220' title='bbox 423 2773 514 2806; x_wconf 88' lang='lat' dir='ltr'>rerum</span> <span class='ocrx_word' id='word_1_221' title='bbox 533 2754 581 2816; x_wconf 79' lang='lat' dir='ltr'>sit,</span> <span class='ocrx_word' id='word_1_222' title='bbox 600 2753 713 2806; x_wconf 85' lang='lat' dir='ltr'>alterum</span> <span class='ocrx_word' id='word_1_223' title='bbox 733 2773 784 2803; x_wconf 87' lang='lat' dir='ltr'>non</span> <span class='ocrx_word' id='word_1_224' title='bbox 804 2752 909 2817; x_wconf 88' lang='lat' dir='ltr'>omitti,</span> <span class='ocrx_word' id='word_1_225' title='bbox 938 2752 1046 2822; x_wconf 82' lang='lat' dir='ltr'>quando</span> <span class='ocrx_word' id='word_1_226' title='bbox 1070 2771 1155 2803; x_wconf 91' lang='lat' dir='ltr'>unum</span> <span class='ocrx_word' id='word_1_227' title='bbox 1172 2753 1295 2805; x_wconf 82' lang='lat' dir='ltr'>Verbum</span> <span class='ocrx_word' id='word_1_228' title='bbox 1314 2769 1378 2804; x_wconf 90' lang='lat' dir='ltr'>com-</span> 
     </span>
     <span class='ocr_line' id='line_1_25' title="bbox 342 2839 1379 2912; baseline 0 -24"><span class='ocrx_word' id='word_1_229' title='bbox 342 2855 422 2890; x_wconf 92' lang='lat' dir='ltr'>mune</span> <span class='ocrx_word' id='word_1_230' title='bbox 448 2840 481 2893; x_wconf 86' lang='lat' dir='ltr'>sit</span> <span class='ocrx_word' id='word_1_231' title='bbox 506 2841 612 2910; x_wconf 89' lang='lat' dir='ltr'>utrique</span> <span class='ocrx_word' id='word_1_232' title='bbox 642 2840 795 2893; x_wconf 79' lang='lat' dir='ltr'>enuntiato:</span> <span class='ocrx_word' id='word_1_233' title='bbox 822 2850 914 2890; x_wconf 89' lang='lat' dir='ltr'>nostro</span> <span class='ocrx_word' id='word_1_234' title='bbox 941 2839 1016 2905; x_wconf 87' lang='lat' dir='ltr'>loco,</span> <span class='ocrx_word' id='word_1_235' title='bbox 1045 2858 1099 2910; x_wconf 91' lang='lat' dir='ltr'>quo</span> <span class='ocrx_word' id='word_1_236' title='bbox 1125 2850 1271 2912; x_wconf 88' lang='lat' dir='ltr'>utrumque</span> <span class='ocrx_word' id='word_1_237' title='bbox 1296 2840 1379 2893; x_wconf 78' lang='lat' dir='ltr'>babeat</span> 
     </span>
     <span class='ocr_line' id='line_1_26' title="bbox 342 2925 1376 2993; baseline -0.002 -16"><span class='ocrx_word' id='word_1_238' title='bbox 342 2945 426 2978; x_wconf 90' lang='lat' dir='ltr'>unum</span> <span class='ocrx_word' id='word_1_239' title='bbox 454 2928 573 2984; x_wconf 85' lang='lat' dir='ltr'>Verbum</span> <span class='ocrx_word' id='word_1_240' title='bbox 600 2928 762 2990; x_wconf 75' lang='lat' dir='ltr'>(evenerit),</span> <span class='ocrx_word' id='word_1_241' title='bbox 787 2926 911 2978; x_wconf 82' lang='lat' dir='ltr'>sufficere</span> <span class='ocrx_word' id='word_1_242' title='bbox 932 2946 984 2976; x_wconf 90' lang='lat' dir='ltr'>non</span> <span class='ocrx_word' id='word_1_243' title='bbox 1003 2929 1086 2981; x_wconf 80' lang='lat' dir='ltr'>morlo.</span> <span class='ocrx_word' id='word_1_244' title='bbox 1130 2925 1213 2993; x_wconf 85' lang='lat' dir='ltr'>Quod</span> <span class='ocrx_word' id='word_1_245' title='bbox 1238 2947 1313 2982; x_wconf 89' lang='lat' dir='ltr'>secus</span> <span class='ocrx_word' id='word_1_246' title='bbox 1340 2936 1376 2978; x_wconf 89' lang='lat' dir='ltr'>est.</span> 
     </span>
     <span class='ocr_line' id='line_1_27' title="bbox 341 3001 1391 3085; baseline 0 -21"><span class='ocrx_word' id='word_1_247' title='bbox 341 3001 409 3065; x_wconf 29' lang='lat' dir='ltr'>Non·</span> <span class='ocrx_word' id='word_1_248' title='bbox 421 3014 493 3065; x_wconf 81' lang='lat' dir='ltr'>eninr</span> <span class='ocrx_word' id='word_1_249' title='bbox 514 3015 634 3065; x_wconf 86' lang='lat' dir='ltr'>Verbum</span> <span class='ocrx_word' id='word_1_250' title='bbox 655 3016 770 3065; x_wconf 83' lang='lat' dir='ltr'>evenerit</span> <span class='ocrx_word' id='word_1_251' title='bbox 790 3015 824 3067; x_wconf 81' lang='lat' dir='ltr'>ad</span> <span class='ocrx_word' id='word_1_252' title='bbox 844 3024 990 3084; x_wconf 86' lang='lat' dir='ltr'>utrumque</span> <span class='ocrx_word' id='word_1_253' title='bbox 1009 3015 1175 3067; x_wconf 85' lang='lat' dir='ltr'>enuntiatum</span> <span class='ocrx_word' id='word_1_254' title='bbox 1196 3017 1325 3085; x_wconf 87' lang='lat' dir='ltr'>pertinet,</span> <span class='ocrx_word' id='word_1_255' title='bbox 1340 3008 1391 3066; x_wconf 57' lang='lat' dir='ltr'>sed&#39;</span> 
     </span>
     <span class='ocr_line' id='line_1_28' title="bbox 342 3101 1377 3174; baseline -0.002 -23"><span class='ocrx_word' id='word_1_256' title='bbox 342 3111 404 3151; x_wconf 88' lang='lat' dir='ltr'>sunt</span> <span class='ocrx_word' id='word_1_257' title='bbox 422 3120 449 3150; x_wconf 88' lang='lat' dir='ltr'>re</span> <span class='ocrx_word' id='word_1_258' title='bbox 469 3119 528 3152; x_wconf 80' lang='lat' dir='ltr'>vera</span> <span class='ocrx_word' id='word_1_259' title='bbox 549 3101 603 3153; x_wconf 90' lang='lat' dir='ltr'>duo</span> <span class='ocrx_word' id='word_1_260' title='bbox 623 3102 717 3168; x_wconf 80' lang='lat' dir='ltr'>verba,</span> <span class='ocrx_word' id='word_1_261' title='bbox 743 3122 804 3155; x_wconf 89' lang='lat' dir='ltr'>cum</span> <span class='ocrx_word' id='word_1_262' title='bbox 824 3113 957 3156; x_wconf 83' lang='lat' dir='ltr'>structura</span> <span class='ocrx_word' id='word_1_263' title='bbox 982 3104 1017 3155; x_wconf 86' lang='lat' dir='ltr'>ita</span> <span class='ocrx_word' id='word_1_264' title='bbox 1046 3103 1079 3156; x_wconf 85' lang='lat' dir='ltr'>sit</span> <span class='ocrx_word' id='word_1_265' title='bbox 1105 3103 1293 3174; x_wconf 80' lang='lat' dir='ltr'>intelligenda:</span> <span class='ocrx_word' id='word_1_266' title='bbox 1318 3101 1377 3153; x_wconf 77' lang='lat' dir='ltr'>Mitti</span> 
     </span>
     <span class='ocr_line' id='line_1_29' title="bbox 342 3188 1376 3262; baseline 0.002 -26"><span class='ocrx_word' id='word_1_267' title='bbox 342 3188 469 3258; x_wconf 76' lang='lat' dir='ltr'>quicquid</span> <span class='ocrx_word' id='word_1_268' title='bbox 486 3188 628 3252; x_wconf 80' lang='lat' dir='ltr'>acciderit,</span> <span class='ocrx_word' id='word_1_269' title='bbox 649 3192 764 3241; x_wconf 81' lang='lat' dir='ltr'>evenerit</span> <span class='ocrx_word' id='word_1_270' title='bbox 783 3193 834 3254; x_wconf 90' lang='lat' dir='ltr'>ita,</span> <span class='ocrx_word' id='word_1_271' title='bbox 854 3201 970 3242; x_wconf 87' lang='lat' dir='ltr'>utnon</span> <span class='ocrx_word' id='word_1_272' title='bbox 990 3192 1082 3242; x_wconf 89' lang='lat' dir='ltr'>modo</span> <span class='ocrx_word' id='word_1_273' title='bbox 1108 3210 1174 3240; x_wconf 89' lang='lat' dir='ltr'>non</span> <span class='ocrx_word' id='word_1_274' title='bbox 1197 3208 1376 3262; x_wconf 81' lang='lat' dir='ltr'>repugnem,</span> 
     </span>
     <span class='ocr_line' id='line_1_30' title="bbox 341 3263 1374 3348; baseline 0.003 -25"><span class='ocrx_word' id='word_1_275' title='bbox 341 3275 390 3324; x_wconf 81' lang='lat' dir='ltr'>secl</span> <span class='ocrx_word' id='word_1_276' title='bbox 405 3294 437 3325; x_wconf 88' lang='lat' dir='ltr'>ne</span> <span class='ocrx_word' id='word_1_277' title='bbox 454 3273 604 3326; x_wconf 83' lang='lat' dir='ltr'>recusem</span> <span class='ocrx_word' id='word_1_278' title='bbox 623 3277 738 3347; x_wconf 81' lang='lat' dir='ltr'>quidem.</span> <span class='ocrx_word' id='word_1_279' title='bbox 773 3279 854 3332; x_wconf 89' lang='lat' dir='ltr'>Nunc</span> <span class='ocrx_word' id='word_1_280' title='bbox 867 3263 1025 3332; x_wconf 66' lang='lat' dir='ltr'>adde&#39;etiam</span> <span class='ocrx_word' id='word_1_281' title='bbox 1045 3278 1065 3330; x_wconf 93' lang='grc' dir='ltr'><strong>Ι.</strong></span> <span class='ocrx_word' id='word_1_282' title='bbox 1076 3276 1107 3329; x_wconf 91' lang='lat' dir='ltr'>N.</span> <span class='ocrx_word' id='word_1_283' title='bbox 1119 3277 1248 3348; x_wconf 83' lang='lat' dir='ltr'>Madvigii</span> <span class='ocrx_word' id='word_1_284' title='bbox 1267 3277 1374 3330; x_wconf 86' lang='lat' dir='ltr'>Gramm.</span> 
     </span>
     <span class='ocr_line' id='line_1_31' title="bbox 342 3361 1375 3437; baseline 0.001 -24"><span class='ocrx_word' id='word_1_285' title='bbox 342 3361 398 3413; x_wconf 83' lang='lat' dir='ltr'>Lat.</span> <span class='ocrx_word' id='word_1_286' title='bbox 416 3366 440 3427; x_wconf 86' lang='lat'>§.</span> <span class='ocrx_word' id='word_1_287' title='bbox 459 3366 520 3416; x_wconf 72' lang='grc'><strong>421.</strong></span> <span class='ocrx_word' id='word_1_288' title='bbox 540 3383 566 3434; x_wconf 80' lang='lat' dir='ltr'>q.</span> <span class='ocrx_word' id='word_1_289' title='bbox 584 3367 646 3419; x_wconf 83' lang='lat'><strong>428.</strong></span> <span class='ocrx_word' id='word_1_290' title='bbox 665 3378 756 3420; x_wconf 89' lang='lat' dir='ltr'>annot.</span> <span class='ocrx_word' id='word_1_291' title='bbox 775 3371 800 3420; x_wconf 90' lang='lat'>1.</span> <span class='ocrx_word' id='word_1_292' title='bbox 821 3367 882 3420; x_wconf 92' lang='lat' dir='ltr'>coll.</span> <span class='ocrx_word' id='word_1_293' title='bbox 902 3387 928 3437; x_wconf 93' lang='lat' dir='ltr'>p.</span> <span class='ocrx_word' id='word_1_294' title='bbox 948 3371 1009 3420; x_wconf 73' lang='grc'><strong>422.</strong></span> <span class='ocrx_word' id='word_1_295' title='bbox 1029 3367 1053 3418; x_wconf 93' lang='lat' dir='ltr'>b.</span> <span class='ocrx_word' id='word_1_296' title='bbox 1073 3367 1124 3434; x_wconf 77' lang='lat' dir='ltr'>(a).</span> <span class='ocrx_word' id='word_1_297' title='bbox 1171 3365 1273 3418; x_wconf 86' lang='lat' dir='ltr'>Similis</span> <span class='ocrx_word' id='word_1_298' title='bbox 1290 3377 1326 3418; x_wconf 88' lang='lat' dir='ltr'>est</span> <span class='ocrx_word' id='word_1_299' title='bbox 1342 3363 1375 3414; x_wconf 90' lang='lat' dir='ltr'>lo·</span> 
     </span>
     <span class='ocr_line' id='line_1_32' title="bbox 341 3450 1376 3521; baseline -0.002 -20"><span class='ocrx_word' id='word_1_300' title='bbox 341 3469 402 3514; x_wconf 87' lang='lat' dir='ltr'>cus,</span> <span class='ocrx_word' id='word_1_301' title='bbox 429 3450 501 3521; x_wconf 90' lang='lat' dir='ltr'>quod</span> <span class='ocrx_word' id='word_1_302' title='bbox 528 3451 561 3502; x_wconf 85' lang='lat' dir='ltr'>ad</span> <span class='ocrx_word' id='word_1_303' title='bbox 586 3453 787 3507; x_wconf 81' lang='lat' dir='ltr'>enuntiatorum</span> <span class='ocrx_word' id='word_1_304' title='bbox 817 3455 1039 3519; x_wconf 81' lang='lat' dir='ltr'>collocationem,</span> <span class='ocrx_word' id='word_1_305' title='bbox 1066 3455 1098 3505; x_wconf 87' lang='lat' dir='ltr'>ad</span> <span class='ocrx_word' id='word_1_306' title='bbox 1122 3453 1308 3518; x_wconf 78' lang='lat' dir='ltr'>Au.1t,1o:</span> <span class='ocrx_word' id='word_1_307' title='bbox 1337 3450 1376 3502; x_wconf 82' lang='lat' dir='ltr'>Cui</span> 
     </span>
     <span class='ocr_line' id='line_1_33' title="bbox 335 3537 1374 3615; baseline 0.002 -26"><span class='ocrx_word' id='word_1_308' title='bbox 335 3537 423 3606; x_wconf 76' lang='lat' dir='ltr'>&#39;facile</span> <span class='ocrx_word' id='word_1_309' title='bbox 440 3540 580 3607; x_wconf 80' lang='lat' dir='ltr'>persuasi,</span> <span class='ocrx_word' id='word_1_310' title='bbox 608 3542 673 3592; x_wconf 84' lang='lat' dir='ltr'>milti</span> <span class='ocrx_word' id='word_1_311' title='bbox 690 3542 732 3599; x_wconf 85' lang='lat' dir='ltr'>id,</span> <span class='ocrx_word' id='word_1_312' title='bbox 750 3544 825 3614; x_wconf 79' lang='lat' dir='ltr'>qunti</span> <span class='ocrx_word' id='word_1_313' title='bbox 842 3555 963 3615; x_wconf 79' lang='lat' dir='ltr'>rogaret,</span> <span class='ocrx_word' id='word_1_314' title='bbox 994 3561 1032 3594; x_wconf 88' lang='lat' dir='ltr'>ne</span> <span class='ocrx_word' id='word_1_315' title='bbox 1051 3543 1128 3593; x_wconf 85' lang='lat' dir='ltr'>licere</span> <span class='ocrx_word' id='word_1_316' title='bbox 1147 3543 1296 3612; x_wconf 87' lang='lat' dir='ltr'>quidem,</span> <span class='ocrx_word' id='word_1_317' title='bbox 1323 3558 1374 3591; x_wconf 81' lang='lat' dir='ltr'>noa</span> 
     </span>
     <span class='ocr_line' id='line_1_34' title="bbox 340 3626 1296 3696; baseline 0.006 -22"><span class='ocrx_word' id='word_1_318' title='bbox 340 3626 432 3677; x_wconf 83' lang='lat' dir='ltr'>modo</span> <span class='ocrx_word' id='word_1_319' title='bbox 450 3645 514 3677; x_wconf 88' lang='lat' dir='ltr'>non</span> <span class='ocrx_word' id='word_1_320' title='bbox 532 3626 630 3684; x_wconf 85' lang='lat' dir='ltr'>lubere.</span> <span class='ocrx_word' id='word_1_321' title='bbox 666 3629 755 3696; x_wconf 87' lang='lat' dir='ltr'>Quem</span> <span class='ocrx_word' id='word_1_322' title='bbox 776 3631 866 3684; x_wconf 89' lang='lat' dir='ltr'>locum</span> <span class='ocrx_word' id='word_1_323' title='bbox 884 3631 999 3684; x_wconf 81' lang='lat' dir='ltr'>laudavit</span> <span class='ocrx_word' id='word_1_324' title='bbox 1018 3629 1200 3683; x_wconf 83' lang='lat' dir='ltr'>Gernhardus.</span> <span class='ocrx_word' id='word_1_325' title='bbox 1237 3630 1296 3682; x_wconf 62' lang='grc' dir='ltr'><strong>ΜΓ.</strong></span> 
     </span>
    </p>

    <p class='ocr_par' dir='ltr' id='par_1_5' title="bbox 337 3716 1376 4231">
     <span class='ocr_line' id='line_1_35' title="bbox 409 3716 1374 3789; baseline 0.003 -27"><span class='ocrx_word' id='word_1_326' title='bbox 409 3731 441 3762; x_wconf 87' lang='lat' dir='ltr'>ne</span> <span class='ocrx_word' id='word_1_327' title='bbox 458 3716 594 3764; x_wconf 83' lang='lat' dir='ltr'>recusanti</span> <span class='ocrx_word' id='word_1_328' title='bbox 610 3716 715 3785; x_wconf 82' lang='lat' dir='ltr'>quidem</span> <span class='ocrx_word' id='word_1_329' title='bbox 734 3746 782 3780; x_wconf 90' lang='lat'>-‚</span> <span class='ocrx_word' id='word_1_330' title='bbox 801 3739 853 3771; x_wconf 86' lang='lat' dir='ltr'>non</span> <span class='ocrx_word' id='word_1_331' title='bbox 871 3722 947 3771; x_wconf 83' lang='lat' dir='ltr'>motio</span> <span class='ocrx_word' id='word_1_332' title='bbox 969 3739 1021 3770; x_wconf 90' lang='lat' dir='ltr'>non</span> <span class='ocrx_word' id='word_1_333' title='bbox 1037 3720 1212 3789; x_wconf 78' lang='lat' dir='ltr'>repugnanti]</span> <span class='ocrx_word' id='word_1_334' title='bbox 1232 3719 1269 3784; x_wconf 89' lang='lat' dir='ltr'>,‚i.</span> <span class='ocrx_word' id='word_1_335' title='bbox 1290 3739 1310 3769; x_wconf 85' lang='lat' dir='ltr'>e.</span> <span class='ocrx_word' id='word_1_336' title='bbox 1329 3733 1374 3786; x_wconf 89' lang='lat' dir='ltr'>quo</span> 
     </span>
     <span class='ocr_line' id='line_1_36' title="bbox 340 3799 1374 3879; baseline 0.011 -30"><span class='ocrx_word' id='word_1_337' title='bbox 340 3799 428 3850; x_wconf 89' lang='lat' dir='ltr'>minus</span> <span class='ocrx_word' id='word_1_338' title='bbox 447 3799 577 3853; x_wconf 90' lang='lat' dir='ltr'>eiusmodi</span> <span class='ocrx_word' id='word_1_339' title='bbox 589 3802 617 3854; x_wconf 90' lang='lat' dir='ltr'>in</span> <span class='ocrx_word' id='word_1_340' title='bbox 636 3823 679 3856; x_wconf 90' lang='lat' dir='ltr'>me</span> <span class='ocrx_word' id='word_1_341' title='bbox 698 3806 800 3858; x_wconf 80' lang='lat' dir='ltr'>ineidat</span> <span class='ocrx_word' id='word_1_342' title='bbox 818 3807 962 3874; x_wconf 80' lang='lat' dir='ltr'>calamitas,</span> <span class='ocrx_word' id='word_1_343' title='bbox 982 3829 1037 3861; x_wconf 90' lang='lat' dir='ltr'>non</span> <span class='ocrx_word' id='word_1_344' title='bbox 1058 3808 1138 3860; x_wconf 85' lang='lat' dir='ltr'>modo</span> <span class='ocrx_word' id='word_1_345' title='bbox 1148 3827 1204 3861; x_wconf 92' lang='lat' dir='ltr'>non</span> <span class='ocrx_word' id='word_1_346' title='bbox 1219 3806 1374 3879; x_wconf 65' lang='lat' dir='ltr'>repugnabo</span> 
     </span>
     <span class='ocr_line' id='line_1_37' title="bbox 339 3885 1374 3969; baseline 0.008 -32"><span class='ocrx_word' id='word_1_347' title='bbox 339 3885 384 3937; x_wconf 83' lang='lat' dir='ltr'>sed</span> <span class='ocrx_word' id='word_1_348' title='bbox 410 3904 443 3936; x_wconf 91' lang='lat' dir='ltr'>ne</span> <span class='ocrx_word' id='word_1_349' title='bbox 467 3888 597 3941; x_wconf 78' lang='lat' dir='ltr'>recusabo</span> <span class='ocrx_word' id='word_1_350' title='bbox 624 3891 741 3961; x_wconf 89' lang='lat' dir='ltr'>quidem.</span> <span class='ocrx_word' id='word_1_351' title='bbox 787 3895 856 3949; x_wconf 80' lang='lat' dir='ltr'>Nam</span> <span class='ocrx_word' id='word_1_352' title='bbox 883 3899 978 3952; x_wconf 85' lang='lat' dir='ltr'>Cicero</span> <span class='ocrx_word' id='word_1_353' title='bbox 1003 3916 1087 3969; x_wconf 89' lang='lat' dir='ltr'>quum</span> <span class='ocrx_word' id='word_1_354' title='bbox 1115 3908 1202 3967; x_wconf 88' lang='lat' dir='ltr'>posset</span> <span class='ocrx_word' id='word_1_355' title='bbox 1225 3908 1374 3967; x_wconf 74' lang='lat' dir='ltr'>repugnare,</span> 
     </span>
     <span class='ocr_line' id='line_1_38' title="bbox 339 3974 1375 4055; baseline 0.004 -21"><span class='ocrx_word' id='word_1_356' title='bbox 339 3993 422 4046; x_wconf 77' lang='lat' dir='ltr'>quum</span> <span class='ocrx_word' id='word_1_357' title='bbox 441 3975 493 4028; x_wconf 79' lang='lat' dir='ltr'>XX</span> <span class='ocrx_word' id='word_1_358' title='bbox 517 3974 599 4028; x_wconf 79' lang='lat' dir='ltr'>millia</span> <span class='ocrx_word' id='word_1_359' title='bbox 625 3981 746 4050; x_wconf 83' lang='lat' dir='ltr'>equitum</span> <span class='ocrx_word' id='word_1_360' title='bbox 772 4002 800 4036; x_wconf 87' lang='lat' dir='ltr'>se</span> <span class='ocrx_word' id='word_1_361' title='bbox 819 4003 870 4055; x_wconf 93' lang='lat' dir='ltr'>pro</span> <span class='ocrx_word' id='word_1_362' title='bbox 897 4005 929 4038; x_wconf 90' lang='lat' dir='ltr'>eo</span> <span class='ocrx_word' id='word_1_363' title='bbox 954 3982 1127 4039; x_wconf 82' lang='lat' dir='ltr'>dimicaturos</span> <span class='ocrx_word' id='word_1_364' title='bbox 1153 3984 1266 4055; x_wconf 87' lang='lat' dir='ltr'>professi</span> <span class='ocrx_word' id='word_1_365' title='bbox 1293 3986 1375 4038; x_wconf 67' lang='lat' dir='ltr'>esseni»</span> 
     </span>
     <span class='ocr_line' id='line_1_39' title="bbox 338 4062 1376 4144; baseline 0.013 -30"><span class='ocrx_word' id='word_1_366' title='bbox 338 4062 432 4116; x_wconf 87' lang='lat' dir='ltr'>maluit</span> <span class='ocrx_word' id='word_1_367' title='bbox 449 4075 544 4134; x_wconf 88' lang='lat' dir='ltr'>sponte</span> <span class='ocrx_word' id='word_1_368' title='bbox 563 4065 591 4118; x_wconf 88' lang='lat' dir='ltr'>in</span> <span class='ocrx_word' id='word_1_369' title='bbox 610 4067 717 4121; x_wconf 82' lang='lat' dir='ltr'>exilium</span> <span class='ocrx_word' id='word_1_370' title='bbox 735 4070 790 4138; x_wconf 88' lang='lat' dir='ltr'>ire,</span> <span class='ocrx_word' id='word_1_371' title='bbox 809 4093 860 4128; x_wconf 88' lang='lat' dir='ltr'>nec</span> <span class='ocrx_word' id='word_1_372' title='bbox 879 4093 1020 4138; x_wconf 85' lang='lat' dir='ltr'>recusare,</span> <span class='ocrx_word' id='word_1_373' title='bbox 1039 4091 1134 4144; x_wconf 80' lang='lat' dir='ltr'>quum,</span> <span class='ocrx_word' id='word_1_374' title='bbox 1163 4069 1339 4141; x_wconf 78' lang='lat' dir='ltr'>repugnand⁰</span> <span class='ocrx_word' id='word_1_375' title='bbox 1354 4072 1376 4117; x_wconf 64' lang='lat' dir='ltr'>‘l</span> 
     </span>
     <span class='ocr_line' id='line_1_40' title="bbox 337 4148 1374 4231; baseline 0.007 -29"><span class='ocrx_word' id='word_1_376' title='bbox 337 4148 434 4202; x_wconf 80' lang='lat' dir='ltr'>civium</span> <span class='ocrx_word' id='word_1_377' title='bbox 452 4152 582 4222; x_wconf 80' lang='lat' dir='ltr'>sanguine</span> <span class='ocrx_word' id='word_1_378' title='bbox 600 4153 756 4223; x_wconf 83' lang='lat' dir='ltr'>tundendo,</span> <span class='ocrx_word' id='word_1_379' title='bbox 775 4172 873 4215; x_wconf 77' lang='lat' dir='ltr'>statum</span> <span class='ocrx_word' id='word_1_380' title='bbox 892 4163 919 4214; x_wconf 87' lang='lat' dir='ltr'>in</span> <span class='ocrx_word' id='word_1_381' title='bbox 941 4161 1025 4231; x_wconf 82' lang='lat' dir='ltr'>patria</span> <span class='ocrx_word' id='word_1_382' title='bbox 1046 4158 1191 4213; x_wconf 86' lang='lat' dir='ltr'>retinere.“</span> <span class='ocrx_word' id='word_1_383' title='bbox 1209 4153 1374 4229; x_wconf 86' lang='lat' dir='ltr'>Wyttenb·</span> 
     </span>
    </p>

    <p class='ocr_par' dir='ltr' id='par_1_6' title="bbox 336 4240 1385 4490">
     <span class='ocr_line' id='line_1_41' title="bbox 408 4240 1385 4320; baseline 0.013 -33"><span class='ocrx_word' id='word_1_384' title='bbox 408 4240 474 4309; x_wconf 84' lang='lat' dir='ltr'>quid</span> <span class='ocrx_word' id='word_1_385' title='bbox 491 4241 559 4293; x_wconf 86' lang='lat' dir='ltr'>enim</span> <span class='ocrx_word' id='word_1_386' title='bbox 576 4261 625 4314; x_wconf 80' lang='lat' dir='ltr'>ego</span> <span class='ocrx_word' id='word_1_387' title='bbox 642 4243 776 4315; x_wconf 80' lang='lat' dir='ltr'>laboravi]</span> <span class='ocrx_word' id='word_1_388' title='bbox 810 4253 870 4320; x_wconf 78' lang='lat' dir='ltr'>Ego</span> <span class='ocrx_word' id='word_1_389' title='bbox 894 4250 967 4302; x_wconf 83' lang='lat' dir='ltr'>abest</span> <span class='ocrx_word' id='word_1_390' title='bbox 988 4250 1021 4301; x_wconf 83' lang='lat' dir='ltr'>ab</span> <span class='ocrx_word' id='word_1_391' title='bbox 1040 4246 1091 4301; x_wconf 79' lang='lat'>01.</span> <span class='ocrx_word' id='word_1_392' title='bbox 1111 4245 1132 4299; x_wconf 93' lang='grc' dir='ltr'><strong>Ι.</strong></span> <span class='ocrx_word' id='word_1_393' title='bbox 1148 4259 1173 4300; x_wconf 90' lang='lat' dir='ltr'>et</span> <span class='ocrx_word' id='word_1_394' title='bbox 1192 4245 1264 4301; x_wconf 86' lang='lat' dir='ltr'>Gud.</span> <span class='ocrx_word' id='word_1_395' title='bbox 1284 4247 1315 4299; x_wconf 77' lang='lat' dir='ltr'>A.</span> <span class='ocrx_word' id='word_1_396' title='bbox 1348 4245 1385 4296; x_wconf 84' lang='lat' dir='ltr'>lo.</span> 
     </span>
     <span class='ocr_line' id='line_1_42' title="bbox 337 4325 1376 4390; baseline 0.009 -15"><span class='ocrx_word' id='word_1_397' title='bbox 337 4325 394 4376; x_wconf 75' lang='lat' dir='ltr'>en.</span> <span class='ocrx_word' id='word_1_398' title='bbox 413 4326 438 4376; x_wconf 84' lang='lat'>1.</span> <span class='ocrx_word' id='word_1_399' title='bbox 464 4338 502 4380; x_wconf 86' lang='lat' dir='ltr'>est</span> <span class='ocrx_word' id='word_1_400' title='bbox 525 4329 693 4390; x_wconf 79' lang='lat' dir='ltr'>elaboravi,</span> <span class='ocrx_word' id='word_1_401' title='bbox 719 4335 747 4387; x_wconf 90' lang='lat' dir='ltr'>in</span> <span class='ocrx_word' id='word_1_402' title='bbox 772 4334 844 4388; x_wconf 88' lang='lat' dir='ltr'>Gud.</span> <span class='ocrx_word' id='word_1_403' title='bbox 864 4336 894 4388; x_wconf 86' lang='lat' dir='ltr'>B.</span> <span class='ocrx_word' id='word_1_404' title='bbox 924 4335 1024 4387; x_wconf 75' lang='lat' dir='ltr'>labari.</span> <span class='ocrx_word' id='word_1_405' title='bbox 1060 4333 1122 4386; x_wconf 80' lang='lat' dir='ltr'>Mox</span> <span class='ocrx_word' id='word_1_406' title='bbox 1148 4337 1208 4387; x_wconf 74' lang='lat' dir='ltr'>Cre.</span> <span class='ocrx_word' id='word_1_407' title='bbox 1228 4337 1253 4387; x_wconf 90' lang='grc'><strong>1.</strong></span> <span class='ocrx_word' id='word_1_408' title='bbox 1282 4341 1329 4385; x_wconf 86' lang='lat' dir='ltr'>aut</span> <span class='ocrx_word' id='word_1_409' title='bbox 1352 4331 1376 4380; x_wconf 82' lang='lat' dir='ltr'>itt</span> 
     </span>
     <span class='ocr_line' id='line_1_43' title="bbox 336 4413 1376 4490; baseline 0.009 -28"><span class='ocrx_word' id='word_1_410' title='bbox 336 4431 388 4481; x_wconf 83' lang='lat' dir='ltr'>quo</span> <span class='ocrx_word' id='word_1_411' title='bbox 414 4413 686 4489; x_wconf 73' lang='lat' dir='ltr'>laboraverunt,</span> <span class='ocrx_word' id='word_1_412' title='bbox 718 4443 779 4477; x_wconf 88' lang='lat' dir='ltr'>cum</span> <span class='ocrx_word' id='word_1_413' title='bbox 805 4424 855 4477; x_wconf 77' lang='lat'>01.</span> <span class='ocrx_word' id='word_1_414' title='bbox 876 4425 926 4490; x_wconf 85' lang='lat' dir='ltr'>U.;</span> <span class='ocrx_word' id='word_1_415' title='bbox 954 4424 1034 4476; x_wconf 87' lang='lat' dir='ltr'>Drsd.</span> <span class='ocrx_word' id='word_1_416' title='bbox 1054 4428 1078 4476; x_wconf 89' lang='grc'><strong>1.</strong></span> <span class='ocrx_word' id='word_1_417' title='bbox 1108 4423 1267 4476; x_wconf 82' lang='lat' dir='ltr'>elaborat</span> <span class='ocrx_word' id='word_1_418' title='bbox 1295 4434 1376 4479; x_wconf 75' lang='lat' dir='ltr'>curae,</span> 
     </span>
    </p>
   </div>
   <div class='ocr_carea' id='block_1_4' title="bbox 0 0 1730 5342">
    <p class='ocr_par' dir='ltr' id='par_1_7' title="bbox 0 0 1730 5342">
     <span class='ocr_line' id='line_1_44' title="bbox 0 0 1730 5342; baseline 0 3"><span class='ocrx_word' id='word_1_419' title='bbox 0 0 1730 5342; x_wconf 95' lang='lat' dir='ltr'> </span> 
     </span>
    </p>
   </div>
  </div>
 </body>
</html>
