3450 5342
401 646 474 721 174
731 667 904 715 ramnum
931 663 1126 713 srorconuu.

399 832 466 887 cod.
480 829 560 883 Drsd.
569 833 596 883 4.
613 829 687 883 addit
703 837 739 881 u.
771 825 902 882 ¹Ceterum
919 824 941 879 si
961 826 1004 879 cui
1024 825 1092 878 lorte
1105 824 1172 896 soro
1190 826 1305 896 placeat,
1325 826 1348 878 is
1365 825 1448 890 habet,

397 938 451 992 quo
470 917 497 970 id
516 916 701 984 commendet,
729 914 779 969 Or.
806 935 855 986 pro
875 913 941 967 sen.
959 917 1003 980 35,
1021 917 1055 967 ta
1075 933 1115 984 sq.
1139 913 1186 967 ubi
1204 924 1258 967 esti
1290 916 1383 985 Quum
1395 915 1448 986 fo-

396 1027 467 1059 rum
485 1036 519 1048 -
539 1006 627 1059 multa
645 1006 677 1056 de
694 1014 771 1056 nocte
796 1004 912 1054 armatis
937 1001 1139 1054 homnibus-
1157 1002 1379 1070 occupavissent,
1403 1003 1448 1052 im·

393 1105 487 1164 petum
504 1095 621 1167 faciunt
648 1093 677 1144 in
701 1091 855 1143 Fabricium
881 1089 1042 1161 [principem
1070 1089 1216 1161 rogationis
1254 1089 1288 1141 de
1321 1090 1448 1143 Cicerone

397 1181 561 1237 restituendo
579 1191 606 1234 et
623 1179 785 1246 revocando]
804 1198 900 1231 monus
918 1178 1040 1246 afferrmt
1056 1207 1100 1236 —,
1120 1177 1316 1229 venientem'in
1332 1177 1448 1248 sorum

393 1269 482 1321 virum
499 1269 643 1338 optimum,
664 1271 704 1321 M.
731 1267 862 1336 Cispium,
880 1266 907 1316 vi
930 1265 1112 1334 depellunt
1120 1286 1130 1325 ‚·
1149 1275 1175 1318 et
1186 1265 1214 1317 in
1233 1264 1327 1318 Pison.
1351 1268 1393 1331 10,
1411 1271 1448 1321 23.

395 1357 446 1410 sic:
465 1375 547 1426 quum
568 1356 621 1407 viri
639 1354 699 1406 boni
718 1383 748 1393 -
771 1372 786 1404 e
801 1354 867 1424 soro
883 1353 1056 1423 pellerentur.
1090 1353 1149 1406 Mr.

462 1443 541 1512 serra
556 1442 645 1511 pulsis
664 1441 883 1512 magistratibus]
902 1439 1052 1494 Commode
1070 1440 1123 1495 buc
1148 1440 1226 1508 facit,
1259 1444 1342 1514 quod·
1361 1456 1398 1498 est
1419 1446 1443 1497 in

330 1576 334 1587 ,
396 1529 473 1582 Orat.
490 1541 550 1600 post
567 1529 633 1582 Red.
652 1529 686 1582 ad
704 1528 782 1597 Quir.
802 1533 827 1596 6,
847 1532 896 1583 14:
914 1533 1097 1602 Egoautem,
1122 1531 1149 1580 in
1178 1549 1234 1600 qua
1254 1532 1446 1585 civitatenilril

397 1617 500 1670 voleret
517 1628 645 1683 senatus,
663 1619 747 1669 omnis
767 1627 837 1669 esset
858 1618 1020 1687 impunitas,
1038 1618 1115 1670 nulla
1134 1618 1252 1683 iudicia,
1278 1621 1323 1673 vis
1347 1632 1374 1673 et
1386 1623 1443 1692 ser·

397 1725 457 1758 rum
474 1704 503 1757 in
516 1707 584 1777 soro
602 1716 789 1758 versarentur:
824 1725 883 1756 cum
897 1706 1003 1776 privati
1020 1725 1048 1758 se
1064 1705 1201 1775 parietum
1218 1710 1371 1776 praesidio,
1398 1729 1443 1761 non

396 1794 496 1865 legum,
515 1805 671 1846 tuerentur:
691 1793 794 1845 tribuni
807 1793 908 1863 plebis,
927 1794 1000 1847 vobis
1018 1792 1244 1863 inspectantibus,
1274 1795 1442 1848 vulneraren-

396 1895 458 1947 tur,
477 1883 515 1933 ad
531 1883 743 1954 magistratuum
762 1881 850 1933 domos
869 1899 930 1931 cum
941 1881 1021 1951 ferro
1039 1892 1067 1931 et
1079 1879 1194 1951 facibus
1206 1882 1323 1947 iretur,
1356 1901 1443 1934 corisu-

396 1973 430 2023 tis
443 1972 538 2041 fasces
551 1971 764 2041 frangerentur,
784 1969 890 2020 ‹leorum
909 1967 1099 2019 immortalium
1117 1968 1217 2036 templa
1235 1968 1441 2034 incenderentur,

396 2078 449 2110 rem
464 2058 600 2128 publicam
617 2076 674 2109 esse
692 2057 795 2108 nullam
812 2056 921 2124 putavi.
962 2058 1062 2125 Itaque
1081 2073 1128 2105 nec
1147 2072 1175 2106 re
1191 2055 1305 2123 publica
1324 2056 1442 2107 extermi-

395 2154 463 2196 nata
481 2146 546 2195 milri
564 2145 651 2196 locum
668 2145 696 2196 in
715 2145 768 2194 bac
786 2143 850 2195 urbe
868 2162 924 2195 esse
943 2143 1017 2195 duri.
1052 2142 1113 2195 Non
1132 2161 1235 2208 vereor,
1253 2132 1290 2195 ⁴ne
1310 2144 1370 2214 quis
1384 2142 1441 2194 mibi

397 2232 517 2296 obiiciat,
542 2232 620 2285 huius
646 2231 789 2297 orationis,
814 2251 883 2303 qnae
909 2251 923 2284 a
948 2231 1068 2298 Wolfio,
1097 2250 1203 2283 summo
1231 2231 1302 2299 viro,
1336 2231 1442 2302 aliisque

395 2319 455 2371 viris
473 2319 558 2372 doctis
574 2321 602 2372 in
620 2319 717 2390 spuriis
734 2318 822 2373 habita
842 2330 923 2373 estet
946 2318 1025 2372 hodie
1043 2339 1058 2371 a
1077 2317 1211 2390 plerisque
1230 2319 1357 2385 babetur,
1384 2318 1442 2371 nul-

394 2406 448 2459 lam
469 2427 523 2460 esse
541 2407 734 2460 auctoritatem.
769 2407 838 2460 Nam
856 2407 957 2460 etiamsi
977 2407 1016 2460 vel
1035 2408 1147 2460 maxime
1165 2418 1231 2461 esset
1242 2408 1342 2480 spuria,
1361 2407 1440 2478 ipsum

395 2495 522 2549 orationis
540 2506 728 2566 argumentum
750 2495 860 2547 minime
886 2495 1036 2548 destituitur
1060 2506 1086 2549 et
1105 2495 1212 2548 veritate
1237 2506 1265 2548 et
1283 2495 1440 2549 auctoritaie.

394 2581 447 2635 Sed
466 2603 554 2655 neque
572 2583 616 2636 illa
635 2583 668 2635 de
685 2588 777 2650 νοθείᾳ
795 2582 910 2652 suspicio
929 2583 963 2634 ita
983 2593 1055 2636 certa
1074 2593 1120 2647 est,
1138 2594 1168 2637 ut
1187 2582 1382 2638 dubitationem
1399 2581 1440 2635 ad-

396 2671 501 2724 mittere
518 2689 572 2725 non
588 2672 715 2724 videatur.
759 2670 821 2738 Qua
847 2671 881 2724 de
907 2692 936 2724 re
961 2672 1018 2724 ride
1038 2672 1056 2723 l.
1074 2676 1106 2723 A.
1125 2671 1260 2724 Savelii
1280 2672 1438 2744 Disputatio-

396 2778 457 2811 nem
476 2759 510 2811 de
535 2760 699 2813 vindicandis
717 2758 856 2812 Ciceronis
887 2761 1007 2832 quinque
1033 2759 1209 2812 Orationibus
1231 2761 1307 2829 (post
1337 2762 1390 2812 red.
1415 2760 1438 2811 in

396 2846 472 2911 Sem,
500 2847 533 2898 ad
552 2846 631 2913 Quir.
650 2857 711 2916 post
729 2846 799 2911 red,
826 2867 878 2917 pro
897 2848 986 2900 Domo
1005 2868 1051 2901 sua
1080 2847 1112 2900 ad
1133 2847 1244 2918 pontif.;
1275 2847 1310 2899 de
1334 2847 1437 2918 Harusp.

394 2954 479 3004 resp.;
499 2953 548 3004 pro
567 2932 704 2985 Marcello.
723 2932 819 2985 Calon.
838 2933 902 3003 Agr.
916 2935 1013 3003 4828ε)
1032 2935 1203 3005 eiusdemque
1219 2934 1359 2988 Editiones
1376 2934 1438 2988 Ora·
1459 2944 1463 2955 “

395 3022 500 3074 tionum
519 3030 578 3089 post
595 3018 688 3071 Redss
681 3039 708 3071 m
728 3019 792 3072 Seu.
804 3031 828 3073 et
848 3040 898 3090 pro
917 3021 1006 3074 Domo
1018 3027 1096 3077 1830
1115 3025 1234 3077 e11834.
1255 3024 1354 3094 quibus
1371 3021 1437 3085 adde,

395 3124 463 3174 quae
495 3105 598 3175 scripsit
616 3105 667 3158 Th.
695 3107 839 3159 Lucas'
831 3127 860 3159 rn
889 3108 989 3179 prolus.
1020 3109 1141 3164 scholast
1168 3109 1437 3182 Hirschberg.183l.

395 3189 666 3256 Quaestiuncularum
686 3193 872 3248 Tullianarum
891 3198 1036 3268 specimen.
1055 3203 1081 3253 4.
1117 3198 1175 3252 Mr-

465 3289 577 3331 senatus
596 3299 688 3333 nomen
705 3284 733 3334 in
752 3301 780 3335 re
795 3284 907 3352 publica
925 3306 988 3338 nou
1006 3289 1087 3354 eron]
1129 3287 1218 3352 „Nam
1237 3289 1383 3341 auctoritas
1398 3286 1438 3338 de·

393 3377 476 3419 tracta
495 3379 552 3421 erat
569 3368 679 3422 Senatui
709 3371 852 3424 atribuno
877 3384 903 3426 et
929 3372 1099 3428 Consulibus.
1141 3374 1216 3441 Quin
1245 3374 1327 3428 etiam
1349 3371 1437 3428 Consul

394 3455 525 3510 Gabinius
543 3459 570 3510 in
591 3460 722 3513 concione
742 3461 841 3515 dixerat
860 3483 950 3515 errare
967 3462 1100 3527 homines,
1132 3463 1153 3515 si
1174 3463 1254 3514 etiam
1282 3474 1340 3516 tum
1363 3463 1437 3516 Sena·

395 3557 451 3598 tum
471 3546 571 3617 aliquid
590 3547 618 3600 in
638 3548 786 3619 republica
805 3570 883 3622 posse
897 3553 1116 3605 arbitrarentur.“
1136 3551 1159 3601 F
1165 3570 1208 3602 rc.
1227 3550 1319 3621 Sylr.
1356 3550 1438 3603 lnbac

393 3636 500 3706 quidem
526 3636 578 3688 loci
605 3638 780 3706 explicatione
807 3640 1013 3710 acquiescebant
1039 3650 1064 3692 et
1090 3640 1249 3709 interpretes
1275 3651 1301 3692 et
1328 3640 1438 3701 lectores,

393 3723 548 3792 praesertim
567 3742 628 3774 cum
648 3724 708 3776 libri
728 3726 792 3777 nihii
810 3727 867 3777 sere
886 3728 1025 3781 variarent.
1070 3727 1163 3798 Neque
1183 3728 1304 3779 nuncin
1326 3739 1395 3781 tanta
1412 3725 1439 3776 ti-

394 3809 505 3860 brorum
526 3808 704 3876 multitudine,
725 3813 770 3881 qui
789 3813 821 3863 ad
842 3832 937 3865 manus
956 3825 1027 3881 sunt,
1045 3814 1193 3886 quidquam
1211 3814 1356 3881 varietatis,
1375 3810 1438 3885 quod

394 3894 624 3966 operaepretium
644 3897 776 3965 videatur,
794 3901 943 3954 notandum
964 3913 1017 3969 est,
1040 3902 1089 3955 nisi
1109 3901 1181 3973 quod
1200 3901 1282 3955 Drsd.
1302 3908 1328 3957 5.
1356 3903 1438 3956 babet:

395 3996 507 4038 senatus
524 3987 552 4037 in
571 4005 599 4038 re
614 3985 740 4055 publica:
768 4007 809 4039 nu
820 4009 844 4040 m
862 4001 923 4042 erat
937 3993 1103 4060 praedonum
1122 3990 1168 4041 ille
1186 4009 1336 4045 concursus
1354 4002 1391 4056 et,
1416 3999 1439 4039 tr

394 4074 474 4140 duce,
493 4075 664 4127 latrocinium
684 4076 712 4126 in
726 4077 791 4146 soro
812 4080 1030 4135 conductum.
1078 4078 1131 4132 Sed
1157 4078 1262 4148 primus
1287 4091 1393 4134 exortus
1408 4087 1440 4130 est

393 4161 535 4230 Graevius,
571 4162 617 4235 qui
647 4183 708 4217 cum
737 4164 765 4216 in
797 4187 843 4220 sua
869 4169 985 4222 editione
1010 4169 1182 4221 annotatione
1208 4167 1301 4238 paullo
1326 4167 1439 4238 longiore

392 4249 534 4306 lectionem
553 4252 684 4324 vulgatam
704 4253 797 4324 (quam
816 4258 926 4311 servavit
944 4270 1031 4311 tamen
1050 4257 1077 4310 in
1098 4254 1237 4323 contextis)
1256 4256 1440 4328 impugnasset,

394 4336 498 4406 plures,
517 4351 546 4394 ut
563 4340 606 4405 fit,
624 4340 715 4394 babuit
733 4353 889 4409 sectatores,
920 4346 965 4416 qui
993 4365 1048 4397 non
1074 4343 1186 4396 eandem
1206 4345 1334 4415 quidem,
1367 4361 1439 4418 quam

392 4422 448 4493 ipse
467 4425 599 4496 voluerat,
619 4429 749 4484 medelam
769 4430 925 4486 adhiberent
943 4433 1011 4500 loco,
1031 4431 1076 4485 sed
1095 4432 1123 4483 in
1142 4451 1174 4484 eo
1190 4435 1377 4489 consentirent
1392 4433 1439 4486 lere
