3450 5342
408 626 458 699 30
737 647 908 693 rinanoxr
936 646 1130 695 srorconuu.

407 822 463 902 qui
478 817 653 883 Corinthiis
665 816 821 897 operibus
836 815 1015 891 abundant,
1034 833 1077 880 an
1093 813 1127 881 (l.
1141 815 1294 891 Fabricii,
1309 816 1369 895 qui
1382 817 1460 880 nilril

408 971 523 1020 eorum
537 953 659 1027 habuit,
684 951 765 1015 nihil
786 952 910 1015 habere
936 953 1050 1028 voluit,
1075 952 1198 1016 similes
1223 970 1296 1016 esse
1322 953 1458 1018 malint?

408 1095 515 1171 Atque
537 1090 621 1154 haec
636 1088 778 1167 quidem,
804 1106 889 1169 quae
910 1091 1012 1156 modo
1028 1092 1109 1166 liuc,
1134 1088 1237 1155 modo
1252 1089 1331 1153 illuc
1355 1095 1457 1156 tram-

245 1219 288 1301 Sc„
297 1248 321 1287 c·
397 1204 569 1313 ffiuntur,
586 1224 681 1287 facilc
703 1224 821 1290 adduci
838 1227 946 1291 solent
971 1231 1006 1290 ut
1028 1227 1064 1291 in
1082 1227 1181 1290 rebus
1198 1225 1295 1290 bonis
1309 1242 1383 1290 esse
1403 1244 1456 1289 ne-

410 1367 503 1443 gent:
524 1361 604 1426 illud
620 1365 708 1425 arcte
722 1365 844 1439 tenent,
861 1367 1081 1443 accurateque
1095 1338 1283 1438 detendunt,
1310 1360 1456 1441 volupta-

406 1503 473 1561 tem
488 1506 560 1563 esse
574 1513 737 1581 summum
756 1496 904 1560 bonum:
923 1494 1020 1575 Quae
1034 1497 1167 1579 quidem
1181 1497 1261 1563 mihi
1277 1514 1348 1562 vox
1361 1513 1455 1578 pecu·

407 1634 485 1697 dum
511 1632 639 1699 videtur
661 1649 750 1708 esse,
768 1649 843 1701 ¹non
869 1632 1053 1697 hominum.
1105 1634 1167 1713 Tu,
1191 1650 1293 1714 quum
1314 1634 1374 1697 tibi
1392 1633 1454 1697 sire

406 1770 506 1848 deus,
531 1769 601 1833 sive
620 1772 743 1845 mater,
769 1773 804 1831 ut
829 1769 876 1833 ita
900 1768 1023 1847 dicum,
1059 1786 1172 1837 rerum
1197 1770 1368 1848 omnium,
1400 1787 1452 1835 na-

407 1911 497 1983 tura,
523 1905 648 1969 dederit
672 1903 828 1979 animum,
860 1923 928 1986 quo
951 1907 1032 1971 nihil
1059 1910 1109 1971 est
1133 1907 1374 1988 praestantius,
1400 1924 1452 1969 nc·

405 2060 470 2122 que
497 2040 659 2118 divinius,
681 2040 729 2103 sic
751 2044 782 2103 te
808 2039 879 2120 ipse
903 2041 1039 2107 abiicies
1066 2047 1164 2125 utque
1175 2050 1399 2131 prosternes,
1424 2047 1452 2103 ut

325 2244 335 2259 ..
404 2175 485 2241 nihil
517 2176 603 2244 inter
635 2179 667 2239 le
699 2178 797 2256 atque
836 2177 1083 2260 quadrupedem
1114 2181 1260 2260 aliquam
1287 2184 1383 2261 putes
1408 2179 1452 2241 in·

405 2313 552 2377 teresse?
613 2310 840 2395 Quicquamne
878 2313 1007 2381 bonum
1037 2320 1103 2396 est,
1144 2316 1234 2397 quod
1268 2334 1338 2381 non
1373 2332 1451 2390 eum,

406 2449 522 2531 quiid
548 2449 709 2532 possidet,
745 2449 918 2519 meliorem
955 2450 1056 2515 facit‘l
1120 2452 1161 2518 Ut
1198 2452 1287 2515 enim
1321 2452 1451 2533 quisque

405 2592 455 2651 est
478 2587 622 2652 maxime
640 2587 721 2651 boni
737 2587 911 2668 particeps,
932 2588 978 2653 ita
991 2589 1090 2653 etiarn
1104 2588 1279 2654 laudabilis
1296 2589 1450 2652 maxime:

404 2740 511 2804 neque
528 2727 587 2787 ¹est
611 2724 716 2789 ullum
741 2724 887 2801 bonum,
921 2723 963 2788 de
990 2743 1058 2807 quo
1083 2742 1152 2790 non
1178 2725 1224 2801 is,
1259 2725 1319 2806 qui
1344 2725 1378 2789 id
1398 2724 1450 2787 ha-

403 2860 498 2937 bent,
521 2860 659 2923 honeste
686 2860 790 2939 possit
813 2860 959 2941 gloriari.
1012 2861 1101 2942 Quid
1125 2866 1237 2927 nutem
1262 2868 1314 2927 est
1338 2862 1450 2925 horum

402 2997 437 3059 in
472 2997 666 3076 voluptate?
732 2995 949 3062 Melioremne
975 3000 1076 3066 eflicit
1110 3004 1168 3065 aut
1204 2999 1449 3065 laudabiliorem

403 3133 535 3195 virum‘l
579 3148 621 3195 an
656 3131 829 3213 quisquam
862 3134 896 3197 in
931 3136 1098 3217 potiundis
1135 3134 1361 3216 voluptatibus
1383 3134 1448 3214 glo·

402 3267 521 3331 riando
547 3284 619 3331 sese
641 3271 674 3333 et
699 3268 944 3349 praedicatione
963 3271 1080 3337 eliertl
1122 3273 1221 3353 Atqui
1243 3271 1271 3336 si
1293 3272 1447 3352 volupes,

404 3420 490 3486 quae
512 3406 732 3487 plurimorum
753 3406 944 3488 patrociniis
977 3406 1182 3483 defenditur,
1208 3408 1243 3470 in
1272 3407 1374 3471 rebus
1394 3403 1447 3465 bo·

403 3543 453 3605 nis
480 3543 634 3611 habenda
654 3560 723 3606 non
746 3547 812 3607 estc
837 3562 963 3626 eaque,
993 3563 1060 3625 quo
1084 3549 1132 3609 est
1155 3543 1283 3619 maior,
1316 3559 1359 3607 eo
1384 3555 1446 3603 ma·

404 3680 452 3758 gis
483 3681 627 3741 mentem
660 3696 689 3741 e·
708 3697 769 3747 sua
809 3682 887 3746 sede
916 3685 1059 3771 etstntu
1090 3670 1281 3753 demovet3'
1308 3675 1449 3759 proiecto

403 3812 484 3875 nihil
510 3819 559 3876 est
582 3812 673 3878 aliud
708 3817 793 3881 bene
821 3824 854 3882 ot
883 3820 979 3885 beate
1016 3819 1128 3889 vivere
1156 3815 1227 3885 nisi
1260 3814 1451 3879 honesteet

403 3955 491 4015 recte
519 3951 642 4016 vivere.

468 4120 547 4179 Ὅτι
564 4126 663 4190 μόνον
682 4123 819 4194 α’γαθδν
842 4129 880 4182 rc'
898 4130 1021 4196 naida]
1072 4126 1230 4194 „Ciceronis
1252 4118 1455 4199 argumenlflndl

407 4215 534 4281 modurn,
559 4215 605 4287 qui
624 4215 742 4268 iuniores
766 4215 876 4269 fortasse
895 4215 1046 4269 dialecticos
1064 4216 1140 4282 lacer,
1165 4215 1238 4289 quod
1263 4235 1328 4269 cunr
1355 4208 1458 4268 dicendi

406 4302 473 4357 ssore
495 4303 655 4357 coniunctus
673 4313 723 4370 esi,
743 4301 795 4356 hoe
815 4314 893 4374 pacto
918 4302 946 4355 in
965 4303 1195 4356 ratiocinationem
1214 4302 1383 4373 redigemus:
1411 4298 1460 4353 So·

407 4391 462 4444 lum
482 4392 524 4456 id,
544 4410 598 4463 quo
618 4401 728 4460 accepto
747 4408 823 4444 mens
841 4401 931 4444 nostra
949 4390 1107 4461 acquiescit,
1125 4391 1163 4443 nil
1187 4389 1304 4461 amplius
1322 4386 1462 4451 desident,
