3450 5342
336 654 409 731 232
672 676 845 725 ιιιιιιοιι
872 675 1067 727 ιιοιιοιιυι.

335 845 380 897 dat
396 837 500 894 Ruunt.
519 838 552 892 ad
571 834 653 890 Rutil.
670 835 739 908 Lup.
757 835 777 888 l.
795 857 822 908 p.
840 839 891 900 453
917 846 944 889 el
970 835 1004 889 ad
1030 855 1055 887 ι.
1080 833 1140 888 orl.
1166 852 1225 891 car.
1251 854 1304 888 suo
1328 835 1388 890 Phil.

336 930 382 996 Vl,
394 935 425 982 2:
444 927 518 998 Quid
534 925 580 977 ille
594 942 713 996 unquam
733 923 891 975 arbitrio
909 942 972 975 suo
984 921 1098 995 fecit,
1115 940 1219 992 semper
1237 940 1268 974 oo
1281 933 1390 985 tractus,

335 1015 487 1091 qno'libido
505 1013 614 1083 rapuit,
630 1031 683 1084 quo
702 1012 854 1078 levitas,
874 1030 927 1083 quo
943 1010 1035 1082 furor,
1054 1030 1108 1083 quo
1127 1009 1302 1064 vinolentia?
1322 1009 1381 1063 Mn·

407 1120 495 1156 omnes
513 1100 598 1165 leves,
623 1127 658 1138 -
682 1098 807 1168 cupidos,
834 1126 869 1137 -
893 1095 1034 1167 improbos]
1084 1101 1187 1163 „Leues
1213 1126 1250 1138 -
1278 1117 1388 1170 quorum

332 1190 468 1263 appetitus
493 1188 608 1258 imperat
632 1185 730 1251 menti;
765 1185 876 1255 cupidos
894 1212 930 1224 -
954 1203 1010 1237 uon
1036 1195 1141 1238 tantum
1165 1186 1319 1257 pecuniae,
1350 1187 1389 1240 sed

335 1278 449 1334 aliarum
473 1294 582 1347 quoque
608 1292 714 1338 rerum3
742 1271 872 1342 improbos
892 1300 926 1310 -
954 1272 1057 1327 virtutis
1082 1284 1218 1344 expertes,
1243 1274 1312 1327 vitiis
1336 1275 1390 1345 qui·

336 1370 495 1435 buscunque
514 1361 662 1433 praeditos,
681 1358 827 1422 perileucf‘
853 1359 927 1415 Ald.
946 1359 1034 1415 Man.
1075 1359 1260 1426 „Gulielmius
1286 1362 1330 1415 edi
1349 1381 1387 1414 vo·

335 1453 385 1507 luit
404 1469 434 1505 ex
454 1449 567 1502 Mauric.
585 1449 715 1518 improbos
733 1459 765 1500 et
783 1467 875 1502 servos
891 1467 956 1502 esse.
1001 1451 1040 1501 Ee
1065 1449 1136 1501 euim
1166 1468 1218 1520 pro
1244 1450 1331 1501 etiam
1353 1450 1388 1503 la·

337 1538 440 1593 miliare
458 1556 513 1590 esse
532 1535 687 1591 Ciceroni.“
723 1537 864 1590 Gruter.

407 1643 495 1679 omnes
512 1625 598 1691 leves,
616 1643 704 1677 opines
722 1624 844 1693 cupidos,
870 1641 958 1675 omues
978 1650 1013 1663 -·-
1032 1623 1174 1694 improbos]
1222 1627 1327 1689 ‚maon
1343 1643 1387 1694 op-

338 1723 477 1784 ponuntur
501 1713 639 1782 gravibus,
678 1712 769 1781 cupidi
798 1711 944 1765 moderatis
967 1721 993 1765 et
1023 1712 1251 1782 temperantibus,
1285 1711 1387 1780 improbi

338 1800 430 1873 probis
447 1799 465 1853 i.
483 1819 506 1854 e.
523 1800 604 1855 iustis.
642 1798 727 1870 igitur
745 1800 794 1853 tria
816 1810 946 1853 notantur
964 1800 1098 1853 contraria
1125 1799 1187 1852 vitia
1206 1799 1296 1857 tribus
1314 1799 1387 1852 virtu-

265 1911 275 1923 ·
338 1888 422 1952 tibus,
434 1887 615 1958 fortitudini,
631 1888 843 1958 temperantiae,
870 1888 1003 1942 iustitiae.
1046 1886 1115 1940 Nam
1130 1887 1302 1956 prudentio,
1327 1906 1386 1958 quoe

339 1985 376 2027 est
395 1973 480 2044 prima
501 1974 581 2027 virtus
599 1986 625 2029 et
643 1974 807 2047 reliquarum
827 1974 1050 2039 fundamentum,
1076 1972 1114 2026 nil
1139 1971 1223 2025 habet
1249 1991 1386 2026 commuue

339 2080 401 2115 cum
419 2061 557 2133 improbis.
598 2061 670 2116 Talis
689 2065 761 2116 enim
781 2063 945 2134 perspicacia
964 2074 990 2116 et
1006 2060 1114 2116 solertia
1140 2059 1168 2112 iu
1187 2059 1323 2132 improbis
1339 2078 1385 2112 ooo

338 2149 436 2203 dicitur
454 2148 609 2220 prudentia,
628 2150 673 2203 sed
693 2153 801 2219 astutia,
820 2152 913 2218 dolus,
932 2152 1033 2205 fraus.“
1053 2145 1091 2201 W
1098 2148 1234 2220 ylleub.
1272 2147 1386 2218 Denique

338 2236 420 2306 Borg.
439 2237 550 2307 explicat
567 2238 703 2306 ‚‚verb0⁸‘,
730 2238 876 2312 laudatque
902 2239 981 2292 huius
1005 2235 1101 2291 Paul.
1124 2256 1149 2291 c.
1169 2241 1196 2289 2.
1221 2246 1301 2290 ertu:
1330 2231 1387 2306 quid

326 2324 451 2395 ¹deniqne
468 2342 521 2379 non
530 2325 600 2376 servi
616 2325 734 2377 inertis?
754 2327 945 2392 Verr.lV‚45:
965 2323 1097 2387 acerbum,
1115 2323 1269 2393 indignum,
1287 2321 1386 2372 luctuo-

337 2429 397 2463 sum
422 2411 543 2483 deniqne.
589 2411 631 2464 De
657 2411 773 2467 lectione
797 2413 916 2484 primum
942 2411 1110 2467 monendum
1137 2408 1267 2462 excidisse
1286 2426 1346 2460 casu
1362 2405 1384 2457 iu

339 2495 387 2549 Ed.
407 2496 509 2553 Geruli.
528 2501 607 2554 verbo
625 2520 713 2554 omnes
731 2502 860 2571 cupidam
892 2500 990 2555 deiude
1008 2509 1069 2571 post
1087 2499 1149 2568 quis
1168 2506 1249 2568 neget
1268 2495 1347 2549 inseri
1362 2494 1383 2546 iu

257 2604 259 2608 ·
339 2584 424 2640 Codd.
440 2587 520 2642 Drsd.
539 2593 565 2641 l.
581 2592 606 2644 3.
626 2590 705 2643 verba
723 2590 786 2642 licet
804 2610 896 2662 reges,
918 2607 988 2663 quae
1012 2589 1070 2643 sine
1089 2585 1173 2641 dubio
1191 2583 1328 2637 debentur
1343 2580 1384 2634 ali·

339 2676 382 2728 cui
401 2675 546 2747 glossatori.
583 2674 614 2729 lu
634 2675 701 2731 Cod.
720 2676 779 2731 Cra.
793 2682 886 2750 &pro
906 2695 994 2731 omnes
1010 2673 1208 2746 compendium
1228 2681 1268 2724 est
1286 2681 1327 2724 ter
1342 2686 1382 2740 po·

338 2763 434 2830 situm,
454 2764 526 2836 quod
547 2763 635 2836 legere
654 2765 737 2838 possis
755 2769 853 2820 omines
872 2766 912 2819 vel
931 2766 1059 2820 domines.
1095 2762 1168 2815 Tum
1189 2761 1271 2814 Drsd.
1291 2763 1317 2815 3.
1335 2764 1383 2829 poti

338 2851 408 2905 laves
426 2853 514 2923 pergit
531 2852 618 2903 licet
636 2871 724 2905 omnes
743 2855 871 2923 cupidos,·
897 2854 977 2911 Drsd.
997 2857 1021 2907 5.
1052 2869 1139 2904 omnes
1167 2849 1282 2920 denique
1307 2860 1383 2898 servos

337 2938 468 3005 improbos
485 2956 558 2997 essm
578 2937 703 3004 scribitur
720 2959 812 2993 servos
830 2960 888 2995 esso
907 2943 934 2994 in
948 2942 1027 2995 Drsd.
1035 2945 1061 2992 2.
1071 2943 1097 2993 4.
1132 2939 1258 3003 Sueriu.;
1279 2930 1382 2989 Gudll·

338 3041 425 3074 omnes
442 3041 498 3074 esse
517 3024 640 3092 cupidos,
670 3045 758 3078 omnes
776 3027 890 3100 denique
907 3029 1038 3099 improbos
1057 3046 1114 3080 esse
1138 3045 1239 3081 servos.
1275 3023 1343 3078 Gud.
1357 3019 1381 3071 ll·

339 3110 422 3160 oannis
440 3127 500 3177 cup.
521 3113 605 3161 oninis
623 3112 682 3168 den.
698 3114 761 3183 imp.
780 3134 849 3170 serv.
868 3133 934 3172 esse.
970 3115 1030 3169 Mr.

409 3195 456 3246 An
473 3196 520 3247 ille
539 3198 605 3248 milii
621 3198 704 3268 liber,
722 3204 767 3254 cui
786 3203 881 3255 mulier
900 3203 1049 3274 imperat?]
1083 3201 1170 3269 „Tam
1191 3201 1307 3274 turpiter
1322 3197 1381 3251 euim

339 3282 472 3336 Antonius
496 3283 654 3357 Cleopatrae
677 3291 794 3358 servivit,
826 3311 908 3363 quam
932 3291 1061 3346 Hercules
1089 3288 1252 3361 Omphalae.
1300 3279 1381 3339 Uerrii

338 3370 488 3425 huiusmodi
508 3373 634 3429 dicuntur
651 3377 767 3447 latinis,
793 3380 905 3435 Graecis
922 3379 1208 3450 γυναικοκρατούμενοι.
1246 3375 1281 3429 Et
1299 3390 1380 3444 quan·

338 3478 419 3530 quam
438 3458 535 3514 Cicero
560 3483 668 3518 caecum
695 3467 722 3519 iu
749 3468 920 3540 Cleopatram
944 3488 1065 3522 amorem
1095 3467 1184 3520 videre
1214 3485 1271 3518 uon
1301 3458 1380 3534 pouit.

338 3548 460 3618 praebuit
479 3561 566 3604 tamen
586 3565 663 3609 autea
681 3557 818 3627 specimen
831 3558 859 3611 in
868 3558 961 3613 Fulvia
977 3558 1102 3626 coniuge,
1123 3572 1192 3624 quae
1206 3552 1303 3606 Clodio
1321 3548 1381 3620 prius

337 3647 420 3707 nupta
439 3637 538 3692 suerats
558 3659 641 3710 quae,
662 3655 690 3696 ut
709 3655 765 3698 erat
783 3646 942 3717 imperiosa,
961 3646 995 3698 ita
1016 3661 1077 3696 eum
1104 3640 1233 3707 instituit,
1266 3650 1296 3691 ιιι
1312 3635 1380 3688 Cleo·

337 3734 428 3792 patrae
446 3726 538 3794 iugum
558 3727 661 3781 facilius
679 3730 749 3783 lerre
768 3734 893 3801 potuerit.
930 3733 983 3786 Sed
1003 3731 1059 3783 vide
1072 3726 1280 3782 Plutarchum.“
1299 3725 1321 3776 X
1328 3730 1379 3794 ysl·

335 3809 447 3863 Belul.
472 3812 512 3877 [in
532 3813 591 3864 Vita
612 3816 731 3884 Antonii,
752 3823 816 3888 iu.].
860 3821 926 3887 „Sic
951 3803 984 3873 de
1001 3817 1117 3872 Hercule
1143 3815 1251 3887 scripsit
1268 3811 1379 3882 Quincti·

336 3893 423 3947 limus
441 3894 510 3949 m’w
531 3900 618 3965 ¹⁰s¹i02
637 3902 673 3970 [0-
691 3908 717 3972 ¹1,
738 3910 763 3960 6.
784 3927 810 3978 p.
829 3910 891 3962 547.
908 3909 979 3963 Edit.
998 3905 1112 3979 spani}
1125 3905 1199 3977 quod
1219 3923 1283 3960 cum
1301 3899 1381 3972 regina

336 3981 434 4053 Lydiae
454 3983 587 4056 Omphale
607 3991 727 4046 vestitum
753 3997 894 4051 mutaverit
913 4009 938 4051 et
965 3998 1096 4068 imperata
1126 4013 1210 4065 pensa
1237 3987 1381 4048 tractaverit·

335 4068 417 4136 Quod
447 4073 562 4143 amplius
584 4078 688 4149 scripsit
716 4082 854 4137 Diodorus
881 4084 988 4139 Siculus
1016 4085 1086 4137 libro
1109 4086 1162 4136 V.“
1200 4084 1275 4137 Fre.
1305 4078 1381 4152 Syll·

335 4158 433 4226 [Locus
460 4173 497 4215 est
522 4162 639 4231 Diodori,
654 4168 684 4221 L.
702 4171 748 4225 lV.
775 4190 799 4224 c.
819 4177 862 4228 31.
888 4192 914 4242 p.
935 4177 994 4228 aio.
1012 4173 1060 4225 Ed.
1078 4172 1257 4244 wesseling]
1304 4163 1381 4237 „Mill

334 4260 372 4302 est
397 4249 506 4305 Dativus
531 4252 644 4322 ethicus,
674 4257 720 4327 qui
745 4259 878 4329 significat
907 4260 1131 4325 admirationem,
1159 4261 1225 4314 item
1251 4260 1270 4313 i.
1290 4280 1315 4330 q.
1332 4268 1381 4309 meo

335 4335 446 4391 iudicio:
467 4340 545 4393 veluti
565 4342 590 4394 h.
609 4343 627 4397 l·
644 4363 679 4396 au
701 4344 777 4399 illum
799 4366 850 4419 ego
871 4348 985 4402 liberum
1003 4348 1144 4402 iudicem?
1165 4380 1200 4391 -
1228 4351 1273 4403 cui
1291 4378 1326 4391 -··
1341 4347 1381 4397 im·

332 4434 421 4488 perat.
462 4426 554 4482 Simile
583 4443 621 4485 est
640 4434 789 4504 exemplum
820 4437 847 4489 in
869 4438 1019 4509 fragmento
1039 4436 1187 4492 Menandri
1208 4438 1305 4494 comici
1322 4430 1382 4506 apud
