3450 5342
351 680 423 754 180
670 699 842 747 rtntuoxt
872 694 1066 745 srotconuu.

348 866 433 920 solum
453 875 519 918 esset
537 861 776 924 considerandum,
797 869 942 930 praestaret
961 869 1006 917 ot,
1028 857 1119 930 quod,
1138 858 1157 911 si
1176 857 1308 929 respicias
1325 860 1398 912 verba

346 957 444 1025 Itaque
465 952 564 1021 palsas
583 969 631 1021 ego
656 962 721 1015 etc,
751 967 842 1001 verum
867 967 922 1001 esse
949 948 1111 1001 existimabat
1136 944 1256 1012 Geruli,
1289 949 1397 1017 probare

345 1043 423 1096 etiam
443 1040 545 1093 videtur
562 1039 726 1102 Fecundius,
746 1037 853 1091 cumin
874 1037 969 1090 Lexico
989 1036 1078 1089 laudet
1096 1034 1188 1088 iocum
1210 1045 1334 1089 nostrum
1352 1056 1371 1087 s.
1381 1055 1399 1086 r.

345 1141 391 1190 at‚·
418 1128 562 1199 laudetque
580 1127 655 1180 lucos
679 1125 778 1179 similes
803 1145 825 1176 v.
847 1143 871 1177 c.
890 1123 994 1177 Famm.
1013 1128 1039 1189 t,
1058 1127 1105 1177 24:
1134 1125 1183 1176 At
1211 1123 1308 1189 vide,
1337 1122 1399 1194 quid

346 1227 500 1271 succenseat
509 1236 518 1276 ‚·
539 1234 588 1285 pro
609 1214 689 1267 Dom.
707 1218 756 1268 44:
776 1222 810 1263 ot
831 1213 865 1264 oi
875 1213 950 1264 dete
971 1212 1083 1264 bominis
1101 1209 1298 1262 intolerabilem
1313 1209 1396 1260 ouda-

346 1307 431 1364 ciom5
462 1303 543 1372 Borg.
561 1314 667 1366 autem,
686 1312 716 1354 ut
733 1300 936 1355 commendaret
964 1318 996 1351 aa
1015 1299 1081 1353 locis
1104 1297 1255 1364 similibus,
1283 1297 1397 1351 excitarit

345 1392 433 1445 Diria.
452 1393 480 1443 in
499 1388 599 1443 CaeciI.
618 1392 661 1454 11,
681 1393 739 1443 db:
772 1391 822 1442 Ac
847 1387 942 1453 vide,
971 1397 1104 1459 quantum
1127 1385 1332 1457 interfuturum
1355 1385 1395 1448 sit,

345 1482 380 1533 ib.
400 1481 445 1545 19,
465 1482 512 1531 61:
529 1478 559 1529 A
565 1496 578 1528 c
598 1477 692 1541 vide,
711 1477 778 1549 quid
790 1475 903 1543 differat
918 1475 989 1527 inter
1003 1492 1087 1526 meam
1105 1474 1255 1543 opinionem
1272 1484 1301 1524 et
1312 1482 1394 1523 tuam:

347 1556 510 1640 quamquam
530 1575 646 1636 utroque
664 1564 725 1618 loco
744 1575 814 1630 sunt,
834 1563 880 1635 qui
899 1582 931 1616 er
948 1562 1034 1616 Codd.
1053 1561 1143 1633 tegant
1161 1571 1209 1612 at:
1229 1572 1335 1627 contra,
1353 1559 1393 1611 ubi

346 1674 419 1708 nunc
437 1653 535 1725 legitur
554 1664 584 1705 ot
603 1653 639 1722 (c.
660 1656 703 1718 ts,
722 1656 766 1708 48.
785 1652 813 1704 in
833 1652 926 1704 eadem
943 1651 1091 1717 oratione):
1121 1651 1169 1702 At
1193 1668 1226 1701 ne
1244 1650 1269 1702 is
1297 1648 1394 1720 quidem

345 1751 454 1793 tantam
472 1742 610 1792 contendet
619 1769 662 1806 -,
681 1751 742 1793 suut
761 1739 807 1812 qui
826 1738 966 1793 exhibeant
984 1757 1028 1792 ac.
1068 1738 1170 1791 Pendet
1190 1749 1281 1791 autem
1301 1734 1329 1789 in
1346 1747 1392 1788 tam

345 1830 480 1901 frequenti
500 1828 636 1881 literarum
656 1848 670 1878 c
689 1839 714 1881 et
734 1837 762 1892 t,
782 1827 937 1897 praesertim
957 1827 985 1878 in
1004 1826 1044 1878 bis
1062 1827 1178 1891 voculis,
1201 1826 1392 1897 permutatione

345 1929 399 1970 tota
418 1937 459 1969 res
477 1936 491 1969 a
511 1917 639 1969 sententia
661 1917 723 1969 ioci:
747 1934 861 1986 eamque
880 1915 923 1969 hic
941 1916 1078 1987 requirere
1097 1934 1130 1966 oc
1153 1915 1233 1968 tacite
1260 1912 1392 1974 concedes,

287 2016 290 2021 '
345 2022 401 2055 uon
420 1994 521 2073 opponi
541 2003 564 2054 b.
585 2003 600 2054 Ι.
619 2003 719 2074 aliquid
738 2003 889 2071 prioribus,
914 2022 1003 2074 neque
1022 2002 1086 2072 fingi
1113 2003 1231 2074 aliquam
1252 2000 1394 2074 oppositio-

344 2109 407 2142 nem
432 2091 465 2142 ab
495 2089 547 2142 atio
571 2090 715 2162 prolatam,
741 2089 785 2142 sed
804 2090 856 2144 dici
881 2089 996 2162 aliquid,
1027 2110 1081 2162 quo
1106 2100 1272 2160 augeantur,
1301 2086 1392 2142 confir·

344 2189 506 2248 menturque
524 2197 568 2243 ea,
593 2197 661 2248 quae
680 2179 754 2248 prius
771 2178 823 2230 iam
852 2178 912 2230 satis
933 2179 1031 2232 acriter
1053 2178 1205 2248 acerbeque
1232 2177 1393 2246 suntdispu·

345 2276 406 2320 tata,
444 2265 504 2318 M'·

417 2355 471 2404 ista
491 2354 534 2403 tui
560 2348 698 2403 latrocinii
722 2353 789 2421 telo]
816 2354 1019 2417 „Latrociniam
1044 2364 1083 2407 est
1110 2351 1208 2406 cohors
1233 2351 1393 2404 latronum.“

345 2440 444 2510 Borg.
481 2439 569 2492 Verba
590 2442 632 2491 tui
651 2441 789 2492 latrocinii
807 2441 902 2494 desunt
920 2442 948 2493 in
968 2440 1036 2494 Cod.
1057 2444 1114 2494 Cra.
1133 2444 1159 2496 3.
1195 2440 1337 2495 'Scribitur
1352 2439 1391 2489 la-

345 2529 450 2579 trocinii
469 2529 512 2579 tui
532 2529 560 2581 in
579 2528 665 2583 Codd.
685 2529 763 2582 Drsd.
783 2533 808 2581 1.
827 2533 852 2584 3.
871 2534 913 2594 4.;
933 2531 960 2582 in
980 2529 1051 2582 Gud.
1064 2530 1096 2582 A.
1114 2531 1171 2581 tela
1191 2531 1235 2582 tui
1254 2525 1390 2586 latrocinii,

344 2615 371 2666 in
391 2614 497 2667 Suerin.
515 2617 622 2667 istoru
647 2620 740 2687 (supra
769 2617 813 2669 lin.
832 2618 902 2676 ista)
920 2619 962 2668 tui
986 2618 1123 2670 latrocinii
1141 2619 1305 2674 tutelam.
1349 2615 1389 2667 ltu

343 2703 421 2755 etiam
441 2706 564 2760 tutelam.
602 2704 668 2758 cod.
688 2705 767 2758 Drsd.
785 2710 810 2759 4.
831 2717 1073 2758 contemserunt.
1111 2705 1170 2758 ΜΓ.

415 2795 520 2842 [actam
540 2802 567 2842 et
585 2793 743 2842 emissam
762 2812 779 2841 a
791 2802 826 2842 ‘te
844 2794 982 2863 nefariam
998 2795 1026 2844 in
1046 2811 1086 2844 me
1103 2793 1245 2861 iniuriam]
1275 2791 1331 2847 Cur
1345 2809 1388 2861 ego

344 2888 437 2930 contra
457 2878 539 2930 libros
557 2878 708 2948 scripserim
727 2879 850 2930 emissam
870 2899 920 2950 pro
939 2882 1098 2946 immissam,
1117 2882 1227 2953 exposui
1246 2883 1276 2935 in
1296 2881 1388 2934 Excur-

343 2960 471 3027 suvttt„
491 2965 536 3033 qui
556 2975 593 3016 est
612 2959 803 3034 symbolarum
822 2977 973 3020 nostrarum
1000 2969 1033 3022 ad
1053 2970 1214 3023 Ciceronem
1244 2972 1387 3025 criticarum

343 3051 422 3120 Spec.
440 3050 471 3101 ΙΙ.
493 3069 550 3120 cap.
571 3054 595 3103 1.
623 3072 648 3122 p.
665 3056 691 3105 4.
709 3052 827 3121 (Uimac.
847 3057 926 3109 1828.
946 3057 985 3125 4.)
1036 3058 1094 3112 Ηοο
1118 3058 1179 3111 loco
1207 3059 1322 3114 sufficiat
1345 3075 1388 3128 po·

344 3139 440 3203 suisse,
460 3157 528 3208 quae
548 3139 586 3191 vei
606 3140 638 3192 ab
658 3139 715 3192 attis
733 3153 794 3194 sunt
812 3152 954 3208 annotata,
981 3145 1020 3196 vel
1049 3166 1077 3198 ex
1097 3145 1171 3199 libris
1189 3158 1253 3200 suut
1271 3145 1386 3200 notanda.

341 3225 474 3291 „Iactam]
499 3225 613 3277 Illatum
640 3227 748 3298 quidam
774 3228 921 3300 legendum
954 3245 1062 3302 putant:
1096 3237 1226 3299 Factam,
1256 3234 1311 3286 duo
1334 3230 1387 3284 mei.

342 3317 442 3363 batam
460 3311 556 3368 alius.“
575 3313 650 3371 Ald.
669 3315 753 3369 Man.
791 3317 1018 3384 „Mediolanensis
1030 3320 1111 3374 editio
1129 3319 1210 3374 babet
1221 3320 1317 3374 latam.
1350 3318 1387 3370 11-

342 3399 429 3450 latom
447 3401 558 3456 sortasse
576 3403 628 3475 legi
651 3406 740 3476 possit.
784 3405 830 3461 Est
848 3406 900 3460 hoc
918 3407 1087 3474 Stoicorum,
1116 3409 1161 3481 qui
1191 3410 1309 3465 creduut
1330 3405 1385 3461 nihii

340 3488 452 3558 sapienti
471 3509 578 3558 nocere,
599 3513 632 3546 ne
651 3495 787 3548 fortunam
801 3496 920 3568 quidem,
942 3499 1047 3568 posse.“
1068 3498 1161 3568 Xyst.
1181 3497 1295 3552 Betui.
1329 3494 1385 3550 Cod.

341 3575 411 3630 Gud.
432 3579 464 3633 A.
483 3581 632 3646 iactatam,
651 3580 701 3635 Ox.
720 3583 750 3635 E.
768 3585 962 3656 iactatamque.
1000 3583 1071 3636 Gud.
1091 3585 1124 3637 A.
1143 3585 1172 3636 in
1191 3605 1232 3637 me
1251 3585 1383 3659 nefariam.

341 3662 391 3717 Ox.
401 3682 430 3727 ψ.
449 3678 508 3737 post
526 3670 663 3737 nefariam
681 3671 768 3740 pergit
785 3689 845 3722 cum
860 3672 980 3740 parietes
998 3671 1183 3725 deturbabos.
1220 3673 1290 3726 cod.
1302 3670 1383 3724 Crat.

339 3748 434 3814 babet,
451 3751 513 3804 loco
537 3755 608 3806 verbi
632 3757 791 3821 immissam,
817 3759 1021 3829 compendium,
1051 3761 1123 3832 quod
1151 3761 1205 3833 legi
1234 3763 1317 3832 possit
1341 3776 1384 3811 nou

338 3836 463 3897 missam5
482 3837 589 3892 Suerin.
609 3842 715 3892 adme
733 3845 873 3900 iniuriam.
918 3850 978 3901 Cra.
995 3853 1020 3901 2.
1051 3849 1180 3900 iniuriam
1206 3850 1235 3902 in
1255 3869 1294 3901 me
1311 3848 1382 3919 nefa-

338 3923 425 3984 riam,·
442 3924 522 3978 Drsd.
537 3931 563 3980 1.
581 3946 681 3997 semper
697 3949 783 3998 prae
802 3952 847 3984 me
864 3935 946 3999 duxi,
967 3935 1074 3989 Suerin.
1092 3935 1158 3988 Oxx.
1178 3936 1211 3990 E.
1230 3957 1258 4006 η.
1277 3955 1307 3999 ψ,
1325 3952 1383 3988 sen·

335 4030 384 4080 per
403 4022 486 4065 ante
505 4033 551 4065 me
570 4016 651 4081 duxi,
673 4017 725 4072 01.
745 4020 777 4073 N.
796 4042 898 4093 semper
922 4026 1012 4095 quod
1029 4034 1112 4076 ante
1138 4024 1234 4086 dixi5
1261 4023 1337 4078 Drsd.
1355 4025 1381 4074 4:

337 4119 437 4170 semper
455 4101 603 4155 duxisti.
639 4104 710 4159 Gud.
732 4111 763 4161 A.
791 4123 856 4163 ante
875 4130 915 4163 me
935 4113 1001 4164 duxi
1018 4112 1078 4181 (sed
1097 4111 1197 4165 omisso
1217 4120 1338 4183 semper).
1354 4135 1380 4148 ν

338 4185 384 4241 Est
401 4187 467 4243 baec
485 4192 613 4245 sententia
633 4213 662 4246 ex
687 4194 741 4247 atio
759 4197 898 4251 Paradom
916 4199 1069 4254 Stoicorum
1097 4201 1191 4255 ductas
1218 4198 1232 4251 ὅ
1252 4202 1328 4264 σοφὸς
1343 4193 1380 4250 air

335 4269 478 4342 ἀδικεῖται,
494 4279 512 4330 i.
531 4299 553 4332 e.
573 4281 677 4353 sapiens
696 4283 792 4337 iniuria
812 4306 868 4339 non
888 4287 1017 4342 afficitur:
1045 4308 1107 4340 nam
1126 4289 1186 4360 quis
1213 4308 1276 4342 eum
1295 4283 1379 4342 iniuria

336 4358 434 4414 ²ffit3³¹
451 4366 502 4417 nisi
520 4367 660 4439 improbi?
691 4375 763 4444 atqui
792 4374 819 4426 in
847 4374 943 4428 borum
969 4387 1097 4447 potestate
1124 4377 1230 4448 sapiens
1263 4396 1317 4430 nou
1341 4382 1378 4427 est.

336 4443 404 4499 Nam
423 4453 527 4521 sapiens
547 4466 585 4510 est
603 4457 658 4529 ipse
684 4461 739 4514 cius
757 4463 877 4529 animus,
906 4482 960 4517 non
981 4482 1079 4534 corpus
1099 4474 1179 4534 atque
1198 4483 1240 4516 res
1259 4475 1376 4517 externae.
