3450 5342
603 688 800 736 ramnoxux
823 687 866 733 xv.
896 686 964 734 car.
986 689 1008 734 x.
1260 665 1332 739 165

279 862 319 904 est
337 851 380 916 lll,
399 854 426 916 4,
445 853 476 904 9:
502 848 551 902 Ed.
570 859 653 902 nostr.
674 849 706 901 Τ.
725 844 759 901 Η.
787 866 812 916 ρ.
832 850 866 900 28
885 866 943 918 sqq.
992 846 1117 918 Denique
1146 847 1219 903 locus
1242 851 1333 906 Plato-

280 938 333 990 nici
354 936 497 991 Alcibiadis
515 934 624 990 secundi
644 946 681 989 est
702 937 800 1006 past.
819 933 913 1006 Steph.
934 955 959 1005 p.
970 938 1031 989 ata.
1051 933 1132 987 Bell.
1152 934 1181 986 P.
1192 933 1213 990 l.
1227 938 1286 992 vot.
1295 939 1333 994 ll:

281 1023 374 1077 ου’κσῦν
395 1031 522 1094 μέμνησαι
548 1019 709 1091 ὅμολογήσας
735 1017 885 1075 ὑπεναντίον
903 1017 967 1075 εἶναι
988 1029 1083 1085 μανίαν
1097 1020 1237 1091 φρονήσει]
1281 1024 1336 1090 „Ut

281 1114 308 1165 in
329 1114 429 1167 morbis
448 1113 568 1185 corporis
586 1109 671 1163 multo
690 1108 773 1162 levior
797 1108 924 1176 stultitia,
952 1129 1034 1181 quarn
1063 1109 1166 1162 insania
1196 1108 1336 1164 existimari

281 1200 361 1266 solet,
382 1201 417 1253 ita
436 1200 464 1253 in
483 1199 584 1252 morbis
601 1197 683 1251 animi
702 1196 803 1250 insania
823 1195 909 1249 multo
929 1197 1035 1267 gravior
1054 1198 1197 1251 existimata
1213 1206 1263 1249 est:
1283 1217 1335 1268 qua

282 1288 377 1343 stultus
395 1288 506 1354 dicitur,
535 1287 581 1358 qui
609 1286 689 1340 etiam
715 1285 772 1337 leve
799 1281 909 1355 aliquod
929 1285 1031 1338 crimen
1050 1285 1170 1350 admisit,
1201 1283 1282 1337 etiam
1307 1303 1336 1337 ex

281 1376 473 1446 imprudentia:
501 1376 610 1428 insanus
628 1392 705 1439 vero,
730 1371 777 1443 qui
808 1371 898 1425 multis
920 1373 1077 1426 criminibus
1108 1371 1146 1426 vel
1178 1371 1336 1444 gravissimis

282 1462 368 1517 dedita
387 1484 468 1536 opera
487 1461 615 1534 susceptis
633 1461 669 1516 ita
687 1481 715 1514 se
733 1459 895 1530 implicavit,
915 1472 945 1515 ut
963 1459 1015 1514 hoc
1034 1462 1122 1532 ipsum
1142 1479 1260 1532 peccare
1272 1480 1335 1515 eum

282 1549 405 1616 delectet,
431 1551 531 1604 etiamsi
558 1548 631 1603 nulla
651 1548 780 1620 peccandi
809 1567 887 1601 causa
907 1548 948 1602 sit.
994 1548 1077 1602 Stoici
1101 1569 1162 1602 rero
1189 1560 1219 1602 ut
1245 1549 1335 1603 omnia

281 1649 392 1708 peccata
412 1639 559 1691 existimant
578 1636 715 1708 aequalia,
743 1636 777 1688 ita
802 1636 940 1690 stultitiam
966 1636 1086 1690 insaniae
1112 1656 1204 1708 parem
1223 1637 1333 1693 faciunt.

279 1725 339 1778 lloc
356 1737 446 1779 autem
464 1725 603 1778 Paradoxo
623 1743 677 1777 nou
698 1734 752 1777 tam
774 1723 872 1793 probat
890 1725 1002 1790 Cicero,
1021 1744 1104 1795 quam
1123 1724 1201 1780 docet
1219 1727 1248 1778 P.
1270 1724 1336 1778 Clo-

280 1812 357 1863 dium
384 1813 508 1865 insanum
540 1831 613 1886 esse,
646 1829 762 1882 eumque
791 1810 883 1864 multis
912 1811 1016 1883 legibus
1040 1812 1195 1866 damnatum
1221 1813 1335 1866 exsulem

280 1899 377 1965 luisse,
396 1893 515 1971 quamvis
532 1899 619 1952 solum
638 1917 693 1952 non
713 1899 866 1952 mutaverit:
886 1919 913 1953 se
933 1919 995 1952 vero
1015 1900 1128 1953 exsulem
1149 1884 1229 1954 luisse
1247 1913 1334 1972 negat,

281 1988 410 2059 quamvis,
431 2000 460 2041 ut
477 1987 609 2041 Clodiano
628 1986 714 2039 furori
734 1988 849 2053 cederet,
870 2007 898 2040 ex
918 1989 985 2042 urhe
1005 1989 1138 2043 exiverit.“
1155 1989 1226 2042 Fre.
1245 1988 1335 2060 Sylr.

282 2076 417 2144 „Additur
435 2075 507 2146 apud
527 2076 678 2146 Diogenem
697 2075 726 2143 [l.
738 2077 774 2143 c]
794 2076 876 2129 ratio:
899 2073 929 2128 ου’
945 2073 996 2145 γάρ
1016 2083 1154 2144 φρονίμους
1172 2070 1248 2142 εἶναι,
1268 2073 1335 2127 ἀλλὰ

282 2162 349 2217 κατὰ
368 2162 417 2233 τήν
441 2169 499 2234 ἴσην
521 2166 557 2234 τῇ
581 2160 716 2234 ἀφροσύνῃ
742 2171 837 2224 μανίαν
866 2160 999 2234 πράττειν.
1038 2161 1166 2234 ’Ἀφρονες
1190 2175 1252 2217 sunt
1282 2161 1333 2230 hic,

282 2252 337 2306 illic
354 2259 446 2323 nepot.
481 2252 554 2305 ldem
573 2252 629 2304 lere
648 2251 792 2317 disserunt,
813 2252 886 2323 quod
905 2251 1006 2306 Latinis
1030 2253 1186 2321 insipientes
1205 2262 1232 2305 et
1241 2252 1333 2320 fatui.

282 2339 402 2393 Effertur
419 2340 497 2394 etiam
516 2338 592 2393 aliter
609 2339 643 2391 ah
663 2339 721 2410 ipso
742 2339 874 2392 Cicerone
900 2339 928 2392 in
946 2339 989 2392 lll.
1005 2339 1123 2407 Tuscul,
1143 2340 1176 2393 ad
1194 2336 1333 2394 Socratem

285 2438 423 2481 auctorem
442 2427 494 2482 hoc
512 2426 686 2493 Paradoxon,
705 2437 735 2480 ut
752 2438 841 2480 cetera
861 2445 980 2498 quoque,
1000 2427 1143 2480 referente,
1179 2425 1267 2479 lltliror
1284 2445 1333 2479 au·

282 2527 335 2568 tem
351 2517 464 2568 istorum
481 2513 621 2567 hominum
639 2514 832 2582 temeritatem,
851 2514 898 2586 qui
917 2513 972 2567 ausi
992 2524 1055 2568 sunt
1071 2514 1178 2567 inlitiari
1196 2513 1261 2567 haec
1279 2533 1334 2566 esse

281 2603 434 2670 Socratica,
463 2621 524 2656 cum
544 2601 667 2656 Socrates
684 2603 741 2673 ipse
766 2603 794 2655 in
813 2602 898 2656 altero
920 2600 1059 2656 Alcibiade
1084 2600 1232 2655 manifestis
1250 2602 1335 2655 verbis

281 2689 449 2743 Alcibiadem
468 2688 495 2740 in
515 2707 589 2741 suam
617 2689 774 2742 sententiam
803 2688 909 2742 trahere
926 2700 1041 2744 conetur
1059 2700 1088 2743 ut
1107 2690 1198 2744 credat
1223 2685 1255 2741 vd
1272 2695 1335 2752 μοι·

280 2781 377 2829 erodat
397 2769 546 2828 ὑπεναντίον
564 2769 629 2827 εἶναι
642 2778 681 2844 τῷ
691 2787 837 2846 σωφρονεῖν.
874 2776 954 2830 Unde
971 2778 1245 2832 Ciceronem-honam
1258 2778 1334 2831 istam

281 2862 451 2917 Tusculanae
470 2863 654 2935 disputationis
671 2876 776 2935 partem
795 2865 937 2936 sumpsisse
955 2867 1101 2920 obscurum
1124 2885 1251 2919 essenon
1274 2875 1335 2936 pot·

281 2962 328 3005 est.
365 2950 418 3003 Sed
439 2949 504 3004 haec
522 2950 629 3005 interim
648 2971 691 3005 me
716 2964 789 3006 tenet
807 2952 841 3005 de
859 2953 990 3008 Cicerone
1015 2954 1171 3020 admiratio,
1200 2952 1272 3025 quod
1293 2953 1334 3004 ἑλ-

282 3036 456 3105 ληνικάτοτος
474 3049 554 3110 negat
573 3039 622 3093 sibi
642 3051 773 3105 constare,
792 3040 864 3093 unde
883 3039 980 3095 Graeci
998 3047 1093 3103 μανίαν
1111 3039 1255 3112 appellent,
1272 3059 1334 3094 curn

282 3116 458 3180 tunctorum
475 3127 595 3181 Platonis
617 3128 706 3182 locum
734 3130 761 3182 in
781 3149 856 3182 suam
885 3130 989 3183 tertiam
1009 3130 1189 3184 Tusculanam
1217 3138 1332 3182 transtu·

282 3212 341 3268 lisse
360 3213 492 3280 videatur,
511 3215 557 3267 ubi
576 3211 624 3284 τήν
643 3213 809 3285 σωφροσύνην
827 3219 863 3288 τῇ
880 3223 960 3284 μανίᾳ
980 3237 1009 3270 ex
1027 3218 1167 3289 opposito,
1195 3217 1333 3272 Socratico

283 3322 374 3368 more,
393 3302 495 3373 ponit.“
515 3303 540 3353 X
547 3312 607 3371 yst.
625 3302 735 3356 Betui.
771 3303 889 3371 „Quarti
907 3305 1037 3357 Paradoxi
1056 3303 1146 3369 thesis,
1166 3324 1237 3376 quae
1255 3304 1333 3376 vulgo
1404 3368 1408 3377 Ι

282 3391 456 3453 adscribitur,
481 3388 652 3459 disputationi
671 3409 727 3444 non
746 3391 879 3444 conrenit.
924 3391 986 3442 Non
1012 3392 1083 3443 enim
1113 3389 1210 3444 Cicero
1239 3391 1334 3462 probat

282 3497 378 3533 omnes
395 3475 487 3529 stultos
505 3474 638 3539 insanire,
661 3475 707 3528 sed
733 3475 804 3528 solos
828 3477 960 3548 sapientes
985 3494 1041 3528 esse
1069 3476 1152 3542 cives,
1178 3477 1334 3548 ubicunque

282 3566 396 3629 luerint,
427 3573 452 3616 et
470 3581 565 3615 ornnes
581 3562 720 3635 improbos
737 3563 862 3634 fugitivos
882 3575 908 3617 et
926 3560 1014 3616 exules
1032 3581 1094 3614 esse.
1135 3561 1227 3632 ltaque
1246 3563 1334 3633 potius

283 3651 484 3709 inscribendum
503 3660 541 3704 est
559 3645 600 3703 ὅτι
623 3652 716 3710 πάντες
741 3653 765 3704 οἱ
789 3656 863 3713 σοφοὶ
888 3653 996 3704 πολῖται
1019 3654 1063 3701 καὶ
1086 3645 1179 3708 πάντες
1204 3650 1227 3701 oi
1251 3655 1334 3720 μωροὶ

283 3738 426 3808 φεύγοντες.
473 3739 529 3793 Nec
548 3743 645 3805 stara,
672 3761 741 3813 quae
757 3742 900 3795 Paradoxis
919 3750 1138 3813 praeponuntur,
1168 3739 1333 3793 aCicerone

284 3831 393 3884 sortasse
411 3827 577 3901 praepositae
595 3840 671 3896 sunt,
691 3831 737 3884 sed
755 3830 793 3883 vel
808 3831 926 3896 Tirone,
957 3828 1004 3900 qui
1022 3828 1160 3882 Ciceronis
1186 3827 1269 3881 libros
1290 3826 1332 3881 di-

285 3918 376 3990 gessit,
396 3916 436 3969 rel
455 3918 487 3970 ab
507 3916 597 3989 aliquo
615 3918 682 3986 alio,
702 3921 748 3993 qui
766 3919 945 3991 negligentius
964 3917 1192 3983 animadverteret,
1213 3914 1277 3988 quid
1291 3915 1333 3969 hic

284 4018 414 4078 ageretur.
449 4005 517 4059 Tota
531 4025 594 4062 vero
612 4008 731 4061 oratioa
755 4007 819 4061 thesi
837 4007 870 4061 ad
893 4005 1052 4077 hypothesin
1071 4005 1232 4069 traducitur,
1253 4013 1282 4055 ut
1300 4003 1333 4056 sit

284 4076 369 4164 magis¹
385 4093 536 4165 popularis:
565 4096 641 4148 cuius
658 4095 726 4149 duae
745 4107 807 4149 sunt
825 4106 930 4166 partes:
954 4113 1022 4159 una,
1052 4093 1125 4164 quod
1151 4093 1246 4146 Cicero
1276 4110 1331 4142 non

286 4182 366 4235 suerit
383 4181 455 4235 exul:
473 4182 569 4236 altera:
590 4184 663 4253 quod
683 4185 711 4236 P.
730 4184 855 4249 Clodius,
875 4183 937 4236 licet
954 4182 1055 4233 Romae
1074 4181 1119 4246 sit,
1140 4177 1222 4230 nihilo
1241 4187 1330 4229 tamen

286 4270 375 4323 minus
393 4269 425 4323 sit
443 4269 509 4323 exul.
553 4269 620 4321 Nam
639 4272 670 4323 P.
687 4272 796 4325 Clodius
813 4272 928 4342 passim,
947 4269 1114 4341 ‚Ciceronem
1140 4262 1331 4317 contumeliose

236 4405 239 4413 .
287 4374 394 4422 ruens,
425 4356 527 4409 exulem
556 4357 735 4426 appellabat.“
773 4359 861 4421 And,
880 4356 1039 4409 Talaeus.
1099 4353 1254 4418 „Paradoxo
1282 4351 1332 4406 hoc

286 4455 380 4515 quarto
399 4444 557 4515 probaverat
576 4442 689 4498 Cicero:
720 4446 799 4499 Solus
823 4445 930 4515 sapiens
949 4459 1032 4494 sanus
1049 4451 1105 4492 est:
1134 4460 1220 4493 omnes
1243 4452 1332 4493 autem
