3450 5342
372 658 443 727 114
692 677 864 723 alunnum
894 675 1088 723 srurccnmr.

369 848 428 938 est)
455 866 539 930 quae
567 867 610 913 ex
638 865 679 911 ec
696 850 832 928 peccata
856 849 1044 925 nascuntur,
1072 843 1224 926 aequalia
1239 844 1306 909 sint
1325 864 1423 928 opcr-

371 991 424 1051 tet
478 982 633 1064 Quodsi
660 984 795 1047 virtutes
824 997 920 1061 pares
947 985 1022 1044 sunt
1048 981 1134 1044 inter
1159 996 1206 1059 sc,
1233 981 1333 1063 paria
1357 999 1421 1046 esse

370 1121 468 1185 etiam
506 1119 585 1184 vitia
610 1134 745 1184 necesse
783 1120 840 1180 est.
907 1117 1005 1197 Atqui
1041 1133 1137 1197 pares
1173 1132 1246 1181 esec
1281 1117 1420 1193 virtutes,

330 1294 332 1301 ·
371 1277 432 1323 nec
458 1259 549 1321 bunc
575 1256 647 1320 viru
682 1253 873 1328 meliorem,
911 1269 973 1315 nec
998 1254 1202 1332 temperante
1217 1275 1220 1279 ·
1236 1254 1420 1332 temperan·

370 1395 505 1470 liorem,
532 1410 593 1455 nec
620 1389 696 1453 lorti
722 1389 904 1465 fortiorem,
929 1406 991 1452 nec
1017 1388 1164 1469 sapiente
1191 1386 1417 1466 sapientiorem

370 1548 467 1614 posse
493 1529 583 1604 lieri,
617 1526 770 1592 facillime
797 1529 905 1607 polest
934 1525 1084 1607 perspici.
1137 1527 1189 1586 An
1221 1521 1331 1584 virum
1365 1521 1418 1584 bo·

371 1682 450 1730 num
477 1663 582 1740 dices,
622 1663 677 1743 qni
701 1661 888 1742 depositum
914 1661 1006 1724 nullo
1034 1664 1134 1735 teste,
1172 1675 1276 1738 quum
1305 1656 1416 1721 lucrari

371 1801 505 1881 impune
532 1802 642 1879 posset
667 1797 738 1860 auri
766 1795 880 1877 pondo
907 1794 1039 1872 decem,
1062 1793 1259 1872 reddiderit,
1286 1795 1314 1857 si
1340 1793 1417 1857 idem

371 1938 405 2000 iu
433 1936 549 1999 decem
574 1935 718 1997 millibus
745 1932 857 2014 pondo
885 1949 953 1996 non
977 1927 1085 2018 [idem]
1108 1931 1245 1995 lecerit?
1275 1936 1417 1996 auttem·

372 2072 553 2152 permutem,
574 2069 630 2148 qui
654 2086 689 2132 se
714 2069 747 2130 in
775 2068 886 2148 aliqua
912 2066 1048 2131 libidine
1076 2069 1285 2146 continuerit,
1311 2071 1345 2132 in
1364 2069 1417 2132 ali·

373 2222 439 2284 qua
463 2201 637 2266 effuderit?
690 2202 761 2267 Una
796 2203 898 2267 virtus
933 2208 999 2282 est,
1031 2206 1238 2269 consentiens
1266 2224 1341 2270 cnm
1371 2223 1418 2268 ra·

371 2341 462 2404 tione
489 2343 521 2401 et
545 2342 704 2419 perpetua
735 2340 937 2412 constantia;
971 2339 1051 2403 nihil
1085 2340 1162 2403 hnic
1196 2341 1275 2405 addi
1309 2342 1417 2424 potest,

373 2494 439 2558 quo
464 2477 567 2556 magis
584 2477 695 2540 -virtus
721 2477 777 2550 sit;
812 2476 893 2539 nihil
929 2476 1032 2553 demi,
1068 2481 1102 2539 ut
1137 2477 1269 2542 virtutis
1305 2494 1418 2543 nomen

372 2614 584 2695 relinquatur.
635 2611 766 2676 Etenim
791 2611 920 2675 sibene
948 2611 1034 2676 lacta
1057 2616 1145 2677 recte
1172 2612 1260 2678 lacta
1286 2616 1418 2690 suntet

372 2750 453 2815 nihil
479 2755 570 2814 recto
599 2749 738 2812 rectius:
763 2751 915 2811 certene
940 2747 1030 2811 bonu
1056 2748 1189 2828 quidem
1202 2750 1321 2814 melius
1335 2749 1417 2831 quic·

373 2902 473 2966 quam
497 2884 636 2946 inveniri
663 2885 780 2963 potest.
833 2879 987 2961 Sequitur
1010 2884 1127 2964 igitur,
1162 2889 1198 2948 ut
1227 2887 1327 2950 etiam
1349 2884 1417 2949 vitiu

373 3018 570 3098 siutparia:
608 3017 770 3095 siqnidem
797 3017 973 3097 pravitates
1012 3022 1113 3083 animi
1154 3025 1243 3085 recte
1270 3021 1349 3086 vitia
1373 3016 1415 3080 di-

374 3155 500 3215 cuntur.
568 3153 666 3232 Atqui
703 3152 860 3232 quoniam
894 3173 990 3235 pares
1027 3157 1161 3221 virtutes
1199 3163 1296 3236 sunt,
1339 3159 1416 3220 recu

375 3287 478 3364 lacta,
507 3287 665 3368 quoniam
691 3306 712 3352 a
737 3289 910 3354 virtutibus
937 3292 1206 3373 proficiscuntur,
1234 3295 1328 3375 paria
1354 3306 1415 3355 csse

373 3422 512 3488 dehent:
539 3424 683 3505 itemque
710 3431 862 3506 peccatu,
896 3429 1053 3508 qnoniam
1083 3446 1126 3491 ex
1162 3429 1249 3493 vitiis
1285 3428 1414 3500 manant,

336 3575 358 3621 u
375 3558 439 3623 sint
471 3561 623 3641 aequalia
658 3578 792 3624 necesse
829 3566 886 3624 est.
949 3558 989 3627 A
1015 3556 1278 3652 philosophis,
1314 3561 1413 3644 inquit.

375 3691 448 3756 ista
473 3691 598 3756 curnis.
651 3695 851 3772 Metuebam,
878 3715 920 3760 ne
939 3715 959 3761 a
979 3699 1152 3762 lenonibus
1170 3698 1308 3764 diceres.
1354 3691 1413 3759 Sc

375 3832 498 3890 crates
524 3821 741 3912 disputabat
765 3828 836 3896 isto
863 3830 981 3896 mode.
1035 3834 1123 3898 Bene
1143 3836 1280 3924 hercule
1296 3822 1411 3900 narrat!

374 3977 452 4024 nam
478 3959 575 4024 istum
603 3962 735 4029 doctum
762 3972 795 4031 et
820 3967 1002 4049 sapientem
1028 3970 1135 4034 virum
1168 3970 1270 4034 luisse
1297 3978 1411 4035 meme

374 4095 444 4160 riae
472 4097 629 4162 traditum
656 4108 713 4167 est.
774 4105 839 4169 Sed
863 4108 974 4169 tamen
1002 4123 1128 4186 quaero
1150 4123 1193 4168 ex
1228 4111 1260 4168 te
1284 4097 1409 4190 (qnando

371 4235 479 4299 verbis
504 4237 590 4300 inter
617 4255 678 4302 nos
706 4239 954 4318 contendimus,
989 4256 1058 4303 non
1085 4236 1212 4329 pugnis)
1247 4243 1353 4303 utrum
1377 4228 1407 4292 dt

370 4363 466 4431 bonis
493 4377 542 4434 est
567 4375 795 4451 quaerendum
822 4375 902 4455 quid
928 4374 1029 4439 baiuli
1057 4380 1156 4457 atquc
1183 4373 1339 4456 operarii,
1374 4377 1406 4427 ³¹¹
