3450 5342
361 668 435 743 298
591 687 595 693 ·
695 689 867 738 ramnum
895 687 1089 736 srorcouuu.

361 857 511 917 Romanae,
529 870 610 922 quam
630 850 663 902 ad
683 849 878 919 magistratus.“
897 845 928 898 ll.
947 845 1051 898 Wolf.
1092 846 1155 899 Frc.
1184 847 1260 920 Sylv.
1288 848 1412 904 delectum

361 943 474 996 militurn
496 939 668 1010 intelligebat.
707 937 844 988 Dilectum
862 953 918 988 esse
936 933 1015 987 etiam
1034 934 1063 986 in
1081 933 1141 987 MS.
1161 935 1316 989 Pithoeano
1335 957 1415 990 anuo-

361 1033 421 1084 tarit
439 1029 549 1094 Graec,
569 1027 614 1079 sed
635 1045 684 1097 pro
704 1025 772 1100 rqria
794 1024 852 1077 lect.
871 1022 1035 1092 adscriptum
1056 1022 1210 1074 delectum.
1251 1023 1312 1093 lpse
1325 1023 1413 1076 Graes.

359 1118 441 1171 edidit
458 1117 585 1167 dilectum
610 1112 777 1184 addiditque:
822 1109 870 1177 „Si
898 1110 936 1163 sic
966 1109 1070 1180 scripsit
1097 1110 1210 1178 Cicero,
1252 1112 1318 1165 nibil
1346 1113 1410 1165 aliud

359 1205 503 1279 significat,
529 1223 609 1274 quarn
629 1202 656 1253 in
676 1201 773 1254 dilectu
793 1199 931 1264 babendo,
956 1197 986 1250 'in
1007 1198 1119 1251 decretis
1137 1199 1273 1252 faciendis
1291 1199 1355 1254 nibil
1373 1220 1408 1251 va·

359 1294 450 1358 luisse,
471 1291 519 1344 uisi
539 1288 696 1361 pecuniam,
725 1301 755 1341 ut
778 1288 796 1340 ii
826 1287 940 1339 militum
960 1285 1078 1338 numeris
1106 1305 1162 1338 non
1189 1287 1407 1349 adscriberentur,

359 1391 404 1434 aut
422 1378 562 1432 ordinibus
578 1377 759 1429 insererentur
776 1375 989 1440 honestioribus,
1015 1372 1112 1444 quibus
1131 1386 1208 1428 erant
1229 1375 1352 1447 indigui,
1372 1389 1407 1429 ut·

360 1486 412 1539 que
430 1465 534 1518 decreta
553 1463 645 1535 iniqua
663 1464 691 1515 in
711 1482 804 1516 eorum
825 1463 937 1534 gratiam
958 1461 1203 1532 interponerentur,
1226 1465 1275 1535 qui
1296 1464 1352 1536 plus
1363 1465 1404 1517 ob-

360 1553 478 1607 tulissent
498 1551 656 1623 pecuniae.“
675 1581 709 1589 -
747 1553 889 1602 Deiectum
907 1551 925 1604 i.
944 1569 967 1603 e.
986 1549 1007 1602 si
1026 1549 1121 1603 milites
1143 1550 1224 1621 legit,
1244 1564 1271 1606 et
1291 1573 1348 1618 eos,
1366 1555 1402 1624 qui

359 1639 506 1694 secundum
520 1638 606 1710 legem
617 1638 751 1692 debebant
764 1639 891 1703 militare;
911 1637 1018 1691 dimittit
1029 1650 1136 1709 accepta
1148 1640 1297 1710 pecunia.“
1309 1643 1400 1712 Wytt.

360 1727 440 1798 Borg.
460 1728 590 1779 delectum
610 1746 665 1779 non
683 1727 716 1779 de
736 1727 863 1780 militibus
882 1726 1097 1791 conscribendis,
1125 1726 1170 1778 sed
1198 1726 1233 1780 de
1253 1728 1353 1782 delectu
1367 1730 1401 1781 iu-

359 1816 449 1871 dicum
469 1815 656 1886 accipiendum
676 1825 780 1878 censet,
807 1819 869 1885 quia
889 1833 978 1868 sermo
1005 1812 1036 1866 sit
1055 1813 1087 1866 de
1108 1814 1242 1885 pecuniae
1264 1817 1287 1867 vi
1306 1817 1332 1869 iu
1351 1835 1401 1869 cor·

360 1902 515 1973 rumpendis
533 1901 649 1954 iudiciis:
666 1900 811 1972 laudatque
831 1901 899 1956 Pbil.
919 1902 953 1966 V,
971 1905 1001 1955 d:
1032 1901 1157 1952 Dilectus
1176 1911 1273 1952 nutem
1291 1913 1318 1953 et
1335 1912 1400 1954 nutu-

359 1990 398 2041 tio
415 1989 571 2039 iudicum
588 1989 670 2040 stiam
688 1990 717 2040 in
736 1989 836 2041 nostris
856 1987 959 2040 civibus
977 1986 1070 2039 baberi
1087 1987 1163 2041 solet.
1200 1989 1263 2061 Ego
1283 1992 1308 2042 in
1332 1991 1399 2060 wyr-

359 2075 490 2129 tenbaclrii
510 2075 682 2148 explicatione
700 2076 850 2148 acquiesco.
885 2075 1019 2146 Borgersii
1038 2070 1170 2128 rationem
1189 2079 1211 2129 si
1232 2078 1352 2132 voluisset
1366 2079 1399 2129 iu·

359 2163 439 2236 rettigi
461 2166 571 2229 Cicero,
590 2165 647 2218 voci
666 2165 796 2216 delectum
814 2163 915 2235 aliquid
934 2163 1083 2216 addidisset.
1129 2165 1260 2217 Ceterum
1286 2165 1399 2216 delectum

359 2261 385 2303 et
404 2252 529 2302 dilectum
556 2251 700 2323 aliquando
726 2252 889 2306 distinximus
915 2251 949 2304 ad
979 2251 1035 2306 Cic.
1059 2251 1092 2303 de
1117 2251 1185 2322 Rep.
1204 2250 1225 2315 l,
1245 2256 1290 2307 34.
1310 2273 1333 2322 p.
1349 2256 1398 2305 lll.

360 2336 436 2389 Adde
455 2337 599 2390 Forcellin.
622 2338 656 2393 T.
675 2338 707 2391 ll.
726 2359 753 2410 p.
770 2341 813 2393 33.
840 2338 882 2392 ed.
903 2338 997 2392 Germ.
1028 2350 1054 2392 et
1078 2338 1187 2409 Zumpt.
1217 2341 1252 2392 ad
1274 2343 1327 2394 Cic.
1351 2341 1397 2392 Dir.

360 2426 387 2476 in
405 2424 504 2480 Caecil.
523 2429 550 2490 4,
570 2429 612 2479 16.
630 2446 655 2497 p.
675 2430 708 2498 13
728 2446 767 2497 sq.
786 2456 819 2466 -
861 2424 914 2478 Sed
943 2426 1040 2497 legitur
1067 2426 1200 2478 delectum
1218 2439 1253 2478 et
1281 2429 1398 2480 decretum

360 2517 386 2567 in
406 2513 471 2568 οη.
490 2514 520 2566 Ε.
539 2533 569 2576 ψ.
590 2514 670 2568 orsu.
687 2521 713 2568 a.
730 2520 772 2579 4.;
803 2515 830 2566 in
851 2514 922 2567 suu.
942 2513 974 2567 A.
990 2515 1116 2573 erenum,
1135 2514 1163 2566 in
1184 2500 1282 2569 nunu.
1296 2518 1321 2570 ει
1338 2513 1398 2569 un.

360 2602 500 2670 dilecturis,
519 2605 659 2655 decretum.
698 2603 777 2656 Prior
796 2621 842 2654 vox
864 2601 960 2654 omissa
978 2602 1061 2655 estin
1081 2600 1149 2655 Cod.
1169 2603 1280 2657 Suerin.
1317 2603 1370 2656 Mr.

431 2746 562 2810 alienam,
580 2765 658 2798 suam
676 2747 864 2812 sententiunr,]
903 2745 967 2813 „Sic
986 2765 1081 2798 omnes
1102 2744 1164 2797 mei.
1202 2743 1283 2805 Unus
1301 2744 1400 2794 alienum

360 2842 428 2886 sent.
466 2832 538 2886 Alias
555 2833 671 2884 alienum
689 2851 839 2903 suumque
858 2843 927 2889 sent.
946 2862 980 2872 —
1017 2833 1161 2885 Alienum:
1181 2835 1272 2886 Crassi
1294 2833 1398 2904 gratiani,

360 2921 531 2986 auctoritate,
567 2920 708 2990 largitione
738 2921 873 2990 corruptis
904 2922 1035 2975 iudicibus
1066 2931 1092 2974 et
1122 2922 1315 2975 senatoribus.“
1343 2918 1398 2972 llll.

358 3009 449 3061 Man.
495 3008 561 3058 Cod.
586 3005 645 3058 Crz.
674 3007 791 3058 alienam
819 3019 854 3060 et
884 3029 961 3062 suom
995 3021 1063 3062 sent.
1082 3039 1114 3047 —
1154 3009 1196 3060 Ad
1230 3031 1254 3063 v.
1285 3011 1399 3060 decretum

360 3096 446 3164 tvyu.
465 3094 542 3147 baeer
562 3093 688 3160 „Dicitur
707 3080 840 3147 decretum
859 3098 1002 3168 praetoris,
1028 3097 1134 3160 iudicis,
1159 3098 1330 3168 magistratus
1352 3112 1399 3149 sen·

360 3181 441 3234 tentia
460 3182 487 3233 in
507 3201 583 3235 causa
604 3182 759 3236 decidenda.
796 3185 856 3238 Vid.
875 3186 993 3239 Brisson.
1012 3186 1045 3238 de
1065 3185 1166 3238 Verbb.
1186 3184 1306 3256 Signif.“
1334 3180 1399 3251 [tud.

360 3268 483 3323 Dirbsen.
502 3271 517 3323 l.
545 3292 568 3324 c.
589 3293 610 3324 r.
630 3272 774 3333 decretum,
804 3295 829 3345 p.
849 3279 911 3329 251.
929 3295 952 3328 a.
972 3277 1009 3343 b.]
1054 3274 1211 3339 „Sententia
1242 3273 1349 3345 proprie
1368 3268 1400 3320 di-

360 3360 428 3413 citur
453 3362 594 3415 senatoris:
627 3363 709 3434 igitur
733 3366 843 3417 Crassus
869 3365 895 3416 iu
917 3376 1009 3417 senatu
1034 3363 1123 3416 vendit
1150 3383 1208 3416 non
1235 3364 1318 3417 morlo
1337 3379 1399 3416 suam

358 3453 532 3518 sententiam,
563 3452 706 3505 sedetiam
733 3452 860 3520 alienam,
889 3452 906 3505 i.
929 3473 951 3505 e.
978 3464 1087 3524 accepta
1117 3452 1234 3522 pecunia
1263 3450 1399 3520 corrumpit

362 3541 441 3596 etiarn
461 3540 526 3593 alios
540 3543 702 3593 senatores.“
739 3541 858 3594 ldemad
876 3542 986 3613 surum.-
1006 3551 1055 3608 „ut
1068 3551 1177 3613 praetor
1196 3551 1222 3593 et
1241 3541 1357 3603 iudex“;
1373 3534 1399 3589 ad

358 3633 476 3682 domum:
495 3640 543 3694 „ut
561 3628 766 3700 paterfamilias
784 3650 847 3683 suos
860 3629 898 3682 rel
919 3629 1008 3702 prodit
1018 3628 1057 3682 vel
1072 3629 1104 3682 ad
1120 3630 1315 3684 contumeliam
1334 3643 1399 3700 prae·

358 3718 442 3779 bet“;
461 3717 493 3767 ad
515 3736 613 3772 vocem,
632 3717 783 3768 silentium:
809 3738 885 3784 „non
906 3719 987 3771 modo
1006 3717 1148 3788 pecuniam
1167 3718 1286 3790 accipis,
1316 3730 1342 3771 ut
1358 3733 1399 3786 pro

358 3803 449 3872 aliquo
469 3821 558 3854 vocem
586 3802 686 3855 emittas
705 3823 821 3873 eumque
839 3804 981 3870 delendas,
1006 3806 1051 3859 sed
1077 3806 1172 3873 etiam,
1204 3820 1234 3860 ut
1265 3821 1356 3869 taceas,
1381 3801 1399 3853 sl

358 3909 426 3960 opus
443 3890 501 3942 sit.“
520 3917 554 3927 —
591 3889 704 3960 „Neque
724 3891 835 3943 domurn
856 3894 971 3962 vendidit
990 3914 1078 3965 neque
1101 3893 1204 3960 lorum,
1231 3897 1278 3949 sed
1297 3893 1399 3947 domist

358 3978 464 4051 publice
484 3977 573 4031 omnia
595 3979 723 4050 pecuniae
743 4001 820 4034 causa
840 3983 903 4036 lecit
922 3982 1057 4036 Crassus.“
1082 3981 1113 4034 Η.
1132 3982 1239 4034 Wolf.
1285 3982 1353 4034 ldem
1370 3976 1396 4029 ad

357 4087 378 4119 v.
401 4085 501 4129 vocem,
521 4067 671 4135 silentium,
692 4089 753 4123 cum
782 4071 906 4141 quidam,
932 4071 1081 4137 annotavit,
1110 4072 1181 4142 apud
1201 4070 1397 4125 Demosthenem

357 4153 517 4222 gloriaretur
541 4174 567 4206 se
587 4156 695 4207 dicendo
721 4157 846 4211 talentum
868 4180 921 4212 esse
940 4160 1088 4225 lucratum,
1119 4160 1289 4232 respondisse
1314 4161 1395 4213 fertur:

357 4252 383 4293 at
401 4261 451 4312 ego
471 4244 590 4315 quinque
611 4246 731 4299 tacendo.
769 4247 826 4298 Mr.
859 4296 861 4301 .

430 4391 529 4435 vocem,
548 4372 683 4425 silentium
692 4375 710 4440 ;]
748 4373 849 4426 Laudat
868 4372 948 4441 Burg.
970 4372 1060 4424 locum
1080 4371 1247 4426 simillimum
1267 4370 1393 4434 Philto:

358 4456 414 4506 aliu
440 4469 480 4506 est
506 4478 589 4509 «rausa
614 4480 716 4525 eorum,
749 4482 859 4533 qrrnrum
890 4463 919 4512 si
927 4460 1016 4521 lenti
1024 4482 1039 4512 u
1063 4460 1193 4532 agnosco:⁴
1221 4463 1279 4514 ulio
1310 4475 1394 4519 eurum,
