<?xml version="1.0" encoding="UTF-8"?>
<!DOCTYPE html PUBLIC "-//W3C//DTD XHTML 1.0 Transitional//EN"
    "http://www.w3.org/TR/xhtml1/DTD/xhtml1-transitional.dtd">
<html xmlns="http://www.w3.org/1999/xhtml" xml:lang="en" lang="en">
 <head>
  <title>
</title>
<meta http-equiv="Content-Type" content="text/html;charset=utf-8" />
  <meta name='ocr-system' content='tesseract 3.04.00' />
  <meta name='ocr-capabilities' content='ocr_page ocr_carea ocr_par ocr_line ocrx_word'/>
</head>
<body>
  <div class='ocr_page' id='page_1' title='image "./paradoxa00wyttgoog_0108.png"; bbox 0 0 3450 5342; ppageno 0'>
   <div class='ocr_carea' id='block_1_1' title="bbox 337 662 1063 732">
    <p class='ocr_par' dir='ltr' id='par_1_1' title="bbox 337 662 1063 732">
     <span class='ocr_line' id='line_1_1' title="bbox 337 662 1063 732; baseline -0.014 0"><span class='ocrx_word' id='word_1_1' title='bbox 337 662 388 732; x_wconf 83' lang='lat'>40</span> <span class='ocrx_word' id='word_1_2' title='bbox 669 676 843 724; x_wconf 76' lang='lat' dir='ltr'>rintuoxn</span> <span class='ocrx_word' id='word_1_3' title='bbox 868 674 1063 722; x_wconf 77' lang='lat' dir='ltr'>arotconcu.</span> 
     </span>
    </p>
   </div>
   <div class='ocr_carea' id='block_1_2' title="bbox 285 831 1412 4426">
    <p class='ocr_par' dir='ltr' id='par_1_2' title="bbox 336 831 1387 1428">
     <span class='ocr_line' id='line_1_2' title="bbox 338 831 1387 914; baseline -0.012 -14"><span class='ocrx_word' id='word_1_4' title='bbox 338 866 364 900; x_wconf 84' lang='lat' dir='ltr'>u.</span> <span class='ocrx_word' id='word_1_5' title='bbox 382 844 496 914; x_wconf 79' lang='lat' dir='ltr'>Poedag.</span> <span class='ocrx_word' id='word_1_6' title='bbox 515 841 593 894; x_wconf 76' lang='lat' dir='ltr'>tutu.</span> <span class='ocrx_word' id='word_1_7' title='bbox 610 836 643 888; x_wconf 87' lang='grc' dir='ltr'>Τ.</span> <span class='ocrx_word' id='word_1_8' title='bbox 663 834 682 888; x_wconf 93' lang='grc' dir='ltr'>Ι.</span> <span class='ocrx_word' id='word_1_9' title='bbox 702 845 770 906; x_wconf 79' lang='lat' dir='ltr'>part.</span> <span class='ocrx_word' id='word_1_10' title='bbox 789 837 815 886; x_wconf 78' lang='grc'>1.</span> <span class='ocrx_word' id='word_1_11' title='bbox 841 853 868 903; x_wconf 83' lang='grc' dir='ltr'>ρ.</span> <span class='ocrx_word' id='word_1_12' title='bbox 885 831 960 900; x_wconf 70' lang='grc'><strong>301.)</strong></span> <span class='ocrx_word' id='word_1_13' title='bbox 988 832 1074 885; x_wconf 76' lang='lat' dir='ltr'>verior</span> <span class='ocrx_word' id='word_1_14' title='bbox 1097 832 1235 898; x_wconf 86' lang='lat' dir='ltr'>iudicavit,</span> <span class='ocrx_word' id='word_1_15' title='bbox 1262 831 1387 888; x_wconf 82' lang='lat' dir='ltr'>Ciceroni</span> 
     </span>
     <span class='ocr_line' id='line_1_3' title="bbox 338 919 1387 1003; baseline -0.013 -15"><span class='ocrx_word' id='word_1_16' title='bbox 338 954 418 988; x_wconf 80' lang='lat' dir='ltr'>unam</span> <span class='ocrx_word' id='word_1_17' title='bbox 437 931 537 1003; x_wconf 87' lang='lat' dir='ltr'>ubique</span> <span class='ocrx_word' id='word_1_18' title='bbox 557 928 673 980; x_wconf 76' lang='lat' dir='ltr'>formam</span> <span class='ocrx_word' id='word_1_19' title='bbox 690 920 840 974; x_wconf 77' lang='lat' dir='ltr'>imbecillae</span> <span class='ocrx_word' id='word_1_20' title='bbox 857 919 1043 973; x_wconf 75' lang='lat' dir='ltr'>vindicandam</span> <span class='ocrx_word' id='word_1_21' title='bbox 1060 938 1130 985; x_wconf 75' lang='lat' dir='ltr'>eece,</span> <span class='ocrx_word' id='word_1_22' title='bbox 1156 921 1318 993; x_wconf 84' lang='lat' dir='ltr'>nullumque</span> <span class='ocrx_word' id='word_1_23' title='bbox 1335 942 1387 974; x_wconf 76' lang='lat' dir='ltr'>ecre</span> 
     </span>
     <span class='ocr_line' id='line_1_4' title="bbox 337 1007 1387 1090; baseline -0.011 -16"><span class='ocrx_word' id='word_1_24' title='bbox 337 1021 443 1087; x_wconf 85' lang='lat' dir='ltr'>locum,</span> <span class='ocrx_word' id='word_1_25' title='bbox 462 1036 517 1090; x_wconf 87' lang='lat' dir='ltr'>quo</span> <span class='ocrx_word' id='word_1_26' title='bbox 538 1013 629 1068; x_wconf 82' lang='lat' dir='ltr'>tertiae</span> <span class='ocrx_word' id='word_1_27' title='bbox 648 1007 834 1063; x_wconf 76' lang='lat' dir='ltr'>declinationis</span> <span class='ocrx_word' id='word_1_28' title='bbox 850 1007 939 1061; x_wconf 74' lang='lat' dir='ltr'>[orma</span> <span class='ocrx_word' id='word_1_29' title='bbox 958 1019 1058 1063; x_wconf 86' lang='lat' dir='ltr'>certam</span> <span class='ocrx_word' id='word_1_30' title='bbox 1078 1007 1173 1062; x_wconf 78' lang='lat' dir='ltr'>habeut</span> <span class='ocrx_word' id='word_1_31' title='bbox 1189 1008 1298 1062; x_wconf 83' lang='lat' dir='ltr'>eedem:</span> <span class='ocrx_word' id='word_1_32' title='bbox 1323 1029 1387 1081; x_wconf 85' lang='lat' dir='ltr'>quae</span> 
     </span>
     <span class='ocr_line' id='line_1_5' title="bbox 337 1096 1385 1171; baseline -0.013 -9"><span class='ocrx_word' id='word_1_33' title='bbox 337 1119 407 1163; x_wconf 86' lang='lat' dir='ltr'>certe</span> <span class='ocrx_word' id='word_1_34' title='bbox 426 1124 516 1171; x_wconf 89' lang='lat' dir='ltr'>nunc,</span> <span class='ocrx_word' id='word_1_35' title='bbox 535 1101 581 1155; x_wconf 90' lang='lat' dir='ltr'>abi</span> <span class='ocrx_word' id='word_1_36' title='bbox 601 1098 746 1152; x_wconf 72' lang='lat' dir='ltr'>diutissime</span> <span class='ocrx_word' id='word_1_37' title='bbox 765 1096 907 1163; x_wconf 74' lang='lat' dir='ltr'>haerebat,</span> <span class='ocrx_word' id='word_1_38' title='bbox 924 1115 956 1147; x_wconf 71' lang='lat' dir='ltr'>ex</span> <span class='ocrx_word' id='word_1_39' title='bbox 974 1096 1044 1149; x_wconf 85' lang='lat' dir='ltr'>Loel.</span> <span class='ocrx_word' id='word_1_40' title='bbox 1063 1100 1089 1159; x_wconf 83' lang='grc'>’1,</span> <span class='ocrx_word' id='word_1_41' title='bbox 1108 1096 1256 1150; x_wconf 65' lang='lat' dir='ltr'>raudai</span> <span class='ocrx_word' id='word_1_42' title='bbox 1273 1096 1302 1148; x_wconf 91' lang='lat' dir='ltr'>in</span> <span class='ocrx_word' id='word_1_43' title='bbox 1322 1096 1385 1149; x_wconf 84' lang='lat' dir='ltr'>Edd.</span> 
     </span>
     <span class='ocr_line' id='line_1_6' title="bbox 336 1182 1385 1258; baseline -0.012 -9"><span class='ocrx_word' id='word_1_44' title='bbox 336 1194 449 1258; x_wconf 83' lang='lat' dir='ltr'>Orellii,</span> <span class='ocrx_word' id='word_1_45' title='bbox 478 1189 565 1245; x_wconf 87' lang='lat' dir='ltr'>Beieri</span> <span class='ocrx_word' id='word_1_46' title='bbox 584 1187 648 1255; x_wconf 76' lang='lat' dir='ltr'>(vid.</span> <span class='ocrx_word' id='word_1_47' title='bbox 667 1186 701 1255; x_wconf 85' lang='lat' dir='ltr'>ej.</span> <span class='ocrx_word' id='word_1_48' title='bbox 715 1183 766 1239; x_wconf 79' lang='lat' dir='ltr'>Ed.</span> <span class='ocrx_word' id='word_1_49' title='bbox 784 1184 846 1251; x_wconf 78' lang='lat' dir='ltr'>maj.</span> <span class='ocrx_word' id='word_1_50' title='bbox 865 1203 894 1254; x_wconf 80' lang='lat' dir='ltr'>p.</span> <span class='ocrx_word' id='word_1_51' title='bbox 909 1183 983 1252; x_wconf 81' lang='grc'><em>28,),</em></span> <span class='ocrx_word' id='word_1_52' title='bbox 1006 1182 1115 1236; x_wconf 82' lang='lat' dir='ltr'>Klotaii.</span> <span class='ocrx_word' id='word_1_53' title='bbox 1153 1182 1222 1237; x_wconf 79' lang='lat' dir='ltr'>Add.</span> <span class='ocrx_word' id='word_1_54' title='bbox 1246 1183 1333 1236; x_wconf 85' lang='lat' dir='ltr'>Orell</span> <span class='ocrx_word' id='word_1_55' title='bbox 1355 1184 1385 1236; x_wconf 81' lang='lat' dir='ltr'>ad</span> 
     </span>
     <span class='ocr_line' id='line_1_7' title="bbox 337 1268 1386 1345; baseline -0.01 -10"><span class='ocrx_word' id='word_1_56' title='bbox 337 1281 393 1335; x_wconf 85' lang='lat' dir='ltr'>Cic.</span> <span class='ocrx_word' id='word_1_57' title='bbox 413 1279 484 1333; x_wconf 82' lang='lat' dir='ltr'>Lael.</span> <span class='ocrx_word' id='word_1_58' title='bbox 504 1281 549 1344; x_wconf 83' lang='grc'>13,</span> <span class='ocrx_word' id='word_1_59' title='bbox 559 1280 603 1329; x_wconf 78' lang='lat' dir='ltr'>tt.</span> <span class='ocrx_word' id='word_1_60' title='bbox 623 1275 722 1345; x_wconf 54' lang='grc'><strong>[1188.</strong></span> <span class='ocrx_word' id='word_1_61' title='bbox 741 1281 767 1323; x_wconf 88' lang='lat' dir='ltr'>et</span> <span class='ocrx_word' id='word_1_62' title='bbox 785 1268 889 1323; x_wconf 76' lang='lat' dir='ltr'>Ochen.</span> <span class='ocrx_word' id='word_1_63' title='bbox 906 1270 939 1322; x_wconf 79' lang='lat' dir='ltr'>ad</span> <span class='ocrx_word' id='word_1_64' title='bbox 959 1268 1016 1323; x_wconf 86' lang='lat' dir='ltr'>Cic.</span> <span class='ocrx_word' id='word_1_65' title='bbox 1029 1269 1142 1342; x_wconf 74' lang='lat' dir='ltr'>Eclogg.</span> <span class='ocrx_word' id='word_1_66' title='bbox 1157 1273 1218 1325; x_wconf 73' lang='lat'><strong>1⁹⁹.</strong></span> <span class='ocrx_word' id='word_1_67' title='bbox 1236 1271 1284 1342; x_wconf 75' lang='lat' dir='ltr'>qui</span> <span class='ocrx_word' id='word_1_68' title='bbox 1301 1270 1386 1324; x_wconf 79' lang='lat' dir='ltr'>adhuc</span> 
     </span>
     <span class='ocr_line' id='line_1_8' title="bbox 337 1355 1385 1428; baseline -0.008 -9"><span class='ocrx_word' id='word_1_69' title='bbox 337 1367 364 1419; x_wconf 92' lang='lat' dir='ltr'>in</span> <span class='ocrx_word' id='word_1_70' title='bbox 384 1364 526 1418; x_wconf 78' lang='lat' dir='ltr'>Goerennii</span> <span class='ocrx_word' id='word_1_71' title='bbox 544 1359 674 1415; x_wconf 80' lang='lat' dir='ltr'>sententia</span> <span class='ocrx_word' id='word_1_72' title='bbox 693 1358 833 1423; x_wconf 79' lang='lat' dir='ltr'>haerebat,</span> <span class='ocrx_word' id='word_1_73' title='bbox 861 1356 894 1409; x_wconf 86' lang='lat' dir='ltr'>ad</span> <span class='ocrx_word' id='word_1_74' title='bbox 915 1356 949 1408; x_wconf 91' lang='lat' dir='ltr'>de</span> <span class='ocrx_word' id='word_1_75' title='bbox 968 1355 1046 1409; x_wconf 84' lang='lat' dir='ltr'>Finn.</span> <span class='ocrx_word' id='word_1_76' title='bbox 1067 1359 1100 1422; x_wconf 89' lang='lat' dir='ltr'>V,</span> <span class='ocrx_word' id='word_1_77' title='bbox 1120 1361 1162 1411; x_wconf 77' lang='grc'>24.</span> <span class='ocrx_word' id='word_1_78' title='bbox 1182 1357 1297 1428; x_wconf 79' lang='lat' dir='ltr'>prolata.</span> <span class='ocrx_word' id='word_1_79' title='bbox 1331 1358 1385 1411; x_wconf 87' lang='lat' dir='ltr'>Mr.</span> 
     </span>
    </p>

    <p class='ocr_par' dir='ltr' id='par_1_3' title="bbox 285 1444 1412 4426">
     <span class='ocr_line' id='line_1_9' title="bbox 408 1444 1385 1515; baseline -0.009 -10"><span class='ocrx_word' id='word_1_80' title='bbox 408 1453 543 1505; x_wconf 77' lang='lat' dir='ltr'>Pecuniae</span> <span class='ocrx_word' id='word_1_81' title='bbox 557 1447 682 1514; x_wconf 85' lang='lat' dir='ltr'>membro]</span> <span class='ocrx_word' id='word_1_82' title='bbox 702 1445 834 1513; x_wconf 81' lang='lat' dir='ltr'><strong>„Formas</strong></span> <span class='ocrx_word' id='word_1_83' title='bbox 848 1446 1050 1509; x_wconf 71' lang='lat' dir='ltr'>numiomatunr,</span> <span class='ocrx_word' id='word_1_84' title='bbox 1068 1444 1108 1496; x_wconf 82' lang='lat' dir='ltr'>rel</span> <span class='ocrx_word' id='word_1_85' title='bbox 1119 1444 1209 1515; x_wconf 74' lang='lat' dir='ltr'>potius</span> <span class='ocrx_word' id='word_1_86' title='bbox 1222 1463 1316 1497; x_wconf 89' lang='lat' dir='ltr'>rerum</span> <span class='ocrx_word' id='word_1_87' title='bbox 1329 1463 1385 1498; x_wconf 84' lang='lat' dir='ltr'>eor·</span> 
     </span>
     <span class='ocr_line' id='line_1_10' title="bbox 285 1531 1386 1611; baseline -0.008 -18"><span class='ocrx_word' id='word_1_88' title='bbox 285 1538 292 1553; x_wconf 63' lang='grc'><strong><em>”</em></strong></span> <span class='ocrx_word' id='word_1_89' title='bbox 339 1538 472 1611; x_wconf 85' lang='lat' dir='ltr'>pomlium</span> <span class='ocrx_word' id='word_1_90' title='bbox 493 1536 699 1609; x_wconf 76' lang='lat' dir='ltr'>possessiones.“</span> <span class='ocrx_word' id='word_1_91' title='bbox 724 1534 813 1604; x_wconf 80' lang='lat' dir='ltr'>Xyst.</span> <span class='ocrx_word' id='word_1_92' title='bbox 836 1533 946 1587; x_wconf 90' lang='lat' dir='ltr'>Betul.</span> <span class='ocrx_word' id='word_1_93' title='bbox 982 1534 1134 1596; x_wconf 56' lang='grc' dir='ltr'>,βουνιάσιν</span> <span class='ocrx_word' id='word_1_94' title='bbox 1156 1531 1269 1583; x_wconf 84' lang='lat' dir='ltr'>nomine</span> <span class='ocrx_word' id='word_1_95' title='bbox 1293 1532 1386 1586; x_wconf 91' lang='lat' dir='ltr'>intelli-</span> 
     </span>
     <span class='ocr_line' id='line_1_11' title="bbox 338 1619 1386 1698; baseline -0.005 -20"><span class='ocrx_word' id='word_1_96' title='bbox 338 1638 440 1698; x_wconf 75' lang='lat' dir='ltr'>guntur</span> <span class='ocrx_word' id='word_1_97' title='bbox 459 1645 566 1697; x_wconf 81' lang='lat' dir='ltr'>pecora,</span> <span class='ocrx_word' id='word_1_98' title='bbox 591 1623 708 1695; x_wconf 81' lang='lat' dir='ltr'>praedia,</span> <span class='ocrx_word' id='word_1_99' title='bbox 730 1620 835 1690; x_wconf 71' lang='lat' dir='ltr'>aliaque</span> <span class='ocrx_word' id='word_1_100' title='bbox 853 1620 973 1673; x_wconf 75' lang='lat' dir='ltr'>eiusdem</span> <span class='ocrx_word' id='word_1_101' title='bbox 991 1619 1105 1691; x_wconf 71' lang='lat' dir='ltr'>generis,</span> <span class='ocrx_word' id='word_1_102' title='bbox 1124 1637 1193 1690; x_wconf 83' lang='lat' dir='ltr'>quae</span> <span class='ocrx_word' id='word_1_103' title='bbox 1211 1620 1386 1691; x_wconf 69' lang='lat' dir='ltr'>panidentur,</span> 
     </span>
     <span class='ocr_line' id='line_1_12' title="bbox 339 1706 1386 1783; baseline -0.003 -18"><span class='ocrx_word' id='word_1_104' title='bbox 339 1730 455 1783; x_wconf 80' lang='lat' dir='ltr'>quorum</span> <span class='ocrx_word' id='word_1_105' title='bbox 482 1711 564 1766; x_wconf 81' lang='lat' dir='ltr'>multa</span> <span class='ocrx_word' id='word_1_106' title='bbox 586 1721 649 1764; x_wconf 79' lang='lat' dir='ltr'>sunt</span> <span class='ocrx_word' id='word_1_107' title='bbox 673 1709 747 1781; x_wconf 75' lang='lat' dir='ltr'>quari</span> <span class='ocrx_word' id='word_1_108' title='bbox 772 1706 917 1761; x_wconf 61' lang='lat' dir='ltr'>numbmf‘</span> <span class='ocrx_word' id='word_1_109' title='bbox 943 1707 1017 1762; x_wconf 83' lang='lat' dir='ltr'>Frc.</span> <span class='ocrx_word' id='word_1_110' title='bbox 1042 1706 1132 1778; x_wconf 82' lang='lat' dir='ltr'>Sylv.</span> <span class='ocrx_word' id='word_1_111' title='bbox 1169 1708 1309 1774; x_wconf 61' lang='lat' dir='ltr'>„lucerius</span> <span class='ocrx_word' id='word_1_112' title='bbox 1331 1711 1386 1762; x_wconf 79' lang='lat' dir='ltr'>ietaa</span> 
     </span>
     <span class='ocr_line' id='line_1_13' title="bbox 339 1794 1385 1872; baseline -0.004 -20"><span class='ocrx_word' id='word_1_113' title='bbox 339 1801 515 1872; x_wconf 69' lang='lat' dir='ltr'>possessiones</span> <span class='ocrx_word' id='word_1_114' title='bbox 533 1818 624 1852; x_wconf 87' lang='lat' dir='ltr'>rerum</span> <span class='ocrx_word' id='word_1_115' title='bbox 643 1794 843 1868; x_wconf 80' lang='lat' dir='ltr'>corporalium,</span> <span class='ocrx_word' id='word_1_116' title='bbox 870 1815 935 1868; x_wconf 78' lang='lat' dir='ltr'>quas</span> <span class='ocrx_word' id='word_1_117' title='bbox 955 1796 1079 1848; x_wconf 78' lang='lat' dir='ltr'>fortunae</span> <span class='ocrx_word' id='word_1_118' title='bbox 1095 1794 1239 1861; x_wconf 76' lang='lat' dir='ltr'>debemus,</span> <span class='ocrx_word' id='word_1_119' title='bbox 1268 1814 1385 1868; x_wconf 77' lang='lat' dir='ltr'>quaeque</span> 
     </span>
     <span class='ocr_line' id='line_1_14' title="bbox 338 1883 1384 1955; baseline -0.005 -14"><span class='ocrx_word' id='word_1_120' title='bbox 338 1889 424 1954; x_wconf 81' lang='lat' dir='ltr'>focile,</span> <span class='ocrx_word' id='word_1_121' title='bbox 442 1899 472 1941; x_wconf 89' lang='lat' dir='ltr'>ut</span> <span class='ocrx_word' id='word_1_122' title='bbox 489 1889 607 1953; x_wconf 75' lang='lat' dir='ltr'>fortuna,</span> <span class='ocrx_word' id='word_1_123' title='bbox 626 1885 727 1938; x_wconf 82' lang='lat' dir='ltr'>mutari</span> <span class='ocrx_word' id='word_1_124' title='bbox 744 1894 864 1955; x_wconf 75' lang='lat' dir='ltr'>possunt.</span> <span class='ocrx_word' id='word_1_125' title='bbox 898 1885 1033 1935; x_wconf 75' lang='lat' dir='ltr'>Pecuniae</span> <span class='ocrx_word' id='word_1_126' title='bbox 1052 1883 1161 1935; x_wconf 88' lang='lat' dir='ltr'>nomine</span> <span class='ocrx_word' id='word_1_127' title='bbox 1180 1883 1272 1936; x_wconf 81' lang='lat' dir='ltr'>omnia</span> <span class='ocrx_word' id='word_1_128' title='bbox 1291 1883 1384 1936; x_wconf 87' lang='lat' dir='ltr'>intelli·</span> 
     </span>
     <span class='ocr_line' id='line_1_15' title="bbox 339 1969 1384 2047; baseline -0.005 -19"><span class='ocrx_word' id='word_1_129' title='bbox 339 1986 454 2047; x_wconf 81' lang='lat' dir='ltr'>guntur,</span> <span class='ocrx_word' id='word_1_130' title='bbox 480 1994 548 2045; x_wconf 81' lang='lat' dir='ltr'>quae</span> <span class='ocrx_word' id='word_1_131' title='bbox 566 1974 595 2026; x_wconf 90' lang='lat' dir='ltr'>in</span> <span class='ocrx_word' id='word_1_132' title='bbox 615 1973 694 2025; x_wconf 77' lang='lat' dir='ltr'>bonis</span> <span class='ocrx_word' id='word_1_133' title='bbox 710 1982 793 2037; x_wconf 70' lang='lat' dir='ltr'>sunt,</span> <span class='ocrx_word' id='word_1_134' title='bbox 815 1970 959 2040; x_wconf 82' lang='lat' dir='ltr'>praecipue</span> <span class='ocrx_word' id='word_1_135' title='bbox 976 1969 1145 2040; x_wconf 80' lang='lat' dir='ltr'>corporalia,</span> <span class='ocrx_word' id='word_1_136' title='bbox 1169 1989 1288 2042; x_wconf 84' lang='lat' dir='ltr'>quorum</span> <span class='ocrx_word' id='word_1_137' title='bbox 1308 1970 1384 2023; x_wconf 77' lang='lat' dir='ltr'>multe</span> 
     </span>
     <span class='ocr_line' id='line_1_16' title="bbox 339 2057 1384 2124; baseline -0.005 -8"><span class='ocrx_word' id='word_1_138' title='bbox 339 2075 400 2116; x_wconf 83' lang='lat' dir='ltr'>sunt</span> <span class='ocrx_word' id='word_1_139' title='bbox 413 2061 556 2114; x_wconf 84' lang='lat' dir='ltr'>membra.“</span> <span class='ocrx_word' id='word_1_140' title='bbox 575 2058 754 2112; x_wconf 80' lang='lat' dir='ltr'>Graevius.</span> <span class='ocrx_word' id='word_1_141' title='bbox 767 2092 769 2097; x_wconf 92' lang='lat'>·</span> <span class='ocrx_word' id='word_1_142' title='bbox 792 2058 882 2124; x_wconf 72' lang='lat' dir='ltr'>Video,</span> <span class='ocrx_word' id='word_1_143' title='bbox 901 2058 973 2111; x_wconf 83' lang='lat' dir='ltr'>unde</span> <span class='ocrx_word' id='word_1_144' title='bbox 988 2058 1029 2110; x_wconf 82' lang='lat' dir='ltr'>vir</span> <span class='ocrx_word' id='word_1_145' title='bbox 1039 2058 1134 2111; x_wconf 75' lang='lat' dir='ltr'>doctus</span> <span class='ocrx_word' id='word_1_146' title='bbox 1148 2057 1302 2111; x_wconf 76' lang='lat' dir='ltr'>doctrinam</span> <span class='ocrx_word' id='word_1_147' title='bbox 1316 2077 1384 2111; x_wconf 79' lang='lat' dir='ltr'>suam</span> 
     </span>
     <span class='ocr_line' id='line_1_17' title="bbox 339 2145 1384 2218; baseline -0.002 -16"><span class='ocrx_word' id='word_1_148' title='bbox 339 2149 463 2202; x_wconf 77' lang='lat' dir='ltr'>hauserit.</span> <span class='ocrx_word' id='word_1_149' title='bbox 482 2176 516 2187; x_wconf 86' lang='lat'><em>-</em></span> <span class='ocrx_word' id='word_1_150' title='bbox 545 2146 666 2199; x_wconf 83' lang='lat' dir='ltr'>Membra</span> <span class='ocrx_word' id='word_1_151' title='bbox 692 2166 741 2218; x_wconf 90' lang='lat' dir='ltr'>pro</span> <span class='ocrx_word' id='word_1_152' title='bbox 764 2164 864 2217; x_wconf 76' lang='lat' dir='ltr'>genera</span> <span class='ocrx_word' id='word_1_153' title='bbox 891 2146 993 2200; x_wconf 83' lang='lat' dir='ltr'>dictum</span> <span class='ocrx_word' id='word_1_154' title='bbox 1019 2146 1182 2201; x_wconf 74' lang='lat' dir='ltr'>existimabat</span> <span class='ocrx_word' id='word_1_155' title='bbox 1206 2145 1384 2218; x_wconf 79' lang='lat' dir='ltr'>Biicblingius,</span> 
     </span>
     <span class='ocr_line' id='line_1_18' title="bbox 339 2233 1385 2306; baseline -0.006 -14"><span class='ocrx_word' id='word_1_156' title='bbox 339 2237 441 2293; x_wconf 83' lang='lat' dir='ltr'>addene</span> <span class='ocrx_word' id='word_1_157' title='bbox 458 2235 535 2302; x_wconf 81' lang='lat' dir='ltr'>„eine</span> <span class='ocrx_word' id='word_1_158' title='bbox 552 2234 667 2288; x_wconf 82' lang='lat' dir='ltr'>duhi0“:</span> <span class='ocrx_word' id='word_1_159' title='bbox 694 2254 753 2306; x_wconf 85' lang='lat' dir='ltr'>quo·</span> <span class='ocrx_word' id='word_1_160' title='bbox 772 2235 831 2306; x_wconf 78' lang='lat' dir='ltr'>ipao</span> <span class='ocrx_word' id='word_1_161' title='bbox 856 2255 883 2288; x_wconf 85' lang='lat' dir='ltr'>ee</span> <span class='ocrx_word' id='word_1_162' title='bbox 908 2235 1030 2288; x_wconf 83' lang='lat' dir='ltr'>dubitare</span> <span class='ocrx_word' id='word_1_163' title='bbox 1054 2233 1228 2305; x_wconf 74' lang='lat' dir='ltr'>significabat.</span> <span class='ocrx_word' id='word_1_164' title='bbox 1245 2262 1281 2275; x_wconf 89' lang='lat'>-··</span> <span class='ocrx_word' id='word_1_165' title='bbox 1311 2233 1385 2304; x_wconf 71' lang='lat' dir='ltr'>„Ego</span> 
     </span>
     <span class='ocr_line' id='line_1_19' title="bbox 340 2321 1384 2395; baseline -0.007 -16"><span class='ocrx_word' id='word_1_166' title='bbox 340 2327 392 2379; x_wconf 82' lang='lat' dir='ltr'>iam</span> <span class='ocrx_word' id='word_1_167' title='bbox 411 2323 482 2376; x_wconf 86' lang='lat' dir='ltr'>olim·</span> <span class='ocrx_word' id='word_1_168' title='bbox 496 2323 684 2395; x_wconf 79' lang='lat' dir='ltr'>corrigendum</span> <span class='ocrx_word' id='word_1_169' title='bbox 703 2323 794 2376; x_wconf 85' lang='lat' dir='ltr'>oenrui</span> <span class='ocrx_word' id='word_1_170' title='bbox 813 2324 941 2392; x_wconf 80' lang='lat' dir='ltr'>pecuniae</span> <span class='ocrx_word' id='word_1_171' title='bbox 958 2332 1114 2385; x_wconf 75' lang='lat' dir='ltr'>munera,</span> <span class='ocrx_word' id='word_1_172' title='bbox 1132 2333 1157 2374; x_wconf 90' lang='lat' dir='ltr'>et</span> <span class='ocrx_word' id='word_1_173' title='bbox 1171 2321 1209 2375; x_wconf 83' lang='lat' dir='ltr'>sic</span> <span class='ocrx_word' id='word_1_174' title='bbox 1221 2341 1298 2376; x_wconf 88' lang='lat' dir='ltr'>nunc</span> <span class='ocrx_word' id='word_1_175' title='bbox 1310 2321 1384 2386; x_wconf 86' lang='lat' dir='ltr'>edidi,</span> 
     </span>
     <span class='ocr_line' id='line_1_20' title="bbox 340 2410 1385 2485; baseline -0.005 -18"><span class='ocrx_word' id='word_1_176' title='bbox 340 2417 366 2468; x_wconf 92' lang='lat' dir='ltr'>in</span> <span class='ocrx_word' id='word_1_177' title='bbox 386 2432 474 2485; x_wconf 86' lang='lat' dir='ltr'>eoque</span> <span class='ocrx_word' id='word_1_178' title='bbox 492 2411 699 2467; x_wconf 72' lang='lat' dir='ltr'>mibi-ostentui</span> <span class='ocrx_word' id='word_1_179' title='bbox 717 2410 803 2464; x_wconf 81' lang='lat' dir='ltr'>laetor</span> <span class='ocrx_word' id='word_1_180' title='bbox 819 2410 981 2464; x_wconf 77' lang='lat' dir='ltr'>Wetrelium</span> <span class='ocrx_word' id='word_1_181' title='bbox 1001 2412 1177 2483; x_wconf 85' lang='lat' dir='ltr'>[quamquam</span> <span class='ocrx_word' id='word_1_182' title='bbox 1194 2411 1216 2462; x_wconf 83' lang='lat' dir='ltr'>is</span> <span class='ocrx_word' id='word_1_183' title='bbox 1240 2430 1297 2464; x_wconf 90' lang='lat' dir='ltr'>non</span> <span class='ocrx_word' id='word_1_184' title='bbox 1316 2427 1385 2463; x_wconf 84' lang='lat' dir='ltr'>rece-</span> 
     </span>
     <span class='ocr_line' id='line_1_21' title="bbox 340 2497 1385 2572; baseline -0.003 -19"><span class='ocrx_word' id='word_1_185' title='bbox 340 2501 379 2572; x_wconf 85' lang='lat' dir='ltr'>pit</span> <span class='ocrx_word' id='word_1_186' title='bbox 392 2501 597 2568; x_wconf 64' lang='lat' dir='ltr'>coniecturam]</span> <span class='ocrx_word' id='word_1_187' title='bbox 617 2501 662 2572; x_wconf 83' lang='lat' dir='ltr'>qui</span> <span class='ocrx_word' id='word_1_188' title='bbox 681 2511 742 2572; x_wconf 83' lang='lat' dir='ltr'>apte</span> <span class='ocrx_word' id='word_1_189' title='bbox 761 2500 925 2572; x_wconf 80' lang='lat' dir='ltr'>comparavit</span> <span class='ocrx_word' id='word_1_190' title='bbox 942 2499 1033 2554; x_wconf 78' lang='lat' dir='ltr'>lowm</span> <span class='ocrx_word' id='word_1_191' title='bbox 1053 2499 1086 2552; x_wconf 86' lang='lat' dir='ltr'>de</span> <span class='ocrx_word' id='word_1_192' title='bbox 1104 2497 1292 2562; x_wconf 78' lang='lat' dir='ltr'>Finn.tt,1·t=</span> <span class='ocrx_word' id='word_1_193' title='bbox 1308 2516 1385 2568; x_wconf 85' lang='lat' dir='ltr'>paca-</span> 
     </span>
     <span class='ocr_line' id='line_1_22' title="bbox 339 2587 1384 2659; baseline -0.005 -17"><span class='ocrx_word' id='word_1_194' title='bbox 339 2591 385 2642; x_wconf 86' lang='lat' dir='ltr'>m&#39;a</span> <span class='ocrx_word' id='word_1_195' title='bbox 404 2598 595 2658; x_wconf 83' lang='lat' dir='ltr'>comparantur</span> <span class='ocrx_word' id='word_1_196' title='bbox 614 2589 766 2659; x_wconf 78' lang='lat' dir='ltr'>voluptates</span> <span class='ocrx_word' id='word_1_197' title='bbox 781 2590 945 2659; x_wconf 81' lang='lat' dir='ltr'>plurimae.“</span> <span class='ocrx_word' id='word_1_198' title='bbox 967 2587 1101 2641; x_wconf 80' lang='lat' dir='ltr'>Schiitn.</span> <span class='ocrx_word' id='word_1_199' title='bbox 1139 2587 1291 2650; x_wconf 85' lang='lat' dir='ltr'>„Pecuniae</span> <span class='ocrx_word' id='word_1_200' title='bbox 1310 2605 1384 2638; x_wconf 79' lang='lat' dir='ltr'>niem-</span> 
     </span>
     <span class='ocr_line' id='line_1_23' title="bbox 340 2673 1383 2750; baseline -0.001 -23"><span class='ocrx_word' id='word_1_201' title='bbox 340 2675 388 2728; x_wconf 88' lang='lat' dir='ltr'>bro</span> <span class='ocrx_word' id='word_1_202' title='bbox 406 2678 423 2729; x_wconf 91' lang='lat' dir='ltr'>i.</span> <span class='ocrx_word' id='word_1_203' title='bbox 440 2697 464 2730; x_wconf 91' lang='lat' dir='ltr'>e.</span> <span class='ocrx_word' id='word_1_204' title='bbox 483 2688 572 2748; x_wconf 80' lang='lat' dir='ltr'>partes</span> <span class='ocrx_word' id='word_1_205' title='bbox 590 2677 768 2748; x_wconf 70' lang='lat' dir='ltr'>possessionis.</span> <span class='ocrx_word' id='word_1_206' title='bbox 809 2677 856 2731; x_wconf 87' lang='lat' dir='ltr'>Sic</span> <span class='ocrx_word' id='word_1_207' title='bbox 879 2677 1007 2750; x_wconf 79' lang='lat' dir='ltr'>exquisite</span> <span class='ocrx_word' id='word_1_208' title='bbox 1030 2676 1093 2731; x_wconf 83' lang='lat' dir='ltr'>dixit</span> <span class='ocrx_word' id='word_1_209' title='bbox 1115 2674 1195 2728; x_wconf 78' lang='lat' dir='ltr'>etiarn</span> <span class='ocrx_word' id='word_1_210' title='bbox 1218 2673 1334 2728; x_wconf 75' lang='lat' dir='ltr'>Ovidius</span> <span class='ocrx_word' id='word_1_211' title='bbox 1354 2673 1383 2726; x_wconf 91' lang='lat' dir='ltr'>de</span> 
     </span>
     <span class='ocr_line' id='line_1_24' title="bbox 339 2762 1384 2836; baseline -0.001 -19"><span class='ocrx_word' id='word_1_212' title='bbox 339 2764 444 2818; x_wconf 86' lang='lat' dir='ltr'>duobus</span> <span class='ocrx_word' id='word_1_213' title='bbox 462 2765 567 2819; x_wconf 81' lang='lat' dir='ltr'>amicis:</span> <span class='ocrx_word' id='word_1_214' title='bbox 593 2766 695 2817; x_wconf 84' lang='lat' dir='ltr'>Dulcia</span> <span class='ocrx_word' id='word_1_215' title='bbox 713 2767 851 2818; x_wconf 81' lang='lat' dir='ltr'>convictor</span> <span class='ocrx_word' id='word_1_216' title='bbox 876 2765 1021 2818; x_wconf 86' lang='lat' dir='ltr'>membra</span> <span class='ocrx_word' id='word_1_217' title='bbox 1036 2765 1120 2836; x_wconf 84' lang='lat' dir='ltr'>foere</span> <span class='ocrx_word' id='word_1_218' title='bbox 1138 2764 1196 2816; x_wconf 84' lang='lat' dir='ltr'>mei.</span> <span class='ocrx_word' id='word_1_219' title='bbox 1235 2762 1335 2830; x_wconf 76' lang='lat' dir='ltr'>[Locus</span> <span class='ocrx_word' id='word_1_220' title='bbox 1350 2773 1384 2815; x_wconf 78' lang='lat' dir='ltr'>ec</span> 
     </span>
     <span class='ocr_line' id='line_1_25' title="bbox 338 2851 1383 2924; baseline -0.002 -20"><span class='ocrx_word' id='word_1_221' title='bbox 338 2851 418 2905; x_wconf 81' lang='lat' dir='ltr'>Tn‘st.</span> <span class='ocrx_word' id='word_1_222' title='bbox 431 2852 477 2917; x_wconf 90' lang='lat' dir='ltr'>lV,</span> <span class='ocrx_word' id='word_1_223' title='bbox 492 2854 601 2918; x_wconf 77' lang='grc'>10,4’1,]</span> <span class='ocrx_word' id='word_1_224' title='bbox 638 2851 718 2922; x_wconf 82' lang='lat' dir='ltr'>Apud</span> <span class='ocrx_word' id='word_1_225' title='bbox 738 2851 858 2906; x_wconf 76' lang='lat' dir='ltr'>Graecos</span> <span class='ocrx_word' id='word_1_226' title='bbox 877 2872 955 2924; x_wconf 71' lang='lat' dir='ltr'>coepe</span> <span class='ocrx_word' id='word_1_227' title='bbox 974 2851 1072 2905; x_wconf 87' lang='lat' dir='ltr'>dicitur</span> <span class='ocrx_word' id='word_1_228' title='bbox 1088 2856 1153 2922; x_wconf 73' lang='grc' dir='ltr'>μέρη</span> <span class='ocrx_word' id='word_1_229' title='bbox 1172 2856 1216 2902; x_wconf 76' lang='grc' dir='ltr'>καὶ</span> <span class='ocrx_word' id='word_1_230' title='bbox 1233 2855 1307 2920; x_wconf 65' lang='grc' dir='ltr'><em>μέλῃ,</em></span> <span class='ocrx_word' id='word_1_231' title='bbox 1327 2871 1383 2923; x_wconf 85' lang='lat' dir='ltr'>par·</span> 
     </span>
     <span class='ocr_line' id='line_1_26' title="bbox 339 2938 1382 3011; baseline 0 -20"><span class='ocrx_word' id='word_1_232' title='bbox 339 2950 377 2991; x_wconf 75' lang='lat' dir='ltr'>tea</span> <span class='ocrx_word' id='word_1_233' title='bbox 396 2950 422 2990; x_wconf 86' lang='lat' dir='ltr'>et</span> <span class='ocrx_word' id='word_1_234' title='bbox 440 2940 569 2991; x_wconf 80' lang='lat' dir='ltr'>membra.</span> <span class='ocrx_word' id='word_1_235' title='bbox 606 2938 652 2992; x_wconf 79' lang='lat' dir='ltr'>Est</span> <span class='ocrx_word' id='word_1_236' title='bbox 669 2951 757 2992; x_wconf 80' lang='lat' dir='ltr'>autem</span> <span class='ocrx_word' id='word_1_237' title='bbox 776 2938 889 2992; x_wconf 79' lang='lat' dir='ltr'>latinum</span> <span class='ocrx_word' id='word_1_238' title='bbox 908 2939 1050 2992; x_wconf 76' lang='lat' dir='ltr'>merrabrum</span> <span class='ocrx_word' id='word_1_239' title='bbox 1068 2960 1082 2992; x_wconf 83' lang='lat' dir='ltr'>a</span> <span class='ocrx_word' id='word_1_240' title='bbox 1101 2944 1186 3010; x_wconf 72' lang='grc' dir='ltr'><em>μέρος,</em></span> <span class='ocrx_word' id='word_1_241' title='bbox 1204 2958 1255 3011; x_wconf 87' lang='lat' dir='ltr'>per</span> <span class='ocrx_word' id='word_1_242' title='bbox 1269 2939 1382 3011; x_wconf 78' lang='lat' dir='ltr'>redupli-</span> 
     </span>
     <span class='ocr_line' id='line_1_27' title="bbox 339 3022 1382 3096; baseline -0.001 -17"><span class='ocrx_word' id='word_1_243' title='bbox 339 3027 472 3079; x_wconf 84' lang='lat' dir='ltr'>cationem</span> <span class='ocrx_word' id='word_1_244' title='bbox 490 3029 607 3094; x_wconf 73' lang='grc' dir='ltr'>μέμερος,</span> <span class='ocrx_word' id='word_1_245' title='bbox 628 3027 709 3092; x_wconf 85' lang='lat' dir='ltr'>unde,</span> <span class='ocrx_word' id='word_1_246' title='bbox 730 3026 871 3080; x_wconf 86' lang='lat' dir='ltr'>interiecto</span> <span class='ocrx_word' id='word_1_247' title='bbox 888 3033 916 3094; x_wconf 78' lang='grc' dir='ltr'>β,</span> <span class='ocrx_word' id='word_1_248' title='bbox 934 3033 1057 3096; x_wconf 75' lang='grc' dir='ltr'>μέμβρον,</span> <span class='ocrx_word' id='word_1_249' title='bbox 1077 3027 1155 3080; x_wconf 80' lang='lat' dir='ltr'>veluti</span> <span class='ocrx_word' id='word_1_250' title='bbox 1174 3047 1203 3080; x_wconf 82' lang='lat' dir='ltr'>ex</span> <span class='ocrx_word' id='word_1_251' title='bbox 1222 3032 1287 3096; x_wconf 74' lang='grc' dir='ltr'>μέση</span> <span class='ocrx_word' id='word_1_252' title='bbox 1305 3022 1382 3096; x_wconf 60' lang='grc' dir='ltr'><em>ἡμέρα</em></span> 
     </span>
     <span class='ocr_line' id='line_1_28' title="bbox 339 3112 1382 3187; baseline 0 -22"><span class='ocrx_word' id='word_1_253' title='bbox 339 3112 368 3166; x_wconf 85' lang='lat' dir='ltr'>fn</span> <span class='ocrx_word' id='word_1_254' title='bbox 388 3115 563 3182; x_wconf 73' lang='grc' dir='ltr'>μεσημβρία.“</span> <span class='ocrx_word' id='word_1_255' title='bbox 588 3115 692 3184; x_wconf 76' lang='lat' dir='ltr'>wyte</span> <span class='ocrx_word' id='word_1_256' title='bbox 730 3113 904 3179; x_wconf 85' lang='lat' dir='ltr'>„Admodum</span> <span class='ocrx_word' id='word_1_257' title='bbox 923 3115 1065 3187; x_wconf 73' lang='lat' dir='ltr'>probabile</span> <span class='ocrx_word' id='word_1_258' title='bbox 1084 3126 1136 3179; x_wconf 83' lang='lat' dir='ltr'>est,</span> <span class='ocrx_word' id='word_1_259' title='bbox 1159 3114 1233 3186; x_wconf 86' lang='lat' dir='ltr'>qaod</span> <span class='ocrx_word' id='word_1_260' title='bbox 1251 3113 1382 3168; x_wconf 74' lang='lat' dir='ltr'>Schiiteius</span> 
     </span>
     <span class='ocr_line' id='line_1_29' title="bbox 340 3199 1383 3273; baseline -0.002 -19"><span class='ocrx_word' id='word_1_261' title='bbox 340 3202 367 3254; x_wconf 93' lang='lat' dir='ltr'>in</span> <span class='ocrx_word' id='word_1_262' title='bbox 386 3199 456 3252; x_wconf 88' lang='lat' dir='ltr'>libro</span> <span class='ocrx_word' id='word_1_263' title='bbox 475 3211 613 3253; x_wconf 76' lang='lat' dir='ltr'>menstruo</span> <span class='ocrx_word' id='word_1_264' title='bbox 632 3220 711 3272; x_wconf 82' lang='lat' dir='ltr'>supra</span> <span class='ocrx_word' id='word_1_265' title='bbox 730 3201 838 3257; x_wconf 80' lang='lat' dir='ltr'>laudato</span> <span class='ocrx_word' id='word_1_266' title='bbox 856 3204 980 3270; x_wconf 86' lang='lat' dir='ltr'>coniecit,</span> <span class='ocrx_word' id='word_1_267' title='bbox 998 3207 1126 3273; x_wconf 79' lang='lat' dir='ltr'>pecuniae</span> <span class='ocrx_word' id='word_1_268' title='bbox 1143 3221 1262 3268; x_wconf 79' lang='lat' dir='ltr'>munera,</span> <span class='ocrx_word' id='word_1_269' title='bbox 1281 3223 1298 3255; x_wconf 92' lang='lat' dir='ltr'>e</span> <span class='ocrx_word' id='word_1_270' title='bbox 1315 3202 1383 3256; x_wconf 79' lang='lat' dir='ltr'>cuiue</span> 
     </span>
     <span class='ocr_line' id='line_1_30' title="bbox 341 3286 1384 3362; baseline 0.005 -22"><span class='ocrx_word' id='word_1_271' title='bbox 341 3286 503 3358; x_wconf 86' lang='lat' dir='ltr'>compendio</span> <span class='ocrx_word' id='word_1_272' title='bbox 525 3287 598 3341; x_wconf 82' lang='lat' dir='ltr'>nasci</span> <span class='ocrx_word' id='word_1_273' title='bbox 622 3290 709 3359; x_wconf 92' lang='lat' dir='ltr'>potuit</span> <span class='ocrx_word' id='word_1_274' title='bbox 731 3289 835 3362; x_wconf 73' lang='lat' dir='ltr'>vulgata</span> <span class='ocrx_word' id='word_1_275' title='bbox 858 3292 937 3346; x_wconf 86' lang='lat' dir='ltr'>lectio</span> <span class='ocrx_word' id='word_1_276' title='bbox 962 3291 1087 3343; x_wconf 84' lang='lat' dir='ltr'>membro.</span> <span class='ocrx_word' id='word_1_277' title='bbox 1122 3292 1238 3343; x_wconf 83' lang='lat' dir='ltr'>Probata</span> <span class='ocrx_word' id='word_1_278' title='bbox 1265 3303 1304 3345; x_wconf 79' lang='lat' dir='ltr'>eat</span> <span class='ocrx_word' id='word_1_279' title='bbox 1327 3291 1384 3343; x_wconf 72' lang='lat' dir='ltr'>hcet</span> 
     </span>
     <span class='ocr_line' id='line_1_31' title="bbox 340 3374 1383 3433; baseline 0.001 -5"><span class='ocrx_word' id='word_1_280' title='bbox 340 3374 493 3428; x_wconf 79' lang='lat' dir='ltr'>coniectura</span> <span class='ocrx_word' id='word_1_281' title='bbox 513 3377 591 3429; x_wconf 84' lang='lat' dir='ltr'>etiam</span> <span class='ocrx_word' id='word_1_282' title='bbox 605 3377 737 3431; x_wconf 78' lang='lat' dir='ltr'>Wetaelio</span> <span class='ocrx_word' id='word_1_283' title='bbox 757 3389 783 3432; x_wconf 86' lang='lat' dir='ltr'>et</span> <span class='ocrx_word' id='word_1_284' title='bbox 798 3377 830 3433; x_wconf 91' lang='lat' dir='ltr'>C.</span> <span class='ocrx_word' id='word_1_285' title='bbox 844 3380 875 3433; x_wconf 87' lang='lat' dir='ltr'>F.</span> <span class='ocrx_word' id='word_1_286' title='bbox 888 3379 1004 3433; x_wconf 82' lang='lat' dir='ltr'>Wollbo</span> <span class='ocrx_word' id='word_1_287' title='bbox 1020 3380 1047 3432; x_wconf 91' lang='lat' dir='ltr'>in</span> <span class='ocrx_word' id='word_1_288' title='bbox 1068 3390 1130 3432; x_wconf 85' lang='lat' dir='ltr'>nota</span> <span class='ocrx_word' id='word_1_289' title='bbox 1149 3379 1183 3431; x_wconf 85' lang='lat' dir='ltr'>od</span> <span class='ocrx_word' id='word_1_290' title='bbox 1200 3378 1280 3431; x_wconf 82' lang='lat' dir='ltr'>huiua</span> <span class='ocrx_word' id='word_1_291' title='bbox 1297 3378 1313 3430; x_wconf 87' lang='lat' dir='ltr'>l.</span> <span class='ocrx_word' id='word_1_292' title='bbox 1332 3395 1383 3429; x_wconf 84' lang='lat' dir='ltr'>ver·</span> 
     </span>
     <span class='ocr_line' id='line_1_32' title="bbox 340 3463 1382 3541; baseline 0 -25"><span class='ocrx_word' id='word_1_293' title='bbox 340 3464 449 3517; x_wconf 61' lang='lat' dir='ltr'>donem.</span> <span class='ocrx_word' id='word_1_294' title='bbox 486 3463 659 3536; x_wconf 82' lang='lat' dir='ltr'>Quamquam</span> <span class='ocrx_word' id='word_1_295' title='bbox 685 3469 810 3538; x_wconf 81' lang='lat' dir='ltr'>equidem</span> <span class='ocrx_word' id='word_1_296' title='bbox 835 3469 958 3541; x_wconf 78' lang='lat' dir='ltr'>suspicor</span> <span class='ocrx_word' id='word_1_297' title='bbox 981 3479 1107 3521; x_wconf 86' lang='lat' dir='ltr'>neutrum</span> <span class='ocrx_word' id='word_1_298' title='bbox 1129 3467 1225 3519; x_wconf 90' lang='lat' dir='ltr'>borum</span> <span class='ocrx_word' id='word_1_299' title='bbox 1246 3465 1382 3520; x_wconf 72' lang='lat' dir='ltr'>substanti·</span> 
     </span>
     <span class='ocr_line' id='line_1_33' title="bbox 340 3552 1383 3627; baseline 0.003 -25"><span class='ocrx_word' id='word_1_300' title='bbox 340 3571 432 3605; x_wconf 79' lang='lat' dir='ltr'>rorum</span> <span class='ocrx_word' id='word_1_301' title='bbox 454 3575 468 3608; x_wconf 80' lang='lat' dir='ltr'>a</span> <span class='ocrx_word' id='word_1_302' title='bbox 488 3552 620 3608; x_wconf 85' lang='lat' dir='ltr'>Cicerone</span> <span class='ocrx_word' id='word_1_303' title='bbox 639 3574 709 3621; x_wconf 80' lang='lat' dir='ltr'>esse,</span> <span class='ocrx_word' id='word_1_304' title='bbox 736 3557 781 3609; x_wconf 80' lang='lat' dir='ltr'>sed</span> <span class='ocrx_word' id='word_1_305' title='bbox 806 3557 869 3610; x_wconf 76' lang='lat' dir='ltr'>ratis</span> <span class='ocrx_word' id='word_1_306' title='bbox 891 3557 1013 3610; x_wconf 75' lang='lat' dir='ltr'>habuisse</span> <span class='ocrx_word' id='word_1_307' title='bbox 1038 3556 1184 3627; x_wconf 75' lang='lat' dir='ltr'>genitivum</span> <span class='ocrx_word' id='word_1_308' title='bbox 1210 3574 1274 3608; x_wconf 87' lang='lat' dir='ltr'>curn</span> <span class='ocrx_word' id='word_1_309' title='bbox 1292 3564 1383 3607; x_wconf 82' lang='lat' dir='ltr'>neutro</span> 
     </span>
     <span class='ocr_line' id='line_1_34' title="bbox 338 3641 1383 3714; baseline -0.001 -22"><span class='ocrx_word' id='word_1_310' title='bbox 338 3641 508 3710; x_wconf 77' lang='lat' dir='ltr'>pronominis</span> <span class='ocrx_word' id='word_1_311' title='bbox 522 3642 635 3712; x_wconf 83' lang='lat' dir='ltr'>iungere</span> <span class='ocrx_word' id='word_1_312' title='bbox 654 3662 704 3714; x_wconf 91' lang='lat' dir='ltr'>pro</span> <span class='ocrx_word' id='word_1_313' title='bbox 722 3646 789 3696; x_wconf 82' lang='lat' dir='ltr'>haec</span> <span class='ocrx_word' id='word_1_314' title='bbox 803 3646 936 3697; x_wconf 82' lang='lat' dir='ltr'>imbecillo</span> <span class='ocrx_word' id='word_1_315' title='bbox 954 3657 981 3698; x_wconf 83' lang='lat' dir='ltr'>et</span> <span class='ocrx_word' id='word_1_316' title='bbox 999 3645 1215 3700; x_wconf 76' lang='lat' dir='ltr'>commutabilia,</span> <span class='ocrx_word' id='word_1_317' title='bbox 1237 3661 1309 3714; x_wconf 80' lang='lat' dir='ltr'>quoe</span> <span class='ocrx_word' id='word_1_318' title='bbox 1324 3648 1383 3693; x_wconf 75' lang='lat' dir='ltr'>sual</span> 
     </span>
     <span class='ocr_line' id='line_1_35' title="bbox 336 3728 1383 3805; baseline 0 -25"><span class='ocrx_word' id='word_1_319' title='bbox 336 3729 474 3795; x_wconf 82' lang='lat' dir='ltr'>pecuniae.</span> <span class='ocrx_word' id='word_1_320' title='bbox 511 3729 572 3781; x_wconf 88' lang='lat' dir='ltr'>Vid.</span> <span class='ocrx_word' id='word_1_321' title='bbox 592 3729 686 3783; x_wconf 71' lang='lat' dir='ltr'>parad,</span> <span class='ocrx_word' id='word_1_322' title='bbox 705 3732 750 3798; x_wconf 91' lang='lat' dir='ltr'>Vl,</span> <span class='ocrx_word' id='word_1_323' title='bbox 770 3739 795 3797; x_wconf 77' lang='lat'>2,</span> <span class='ocrx_word' id='word_1_324' title='bbox 813 3738 859 3788; x_wconf 77' lang='lat'>48.</span> <span class='ocrx_word' id='word_1_325' title='bbox 879 3734 925 3788; x_wconf 89' lang='lat' dir='ltr'>ubi</span> <span class='ocrx_word' id='word_1_326' title='bbox 943 3735 971 3788; x_wconf 91' lang='lat' dir='ltr'>in</span> <span class='ocrx_word' id='word_1_327' title='bbox 996 3734 1101 3805; x_wconf 79' lang='lat' dir='ltr'>eliquat</span> <span class='ocrx_word' id='word_1_328' title='bbox 1118 3732 1186 3785; x_wconf 85' lang='lat' dir='ltr'>Edd.</span> <span class='ocrx_word' id='word_1_329' title='bbox 1207 3751 1256 3783; x_wconf 82' lang='lat' dir='ltr'>vox</span> <span class='ocrx_word' id='word_1_330' title='bbox 1274 3728 1383 3782; x_wconf 81' lang='lat' dir='ltr'>membro</span> 
     </span>
     <span class='ocr_line' id='line_1_36' title="bbox 339 3813 1384 3890; baseline 0.002 -24"><span class='ocrx_word' id='word_1_331' title='bbox 339 3813 425 3866; x_wconf 78' lang='lat' dir='ltr'>addita</span> <span class='ocrx_word' id='word_1_332' title='bbox 445 3825 497 3866; x_wconf 81' lang='lat' dir='ltr'>eat:</span> <span class='ocrx_word' id='word_1_333' title='bbox 523 3815 574 3867; x_wconf 75' lang='lat' dir='ltr'>nisi</span> <span class='ocrx_word' id='word_1_334' title='bbox 593 3817 666 3884; x_wconf 79' lang='lat' dir='ltr'>velis,</span> <span class='ocrx_word' id='word_1_335' title='bbox 686 3821 758 3890; x_wconf 90' lang='lat' dir='ltr'>quod</span> <span class='ocrx_word' id='word_1_336' title='bbox 777 3821 805 3874; x_wconf 90' lang='lat' dir='ltr'>in</span> <span class='ocrx_word' id='word_1_337' title='bbox 825 3833 942 3875; x_wconf 87' lang='lat' dir='ltr'>mentem</span> <span class='ocrx_word' id='word_1_338' title='bbox 962 3822 1027 3876; x_wconf 88' lang='lat' dir='ltr'>mihi</span> <span class='ocrx_word' id='word_1_339' title='bbox 1047 3831 1155 3875; x_wconf 82' lang='lat' dir='ltr'>venerat</span> <span class='ocrx_word' id='word_1_340' title='bbox 1172 3819 1290 3872; x_wconf 76' lang='lat' dir='ltr'>scribere</span> <span class='ocrx_word' id='word_1_341' title='bbox 1308 3836 1384 3888; x_wconf 81' lang='lat' dir='ltr'>peco-</span> 
     </span>
     <span class='ocr_line' id='line_1_37' title="bbox 338 3900 1384 3983; baseline 0.011 -32"><span class='ocrx_word' id='word_1_342' title='bbox 338 3900 402 3965; x_wconf 85' lang='lat' dir='ltr'>uid,</span> <span class='ocrx_word' id='word_1_343' title='bbox 420 3912 449 3954; x_wconf 94' lang='lat' dir='ltr'>ut</span> <span class='ocrx_word' id='word_1_344' title='bbox 466 3901 519 3955; x_wconf 77' lang='lat' dir='ltr'>sint</span> <span class='ocrx_word' id='word_1_345' title='bbox 539 3906 737 3958; x_wconf 84' lang='lat' dir='ltr'>commutabilia</span> <span class='ocrx_word' id='word_1_346' title='bbox 750 3911 882 3978; x_wconf 65' lang='lat' dir='ltr'>pneuma.</span> <span class='ocrx_word' id='word_1_347' title='bbox 906 3931 975 3983; x_wconf 81' lang='lat' dir='ltr'>quae</span> <span class='ocrx_word' id='word_1_348' title='bbox 993 3911 1154 3965; x_wconf 82' lang='lat' dir='ltr'>commutari</span> <span class='ocrx_word' id='word_1_349' title='bbox 1173 3919 1286 3980; x_wconf 78' lang='lat' dir='ltr'>possunt</span> <span class='ocrx_word' id='word_1_350' title='bbox 1306 3924 1384 3979; x_wconf 72' lang='lat' dir='ltr'>pecti·</span> 
     </span>
     <span class='ocr_line' id='line_1_38' title="bbox 338 3985 1383 4069; baseline 0.006 -28"><span class='ocrx_word' id='word_1_351' title='bbox 338 3985 396 4054; x_wconf 71' lang='lat' dir='ltr'>nit,</span> <span class='ocrx_word' id='word_1_352' title='bbox 423 3987 448 4041; x_wconf 91' lang='lat' dir='ltr'>b.</span> <span class='ocrx_word' id='word_1_353' title='bbox 467 4009 491 4042; x_wconf 83' lang='lat' dir='ltr'>e.</span> <span class='ocrx_word' id='word_1_354' title='bbox 517 3991 569 4043; x_wconf 90' lang='lat' dir='ltr'>emi</span> <span class='ocrx_word' id='word_1_355' title='bbox 594 3993 733 4066; x_wconf 80' lang='lat' dir='ltr'>rendique.</span> <span class='ocrx_word' id='word_1_356' title='bbox 768 3997 823 4052; x_wconf 90' lang='lat' dir='ltr'>Pro</span> <span class='ocrx_word' id='word_1_357' title='bbox 843 3998 950 4055; x_wconf 85' lang='lat' dir='ltr'>Cluent.</span> <span class='ocrx_word' id='word_1_358' title='bbox 968 4005 1012 4065; x_wconf 77' lang='grc'>46,</span> <span class='ocrx_word' id='word_1_359' title='bbox 1032 4002 1099 4054; x_wconf 75' lang='lat'><strong>129:</strong></span> <span class='ocrx_word' id='word_1_360' title='bbox 1127 3998 1174 4069; x_wconf 86' lang='lat' dir='ltr'>qui</span> <span class='ocrx_word' id='word_1_361' title='bbox 1191 3999 1229 4047; x_wconf 87' lang='lat' dir='ltr'>nd</span> <span class='ocrx_word' id='word_1_362' title='bbox 1244 3998 1383 4066; x_wconf 71' lang='lat' dir='ltr'>prornioicm</span> 
     </span>
     <span class='ocr_line' id='line_1_39' title="bbox 337 4077 1412 4159; baseline -0.013 -12"><span class='ocrx_word' id='word_1_363' title='bbox 337 4077 485 4130; x_wconf 56' lang='lat' dir='ltr'>lallffeflllS</span> <span class='ocrx_word' id='word_1_364' title='bbox 504 4080 589 4146; x_wconf 79' lang='lat' dir='ltr'>fidem</span> <span class='ocrx_word' id='word_1_365' title='bbox 617 4101 696 4134; x_wconf 78' lang='lat' dir='ltr'>ruam</span> <span class='ocrx_word' id='word_1_366' title='bbox 724 4094 751 4135; x_wconf 83' lang='lat' dir='ltr'>et</span> <span class='ocrx_word' id='word_1_367' title='bbox 779 4088 931 4159; x_wconf 82' lang='lat' dir='ltr'>religionem</span> <span class='ocrx_word' id='word_1_368' title='bbox 957 4089 1108 4158; x_wconf 82' lang='lat' dir='ltr'>pecunia</span> <span class='ocrx_word' id='word_1_369' title='bbox 1135 4083 1384 4136; x_wconf 81' lang='lat' dir='ltr'>commutarit.“</span> <span class='ocrx_word' id='word_1_370' title='bbox 1409 4108 1412 4115; x_wconf 89' lang='grc'>·</span> 
     </span>
     <span class='ocr_line' id='line_1_40' title="bbox 337 4163 1383 4244; baseline 0.006 -28"><span class='ocrx_word' id='word_1_371' title='bbox 337 4163 462 4219; x_wconf 85' lang='lat' dir='ltr'>Gernb.</span> <span class='ocrx_word' id='word_1_372' title='bbox 499 4167 572 4221; x_wconf 90' lang='lat' dir='ltr'>ldem</span> <span class='ocrx_word' id='word_1_373' title='bbox 590 4169 618 4222; x_wconf 90' lang='lat' dir='ltr'>in</span> <span class='ocrx_word' id='word_1_374' title='bbox 638 4171 774 4227; x_wconf 75' lang='lat' dir='ltr'>Addendis</span> <span class='ocrx_word' id='word_1_375' title='bbox 792 4175 871 4231; x_wconf 79' lang='lat' dir='ltr'>haec:</span> <span class='ocrx_word' id='word_1_376' title='bbox 889 4177 970 4244; x_wconf 90' lang='lat' dir='ltr'>„Nou</span> <span class='ocrx_word' id='word_1_377' title='bbox 987 4176 1056 4230; x_wconf 87' lang='lat' dir='ltr'>male</span> <span class='ocrx_word' id='word_1_378' title='bbox 1069 4174 1120 4227; x_wconf 87' lang='lat' dir='ltr'>Tb.</span> <span class='ocrx_word' id='word_1_379' title='bbox 1133 4172 1271 4226; x_wconf 80' lang='lat' dir='ltr'>Bentleiue</span> <span class='ocrx_word' id='word_1_380' title='bbox 1286 4183 1383 4225; x_wconf 83' lang='lat' dir='ltr'>utram·</span> 
     </span>
     <span class='ocr_line' id='line_1_41' title="bbox 337 4254 1384 4330; baseline 0.002 -26"><span class='ocrx_word' id='word_1_381' title='bbox 337 4271 389 4323; x_wconf 83' lang='lat' dir='ltr'>que</span> <span class='ocrx_word' id='word_1_382' title='bbox 408 4272 499 4308; x_wconf 85' lang='lat' dir='ltr'>vocem</span> <span class='ocrx_word' id='word_1_383' title='bbox 515 4258 646 4325; x_wconf 81' lang='lat' dir='ltr'>pecuniae</span> <span class='ocrx_word' id='word_1_384' title='bbox 661 4261 775 4314; x_wconf 83' lang='lat' dir='ltr'>membro</span> <span class='ocrx_word' id='word_1_385' title='bbox 793 4264 871 4330; x_wconf 87' lang='lat' dir='ltr'>delet,</span> <span class='ocrx_word' id='word_1_386' title='bbox 891 4277 917 4319; x_wconf 89' lang='lat' dir='ltr'>et</span> <span class='ocrx_word' id='word_1_387' title='bbox 935 4268 1001 4317; x_wconf 81' lang='lat' dir='ltr'>baec</span> <span class='ocrx_word' id='word_1_388' title='bbox 1016 4264 1148 4317; x_wconf 80' lang='lat' dir='ltr'>imbeoe&#39;llc</span> <span class='ocrx_word' id='word_1_389' title='bbox 1165 4271 1193 4312; x_wconf 82' lang='lat' dir='ltr'>et</span> <span class='ocrx_word' id='word_1_390' title='bbox 1212 4254 1384 4312; x_wconf 75' lang='lat' dir='ltr'>commutabi·</span> 
     </span>
     <span class='ocr_line' id='line_1_42' title="bbox 337 4341 1386 4426; baseline 0.006 -33"><span class='ocrx_word' id='word_1_391' title='bbox 337 4341 375 4391; x_wconf 88' lang='lat' dir='ltr'>lia</span> <span class='ocrx_word' id='word_1_392' title='bbox 393 4355 532 4414; x_wconf 79' lang='lat' dir='ltr'>comparat</span> <span class='ocrx_word' id='word_1_393' title='bbox 549 4363 612 4398; x_wconf 88' lang='lat' dir='ltr'>cum</span> <span class='ocrx_word' id='word_1_394' title='bbox 628 4347 724 4404; x_wconf 79' lang='lat' dir='ltr'>Parad.</span> <span class='ocrx_word' id='word_1_395' title='bbox 741 4351 762 4416; x_wconf 87' lang='lat' dir='ltr'>l,</span> <span class='ocrx_word' id='word_1_396' title='bbox 781 4356 807 4418; x_wconf 78' lang='lat'>3,</span> <span class='ocrx_word' id='word_1_397' title='bbox 827 4357 877 4406; x_wconf 77' lang='lat' dir='ltr'>tt:</span> <span class='ocrx_word' id='word_1_398' title='bbox 901 4355 967 4406; x_wconf 82' lang='lat' dir='ltr'>boec</span> <span class='ocrx_word' id='word_1_399' title='bbox 985 4385 1027 4415; x_wconf 88' lang='lat'>-,</span> <span class='ocrx_word' id='word_1_400' title='bbox 1046 4370 1116 4426; x_wconf 82' lang='lat' dir='ltr'>quoe</span> <span class='ocrx_word' id='word_1_401' title='bbox 1134 4350 1210 4402; x_wconf 88' lang='lat' dir='ltr'>modo</span> <span class='ocrx_word' id='word_1_402' title='bbox 1227 4350 1296 4413; x_wconf 83' lang='lat' dir='ltr'>huc,</span> <span class='ocrx_word' id='word_1_403' title='bbox 1314 4344 1386 4398; x_wconf 78' lang='lat' dir='ltr'>raodv</span> 
     </span>
    </p>
   </div>
   <div class='ocr_carea' id='block_1_3' title="bbox 336 4427 1385 4511">
    <p class='ocr_par' dir='ltr' id='par_1_4' title="bbox 336 4427 1385 4511">
     <span class='ocr_line' id='line_1_43' title="bbox 336 4427 1385 4511; baseline 0.011 -34"><span class='ocrx_word' id='word_1_404' title='bbox 336 4427 402 4479; x_wconf 84' lang='lat' dir='ltr'>illuc</span> <span class='ocrx_word' id='word_1_405' title='bbox 420 4431 655 4502; x_wconf 76' lang='lat' dir='ltr'>transferuntur.⁴⁴</span> <span class='ocrx_word' id='word_1_406' title='bbox 666 4465 701 4475; x_wconf 94' lang='lat'><em>-</em></span> <span class='ocrx_word' id='word_1_407' title='bbox 721 4437 796 4503; x_wconf 78' lang='lat' dir='ltr'>„Nor</span> <span class='ocrx_word' id='word_1_408' title='bbox 812 4439 948 4511; x_wconf 74' lang='lat' dir='ltr'>vulgatum</span> <span class='ocrx_word' id='word_1_409' title='bbox 966 4453 1082 4496; x_wconf 87' lang='lat' dir='ltr'>tuemur.</span> <span class='ocrx_word' id='word_1_410' title='bbox 1120 4438 1243 4493; x_wconf 84' lang='lat' dir='ltr'>Membra</span> <span class='ocrx_word' id='word_1_411' title='bbox 1259 4446 1325 4492; x_wconf 76' lang='lat' dir='ltr'>sunt</span> <span class='ocrx_word' id='word_1_412' title='bbox 1335 4435 1360 4489; x_wconf 88' lang='lat' dir='ltr'>h.</span> <span class='ocrx_word' id='word_1_413' title='bbox 1370 4429 1385 4482; x_wconf 84' lang='lat' dir='ltr'>l·</span> 
     </span>
    </p>
   </div>
   <div class='ocr_carea' id='block_1_4' title="bbox 0 0 1730 5342">
    <p class='ocr_par' dir='ltr' id='par_1_5' title="bbox 0 0 1730 5342">
     <span class='ocr_line' id='line_1_44' title="bbox 0 0 1730 5342; baseline 0 0"><span class='ocrx_word' id='word_1_414' title='bbox 0 0 1730 5342; x_wconf 95' lang='lat' dir='ltr'> </span> 
     </span>
    </p>
   </div>
  </div>
 </body>
</html>
