3450 5342
340 667 412 741 120
650 691 827 738 rrnrnoxr
856 691 1051 739 srorconnn.

451 830 552 902 Exitus
571 861 637 901 acta
657 850 771 920 probet:
790 860 884 902 careat
903 847 1067 902 successibus
1086 859 1165 918 opto,·

501 937 631 1008 Quisquis
650 936 685 987 ob
703 948 799 989 eventu
815 937 899 1007 sacto
915 935 1056 1007 probando
1072 940 1181 1005 ΜΝ
1195 934 1304 1005 Wytt.

411 1028 445 1076 In
465 1044 516 1097 quo
532 1025 673 1095 peccetur]
710 1025 775 1077 Post
800 1024 933 1075 noetiendo
949 1035 1014 1076 eunt
1033 1035 1150 1094 pergunt
1167 1021 1234 1075 On.
1255 1020 1288 1073 Ε.
1308 1021 1387 1081 1.ψ.ι

337 1117 412 1166 Non
437 1113 601 1185 quomodo
619 1113 741 1184 fiant,
769 1112 831 1162 red
852 1110 888 1161 in
914 1110 1040 1182 quibus
1066 1122 1101 1161 et
1125 1111 1225 1182 inquo
1253 1117 1386 1177 peccator.

336 1202 420 1255 Habet
438 1202 508 1254 idem
528 1198 586 1253 Cn.
607 1203 631 1252 1.
650 1199 695 1252 sed
715 1198 812 1251 omisso
832 1208 875 1257 et‚·
895 1196 974 1252 Dred.
996 1201 1028 1250 4:
1046 1216 1111 1249 non
1130 1196 1316 1268 quosiont
1333 1193 1387 1245 red

338 1308 354 1339 a
374 1289 502 1361 quibus
521 1289 548 1338 in
567 1306 672 1358 qno—.
691 1285 770 1340 Drsd.
790 1289 820 1339 5:
849 1304 1000 1358 necque
1026 1286 1103 1356 fiet
1121 1285 1181 1336 sed
1207 1280 1385 1353 inquibus

333 1377 494 1446 personis
513 1376 541 1426 in
560 1394 612 1444 quo
628 1385 795 1444 peccatum.
837 1374 893 1425 Pro
909 1382 1039 1443 peccatur
1067 1383 1105 1427 eet
1121 1381 1248 1441 peccetur
1274 1370 1302 1422 in
1327 1366 1384 1421 On.

335 1462 366 1515 E.
387 1463 405 1514 Ι.
443 1463 535 1533 Pergit
552 1460 611 1514 Cre.
628 1466 654 1514 2.
675 1461 800 1513 idaliae
827 1462 882 1513 atio
908 1461 996 1515 maius
1024 1471 1075 1511 aut
1100 1459 1187 1511 minue
1210 1475 1270 1510 esee
1292 1465 1385 1526 potest.

336 1549 415 1605 Drsd.
438 1554 462 1601 2.
480 1552 505 1604 3.
524 1553 550 1602 4.
568 1550 599 1599 id
613 1559 703 1617 potest
722 1567 794 1613 esee,
813 1567 875 1600 curn
895 1546 953 1603 Cre
972 1550 998 1600 1.
1035 1548 1090 1601 Pro
1116 1545 1196 1599 atiud
1213 1545 1272 1597 olio
1288 1573 1323 1583 —
1341 1543 1384 1594 nri·

336 1655 387 1687 nus
414 1634 485 1689 Gud.
506 1637 538 1688 Α.
565 1635 643 1690 habet
667 1655 723 1688 esee
748 1637 836 1688 moine
864 1636 907 1688 vel
930 1636 1037 1696 nn'nne,¹
1069 1652 1161 1689 vocem
1189 1632 1272 1685 atiud
1295 1629 1385 1685 omittit

335 1723 406 1776 Gud.
425 1723 471 1788 B.;
490 1721 557 1777 cot.
577 1722 680 1778 Suerin.
701 1723 803 1777 exhibet
822 1743 893 1776 esre
912 1725 1026 1775 moine
1044 1733 1094 1774 ont
1114 1722 1211 1777 minue.
1249 1718 1318 1774 cod.
1333 1717 1385 1771 Bas.

336 1811 432 1863 omittit
451 1822 500 1860 aot
521 1811 617 1864 minuo.
654 1810 714 1862 Mr.

406 1903 499 1968 Ipsum
517 1899 621 1969 quidem
642 1898 713 1948 illud
736 1915 845 1964 peecare
864 1926 898 1936 —
918 1917 1000 1949 unum
1018 1898 1080 1965 een]
1130 1898 1180 1961 „ln
1205 1894 1257 1948 hac
1285 1893 1384 1947 Stoico·

335 2004 395 2037 runr
423 1985 525 2037 ratione
551 2004 607 2037 non
631 1984 777 2037 attenditur
807 1985 840 2037 ad
866 2005 957 2038 rerum
984 1984 1179 2038 differentiam:
1213 2001 1308 2035 onmes
1343 1999 1384 2032 ou-

336 2082 389 2124 tem
415 2091 456 2123 res
486 2071 614 2124 disserunt
639 2090 695 2124 non
726 2082 827 2125 tanturn
856 2091 954 2143 genere
978 2074 1022 2126 sed
1051 2074 1129 2126 etiam
1154 2071 1270 2142 gradu-‘⁶
1287 2071 1384 2141 Wytt.

337 2160 418 2212 Abest
435 2161 537 2211 illudo
558 2159 624 2212 cod.
644 2159 715 2211 Gud.
734 2159 766 2212 A.
803 2159 868 2212 Eius
888 2159 948 2213 loco
967 2160 1074 2214 Suerin.
1099 2160 1179 2213 babet
1196 2159 1242 2221 ἰὼ·
1268 2157 1348 2211 1)an
1363 2162 1385 2211 4.

335 2247 422 2313 iprum
447 2265 530 2298 vero
554 2265 671 2314 peccare.
705 2244 763 2298 Crz.
783 2249 808 2299 1.
832 2247 904 2297 illud
928 2248 961 2300 ab
992 2248 1073 2301 altera
1105 2258 1209 2301 tanturn
1236 2265 1318 2299 manu
1342 2245 1386 2298 ad·

337 2331 420 2385 ditum
456 2333 550 2398 haben
590 2333 669 2386 Drsd.
694 2337 718 2388 1.
751 2337 775 2387 3.
805 2333 928 2387 exhibent
955 2335 1042 2405 iprum
1075 2337 1180 2408 quidem
1210 2345 1385 2405 peceatum

337 2439 397 2473 cum
427 2423 484 2473 Crz.
505 2426 536 2485 ²÷
568 2420 640 2474 Gud.
661 2419 691 2473 B.
727 2421 815 2490 iprum
849 2424 955 2494 quidem
987 2424 1059 2475 illud
1092 2432 1286 2492 peceatum.
1335 2421 1385 2473 Pro

338 2528 436 2560 utrum
467 2519 507 2560 ert
536 2508 617 2562 Drsd.
637 2512 663 2562 5.
688 2508 768 2562 habet
794 2509 924 2581 glossam,
956 2530 1024 2583 quae
1056 2530 1144 2563 veram
1173 2510 1317 2564 lectionem
1345 2527 1384 2561 ex·

337 2597 427 2662 trusit,
459 2598 581 2648 vitium
607 2607 666 2657 est5
697 2598 818 2651 similiter
850 2599 945 2652 Duish.
981 2598 1104 2654 exhibens
1134 2599 1221 2648 idern
1251 2608 1302 2654 eet.
1346 2592 1384 2647 M

336 2685 493 2738 sententiam
528 2684 634 2738 confert
662 2684 742 2755 Borg.
770 2684 826 2739 Cic.
858 2687 891 2738 de
916 2687 995 2740 Finn.
1013 2687 1059 2753 Ν,
1077 2689 1120 2739 24.
1149 2685 1266 2738 addense
1294 2687 1384 2739 cavea-

337 2792 395 2825 mus
420 2793 452 2826 ne
485 2773 537 2826 hoc
561 2773 667 2825 demus:
708 2772 760 2826 boc
787 2775 857 2826 enim
886 2795 1011 2829 concesso
1037 2774 1139 2844 reliqua
1171 2773 1304 2827 constabit
1330 2791 1385 2825 ore·

337 2861 387 2915 tiot
407 2862 467 2915 coll.
488 2863 564 2913 Verr.
581 2861 641 2913 Aet.
661 2857 694 2925 ll,
714 2861 743 2911 L.
762 2858 807 2925 ΙΙΙ,
829 2865 872 2928 92,
892 2866 960 2916 214:
993 2865 1034 2916 At
1062 2864 1130 2913 idem
1147 2863 1221 2934 fecit
1246 2863 1384 2917 sacerdon·

338 2949 476 2999 Hominem
496 2949 659 2998 innocentem
678 2956 705 2996 et
724 2965 828 2996 summa
843 2951 990 3016 prudentio
1005 2951 1162 3019 praeditum
1181 2953 1319 3006 nominas:
1343 2953 1384 3004 sed

336 3045 395 3085 tum
414 3034 499 3084 idern
514 3032 654 3102 secisse
671 3034 723 3084 erit
741 3036 954 3102 existimandus,
972 3039 997 3089 ei
1014 3039 1128 3090 eodem
1147 3041 1298 3092 coneilio
1314 3041 1384 3111 sere-

337 3122 382 3174 rit.
431 3120 473 3172 Ad
500 3119 664 3173 locutionem
693 3121 787 3174 confer
817 3121 873 3176 Cic.
902 3124 933 3176 ad
966 3126 1019 3180 An.
1040 3128 1114 3193 xm,
1134 3130 1183 3181 292
1220 3148 1281 3179 cunr
1305 3130 1383 3182 vivere

337 3208 426 3274 ipsum
444 3217 524 3276 turpe
542 3207 579 3258 rit
598 3206 689 3268 nobie,·
710 3207 742 3260 de
762 3206 811 3260 Or.
823 3209 855 3277 ΙΙ,
876 3215 907 3265 6:
928 3233 966 3264 me
985 3215 1034 3267 lror
1053 3215 1140 3284 ipsum
1160 3217 1230 3268 nilril
1249 3237 1327 3289 ogere
1345 3219 1384 3268 de-

339 3294 433 3349 lectet.
471 3297 529 3348 ΜΓ.

409 3402 514 3454 quoquo
534 3386 654 3452 verteris]
693 3385 759 3451 „sic
786 3407 880 3442 omnes
899 3391 960 3442 mei.
1006 3389 1134 3444 Absolute
1163 3391 1293 3447 dietum.“
1318 3392 1381 3446 Atd.

336 3470 422 3524 Man.
460 3470 545 3525 Codd.
565 3471 629 3528 On.
649 3473 680 3527 E.
699 3475 718 3527 1.
738 3473 796 3529 Cre.
817 3482 841 3532 3.
888 3479 956 3532 Edd.
984 3481 1055 3531 Crat.
1074 3479 1169 3551 Magn.
1198 3480 1274 3534 Man.
1299 3481 1380 3533 Lanrb.

337 3560 432 3614 Coton.
451 3572 477 3615 et
495 3580 588 3614 omnes
606 3575 712 3616 nostrae
727 3564 795 3618 Edd.
813 3566 942 3637 (exeeptis
954 3568 1014 3620 Asc.
1026 3570 1105 3630 1511.
1120 3568 1189 3622 Vict.
1205 3569 1276 3622 nob.
1288 3566 1381 3639 steph.)

294 3692 298 3698 .
337 3659 398 3701 ante
427 3647 506 3700 Grut.
537 3647 635 3702 habent
664 3670 770 3721 quoquo
805 3664 840 3704 te
864 3656 989 3719 verteris,
1021 3675 1101 3726 quarn
1130 3655 1275 3711 lectionem
1305 3667 1380 3710 ortem

337 3752 391 3785 esee
410 3734 559 3804 suspicatur
577 3734 659 3807 Borg.
679 3757 708 3789 ex
728 3737 793 3791 loeis
811 3741 903 3811 quales
921 3755 983 3796 sunt
1005 3743 1075 3796 Lael.
1089 3747 1120 3797 6:
1151 3765 1258 3816 quoquo
1277 3758 1309 3798 te
1331 3762 1380 3796 ver-

337 3821 418 3876 reris,
432 3831 542 3888 praesto
560 3831 618 3881 ests
639 3824 672 3876 de
691 3819 770 3878 Finn.
787 3826 819 3894 11,
835 3832 886 3882 31:
914 3834 978 3882 Huc
996 3841 1023 3881 et
1041 3830 1121 3886 illue,
1157 3837 1308 3904 Torquate,
1331 3846 1379 3883 voe

336 3908 488 3959 versetis
506 3908 576 3964 licet.
628 3911 657 3963 ln
677 3911 772 3967 Dresd.
791 3919 816 3969 1.
837 3921 861 3972 3.
888 3930 926 3972 est
957 3939 1063 3991 quoquo
1089 3921 1181 3972 modo
1207 3921 1331 3982 veneris,
1356 3934 1378 3966 et

336 3990 400 4049 solea
420 3997 639 4066 interpretatione
657 4001 782 4057 adverbii.
819 4005 895 4060 Fatsa
915 4009 979 4060 item
998 4020 1036 4060 est
1054 4007 1240 4078 interpretatio
1256 4008 1314 4062 Fre.
1326 4002 1378 4075 Syt-

337 4083 381 4137 vii:
408 4083 590 4156 quodcunque
610 4101 749 4158 peccatum
769 4095 951 4158 cornmiseris3
970 4105 1052 4161 recta,
1069 4114 1138 4166 quae
1158 4097 1241 4148 estin
1262 4101 1376 4148 annotatt.

336 4171 397 4224 Aldi
416 4172 506 4227 Mane
525 4188 672 4246 „peccatur
690 4180 762 4233 enim
782 4202 889 4254 semper
908 4184 946 4237 vet
966 4203 995 4236 ex
1014 4185 1166 4256 ignorantia
1186 4185 1225 4238 vel
1245 4204 1274 4237 ex
1292 4183 1376 4236 incon·

337 4261 488 4316 tinentia‘⁴=
506 4282 586 4335 quam
605 4265 739 4338 adoptavit
757 4268 859 4324 Gernh.
906 4272 986 4325 Solus
1011 4272 1080 4326 cod.
1100 4274 1207 4327 Suerin.
1237 4272 1376 4340 habetque

339 4351 442 4400 veteris.
480 4351 557 4405 Adde
573 4353 667 4407 tocisa
689 4356 771 4428 Borg.
791 4359 903 4414 laudans
921 4360 978 4414 Cic.
1000 4361 1032 4414 de
1053 4362 1199 4428 Div.1t,9,
1221 4365 1267 4414 24:
1286 4370 1376 4429 quoq&

338 4439 565 4489 reverterim
584 4442 677 4494 Stoici.
713 4443 772 4497 Mr.
