3450 5342
598 687 795 737 maaooxoa
815 688 838 735 ι.
879 687 949 736 aaa.
968 687 1004 735 u.
1281 663 1331 740 63

280 849 338 905 cic.
356 849 390 903 ad
410 848 465 903 Αιι.
481 848 528 916 Vl,
546 851 573 902 1.
614 850 738 904 Fortasse
755 850 845 903 verior
861 847 895 902 sii
914 843 1093 919 elymologiu,
1122 865 1175 919 qua
1193 847 1331 905 ducitura

280 938 346 1004 silo,
372 947 401 990 ιιι
419 956 488 1008 opua
505 935 551 989 silo
569 948 698 1008 argeulco
716 937 792 1009 quasi
813 946 914 989 texlum
938 934 1034 989 suerii:
1062 934 1149 1006 qualis
1166 935 1217 989 suit
1234 938 1333 993 fabrica

281 1025 310 1077 in
328 1024 395 1078 urbe
413 1022 525 1097 Carysto
543 1024 668 1079 Euboeae
686 1024 796 1079 insulae.
840 1023 903 1091 Qua
921 1023 955 1076 de
973 1040 1004 1076 re
1024 1023 1076 1076 dixi
1094 1023 1129 1077 ad
1147 1022 1283 1080 Piularch.
1302 1027 1335 1084 de

281 1112 397 1167 Defeciu
416 1112 526 1166 Oracul.
546 1133 572 1184 p.
585 1115 668 1166 410.“
692 1109 876 1183 Wyuenb.
911 1110 981 1164 Dedi
999 1109 1070 1166 bauo
1089 1111 1233 1165 lectionem
1253 1113 1336 1184 Wyt·

282 1199 423 1255 tenbachio
449 1201 528 1254 eiiam
557 1201 699 1272 probatam
721 1219 783 1254 cum
810 1199 914 1252 Victor.
940 1198 1025 1253 Sulfr.
1050 1199 1123 1252 Peli.
1147 1198 1217 1252 Boi).
1243 1197 1336 1271 Siepb.

282 1289 379 1343 Graev.
397 1289 475 1342 Gaul.
493 1288 579 1343 Gron.
597 1289 680 1342 Verb.
697 1290 876 1360 (quamquam
895 1286 923 1338 bi
942 1298 1067 1358 quatuor,
1086 1306 1138 1359 pro
1153 1287 1239 1341 aliero
1253 1289 1338 1343 inler-

281 1376 396 1447 rogandi
420 1377 513 1447 signo,
543 1387 691 1448 posuerunt
716 1375 915 1429 dieliucliouem
939 1375 1089 1428 minorem:
1123 1358 1213 1435 miuus
1240 1377 1338 1448 baum)

282 1464 347 1516 Em.
366 1465 453 1518 Weia.
472 1463 577 1518 Scbiiu.
595 1463 682 1519 Orell.
717 1463 752 1516 Ei
766 1462 813 1529 aia,
830 1470 939 1533 praeter
956 1460 1025 1514 duos
1042 1459 1128 1517 Codd.
1147 1461 1233 1518 Polai.
1251 1466 1337 1519 noslri

281 1553 360 1607 Drsd.
378 1558 404 1608 1.
426 1554 521 1607 Duisb.
547 1552 655 1606 Sucriu.
690 1551 798 1624 Reliqui
817 1549 904 1604 codd.
928 1550 1001 1619 Quid
1025 1553 1117 1602 Numa
1134 1552 1283 1624 Pompilius
1307 1565 1338 1608 ιιι

280 1640 349 1694 Eud.
367 1642 429 1696 Aac.
447 1661 471 1696 a.
490 1645 571 1696 1511.
590 1641 675 1694 Paria.
692 1661 713 1694 s.
732 1660 756 1694 a.
773 1640 893 1710 itemque
917 1635 1014 1692 Orellii
1039 1637 1106 1692 Cod.
1124 1638 1184 1694 Bas.
1218 1641 1249 1694 lu
1269 1641 1335 1696 Oxx.

280 1728 313 1782 N.
331 1747 356 1780 u.
374 1747 404 1791 ψ.
432 1728 500 1781 Edd.
517 1728 611 1781 Lamb.
627 1726 691 1780 Col.
709 1726 789 1782 1576.
808 1727 842 1808 H!
859 1725 948 1778 Wolf.
967 1725 989 1777 F
991 1725 1085 1780 acciol.
1103 1725 1173 1779 Oliv.
1189 1738 1228 1781 esi
1242 1729 1337 1798 Quid?

281 1818 389 1868 Numae
407 1815 533 1884 Pompilii
552 1816 671 1866 minusue
689 1842 740 1877 -·‚
764 1825 801 1868 ul·
817 1814 979 1886 respondeat
1004 1814 1062 1868 voni
1087 1815 1218 1871 aliorum·
1257 1814 1337 1870 Solus

280 1901 351 1956 Cod.
371 1900 430 1956 Cra.
451 1909 476 1956 2.
494 1901 593 1957 οιιιίιιίι
611 1903 689 1957 verba
709 1901 803 1972 Quid?
829 1920 847 1955 a
867 1903 959 1953 Numa
976 1884 1129 1972 Pompilio?
1165 1903 1196 1956 ln
1216 1901 1287 1957 Gud.
1304 1904 1338 1959 Α.

281 1992 316 2049 Β.
333 1991 513 2060 verbiaQuid
531 1992 621 2043 Numa
639 1990 789 2061 Pompiliua
806 1989 1018 2062 superscriptam
1035 1999 1073 2043 esi
1085 1989 1168 2061 fecit.
1207 1991 1337 2064 Reliquae

282 2078 352 2133 Eud.
370 2090 471 2132 velares
487 2097 583 2131 omues
601 2079 675 2148 Quid
691 2088 783 2129 autem
802 2081 894 2130 Numa
912 2077 1070 2147 Pompilius,
1089 2093 1171 2149 quam
1191 2078 1335 2133 lectionem

282 2164 373 2220 uullus
394 2166 472 2220 habel
491 2164 559 2220 Cod.
578 2165 637 2219 MS.
674 2165 743 2219 Oria
761 2174 850 2218 aulem
870 2164 972 2218 videtur
989 2164 1066 2230 inde,
1086 2166 1159 2238 quod
1179 2167 1301 2221 voculam
1319 2189 1337 2222 a

282 2254 364 2326 primi
382 2255 498 2308 editores
515 2253 698 2309 existimabant
713 2274 771 2309 ease
789 2252 982 2325 compendium
998 2252 1070 2307 vocis
1087 2264 1193 2320 autem,
1212 2267 1238 2309 ei
1255 2261 1338 2309 Pom—

278 2345 343 2412 pilii
358 2343 519 2415 compendio
533 2344 700 2398 aciibebalur
711 2343 797 2413 Papi„
813 2352 843 2395 ιιι
857 2352 896 2394 cat
909 2341 938 2393 ia
953 2340 1049 2394 nautis
1061 2341 1261 2413 antiquissimis.
1278 2343 1337 2397 Mi.

356 2433 483 2483 Minoaue
498 2442 598 2503 gratae
617 2434 668 2484 diis
687 2432 735 2499 -]
768 2431 810 2484 Dc
828 2430 911 2484 sacris
928 2448 943 2482 a
961 2428 1048 2482 Numa
1071 2427 1207 2502 Pompilio
1232 2430 1338 2487 inolitu-

282 2517 316 2571 iia
334 2517 456 2572 referunt
473 2519 609 2574 Plutarch.
625 2520 655 2573 iu
671 2521 769 2573 Numa.
788 2523 814 2573 8.
832 2521 857 2573 9.
875 2516 1109 2588 Liv.1.19.ibiq.
1127 2517 1254 2589 interprr.
1291 2517 1337 2572 Ειι

282 2615 373 2658 aulem
392 2604 421 2657 in
438 2606 471 2657 iia
488 2607 735 2678 quoquc-legibus,
761 2620 828 2678 quas
846 2604 944 2659 Cicero
969 2603 998 2656 in
1022 2602 1092 2656 libro
1111 2603 1146 2657 de
1162 2604 1278 2676 Legibus
1296 2624 1338 2657 se·

282 2691 376 2745 cundo
393 2704 497 2746 sancus
513 2712 569 2746 esce
587 2694 651 2761 vuli,
677 2715 741 2760 uua,
768 2713 837 2766 quae
856 2712 918 2760 opes
936 2712 952 2745 a
970 2690 1051 2744 sacris
1069 2693 1186 2743 amoveri
1203 2692 1338 2758 iubecu,

281 2782 373 2846 8,1⁹.
397 2799 425 2851 p.
444 2785 505 2834 202.
525 2781 567 2835 ed.
585 2793 668 2836 nour.
703 2783 763 2836 Hoc
789 2781 850 2836 loco
874 2779 991 2850 scriptor
1014 2781 1114 2835 codicis
1133 2781 1216 2835 nostri
1235 2778 1294 2834 Cra.
1313 2784 1338 2835 1.

282 2868 325 2922 bis
342 2867 433 2935 haesit,
451 2888 514 2922 cum
527 2889 620 2924 vocem
634 2881 733 2941 gratae
746 2870 875 2925 scriberet
891 2877 929 2946 ζα
946 2874 1002 2944 g'la
1017 2878 1091 2950 glos,
1110 2870 1197 2925 deleto
1211 2872 1301 2942 primo
1313 2879 1340 2922 et

283 2953 369 3009 aliero
387 2957 557 3028 compendio.
593 2960 681 3012 Voces
699 2959 751 3011 diis
767 2960 966 3013 immortalibus
984 2961 1080 3014 deauul
1095 2959 1123 3012 in
1139 2957 1211 3012 Gud.
1221 2958 1254 3011 A.
1278 2957 1340 3013 Mr.

358 3045 471 3113 Capideo
494 3065 528 3097 ac
545 3046 651 3115 fictiles
669 3046 796 3115 umulaa]
817 3049 997 3118 „Cupedines,
1024 3066 1119 3101 omues
1137 3047 1198 3100 mei.
1235 3049 1341 3118 Atque,

283 3131 349 3185 duo.
386 3134 601 3206 Cupidinesque
612 3134 717 3202 fictiles
735 3135 866 3200 urnulas,
889 3155 968 3189 uuus.
1003 3135 1081 3190 Vasio
1097 3153 1198 3206 genus,
1213 3153 1232 3207 a
1250 3135 1337 3186 Numa

282 3220 367 3274 sacris
385 3221 549 3275 adhibitum:
572 3221 617 3275 111.
637 3221 670 3275 da
687 3221 746 3275 Nat.
764 3220 848 3276 Deor.
869 3225 951 3291 [ll.]:
976 3223 1082 3276 Docebo
1106 3223 1215 3274 meliora
1239 3241 1278 3273 me
1297 3222 1338 3273 di-

283 3308 381 3361 ‹liciau
400 3309 431 3359 de
454 3309 570 3361 colendis
589 3309 641 3361 diia
658 3310 869 3368 immortalibus,
886 3311 946 3363 iure
961 3311 1103 3379 pontificio
1114 3321 1147 3362 et
1166 3328 1236 3362 more
1253 3312 1339 3362 maio-

281 3415 353 3460 rum,
372 3394 571 3464 capeduuculia,
589 3413 659 3465 quaa
675 3398 767 3448 Numa
784 3398 861 3449 uobis
880 3397 999 3467 reliquit,
1014 3408 1065 3450 etc.
1098 3397 1170 3449 Vide
1187 3398 1338 3453 Varronem

281 3487 331 3539 lib.
352 3483 401 3535 lv.
419 3493 446 3534 et
464 3482 537 3534 Vlll.
555 3481 589 3534 dc
607 3481 691 3552 ling(
703 3482 760 3536 Lai.
777 3484 837 3550 [1v,
857 3486 906 3536 26:
929 3500 999 3535 uaaa
1010 3482 1191 3550 ficlilia,*vel
1206 3484 1236 3534 in
1252 3485 1338 3534 sacri-

275 3571 357 3643 ficiis
377 3577 529 3637 usurpata:
552 3577 581 3618 ei
599 3567 675 3619 dicta
692 3569 765 3639 quod
781 3578 884 3621 anaalo
901 3578 1004 3626 uocaui,
1028 3577 1061 3619 ut
1079 3567 1206 3637 prehendi
1221 3576 1339 3637 posuerit,

283 3661 374 3712 idest
393 3657 474 3725 capi]
512 3655 606 3709 Feslus
630 3665 734 3708 aulem:
764 3656 859 3724 Copia,
880 3655 973 3725 poculi
993 3673 1092 3726 genus,
1116 3674 1135 3706 α
1153 3656 1281 3725 capiendo
1299 3657 1340 3706 di-

284 3757 367 3798 ctum.
386 3773 421 3785 -
466 3747 571 3808 umas,
600 3754 711 3815 sepiem.
756 3744 904 3798 Lambinus
931 3744 1082 3800 bimuloa.“
1108 3744 1185 3798 ΑΗ.
1211 3745 1341 3800 Manui.

283 3835 369 3904 „Duo
388 3831 489 3903 alioqui
505 3832 600 3903 oplimi
617 3832 677 3885 libri
696 3834 851 3903 capudines.
887 3832 994 3886 Marsua
1011 3833 1126 3902 capides.
1165 3835 1340 3904 capeduncu-

284 3921 329 3972 lae
356 3922 461 3970 Numae
485 3919 531 3973 lib.
550 3920 595 3972 ill.
619 3919 652 3974 de
676 3920 709 3975 N.
735 3921 770 3975 D.
808 3920 839 3976 C.
866 3923 1031 3992 bangius.
1075 3921 1208 3989 „Urnulis
1231 3941 1339 3994 quoque

284 4006 411 4062 ficlilibus
433 4007 462 4059 in
485 4006 620 4061 sacrificiis
642 4028 672 4060 ei
690 4009 794 4064 Numae
819 4011 939 4063 instituio
960 3994 1111 4063 utebaniui.
1148 4008 1265 4064 Auciore
1284 4008 1341 4061 1)Ιί-

285 4094 332 4147 nio
351 4112 411 4164 cap.
431 4096 474 4148 12.
491 4093 553 4147 libri
574 4095 673 4147 XXXV
691 4096 779 4150 Numa
798 4118 843 4150 rex
867 4098 1010 4168 aeplimum
1031 4097 1174 4168 collegium
1192 4094 1338 4166 figulorum

283 4181 408 4246 iaaliluii,
428 4201 482 4252 quo
504 4181 531 4234 iu
550 4182 611 4236 laco
629 4183 766 4253 plasticen,
791 4187 817 4239 id
838 4198 877 4240 esi
896 4185 1016 4257 figlinam
1036 4197 1128 4248 artem,
1148 4183 1238 4235 laudat
1255 4184 1338 4235 maii-

283 4286 343 4320 me:
361 4287 391 4320 ea
409 4268 481 4320 euim
499 4269 612 4323 deorum
631 4271 782 4340 simulacra,
800 4274 851 4327 alia
870 4293 930 4328 vasa
951 4274 987 4325 ad
1002 4271 1216 4335 sacrificandum,
1236 4269 1285 4322 alia
1305 4270 1338 4323 ad

283 4374 363 4408 usum
379 4354 519 4409 bominum
538 4358 588 4410 alia
606 4359 640 4411 ad
657 4371 827 4416 mortuorum
845 4362 1013 4433 sepulluram
1025 4358 1090 4428 fingi
1103 4356 1247 4410 osteudil.“
1267 4357 1289 4409 F
1295 4376 1338 4412 rc.

284 4441 437 4512 Sylvius.
473 4446 585 4515 ‚‚Capie,
603 4448 717 4517 capedo,
738 4451 854 4520 copulo,
878 4447 1062 4518 capedunculu
1082 4444 1181 4501 dicitur
1198 4465 1241 4500 vac
1260 4465 1339 4502 ausa-
