3450 5342
590 710 787 759 rnnanoxou
810 711 858 757 ιιι.
887 710 956 757 car.
973 711 1007 756 ιι.
1253 692 1335 765 115,

275 883 355 963 quid
367 881 517 947 homines
532 881 712 944 doctissimi
728 879 915 943 senserint?
938 880 1132 961 praesertim
1148 897 1249 958 quum
1263 885 1325 949 hac

275 1016 435 1081 sententia
461 1033 528 1080 non
554 1015 656 1081 modo
683 1016 803 1092 verior,
829 1015 890 1078 sed
915 1033 956 1079 ne
979 1015 1091 1079 utiiior
1114 1014 1247 1094 quidem
1264 1017 1326 1080 ho-

274 1153 402 1218 minum
428 1152 513 1217 vitae
539 1151 678 1233 reperiri
704 1150 772 1213 uita
794 1151 907 1231 possit.
960 1149 1054 1228 Quae
1080 1151 1129 1213 vis
1156 1151 1328 1229 ostentm,

277 1305 364 1369 quae
396 1289 501 1370 magis
542 1291 653 1352 arceat
690 1287 842 1352 homines
886 1287 928 1351 ab
974 1285 1183 1366 improbitate
1226 1287 1328 1362 omni,

277 1439 376 1503 quam
402 1424 431 1488 si
456 1424 635 1502 senserint,
668 1424 795 1487 nulium
827 1425 862 1486 in
889 1422 1014 1486 delictis
1040 1437 1112 1486 esse
1136 1419 1327 1486 discrimen:

277 1576 382 1640 aeque
408 1576 624 1641 peccatone,
649 1559 677 1622 si
702 1560 855 1640 privatis,
878 1575 918 1622 ac
943 1557 970 1621 si
995 1555 1236 1635 magistratibus
1255 1573 1328 1621 ma·

276 1710 339 1756 nus
365 1693 534 1757 adierant:
568 1709 797 1773 quamcunque
838 1693 872 1754 iu
899 1691 1035 1757 domum
1067 1695 1215 1771 stuprum
1240 1693 1328 1757 intu-

276 1827 392 1903 lerint,
416 1825 555 1890 eandem
581 1841 653 1888 esse
679 1825 788 1888 tabem
814 1824 983 1890 lihidinis?
1037 1819 1189 1890 Nihilne
1215 1823 1329 1915 igitur

280 1960 435 2025 interest
460 1955 547 2046 (nam
572 1963 638 2025 hoc
663 1961 749 2024 dicet
770 1958 898 2050 aliquis)
920 1970 1072 2049 patrem
1098 1959 1180 2048 quis
1206 1972 1330 2027 enecet

280 2117 332 2160 an
358 2088 531 2162 servum?
582 2096 677 2162 Nuda
711 2099 774 2162 ista
809 2099 838 2162 si
873 2115 996 2179 ponas,
1029 2092 1184 2176 iudicari,
1220 2099 1330 2178 qualia

280 2232 362 2310 sint,
388 2249 457 2297 non
480 2231 576 2297 facite
601 2237 749 2314 possunt.
808 2234 939 2298 Patrem
966 2234 1031 2298 vita
1057 2234 1187 2314 privare
1221 2234 1250 2297 si
1272 2251 1331 2314 per

281 2386 318 2432 se
351 2369 456 2432 soeius
488 2372 554 2442 est;
590 2366 781 2448 Saguntini,
817 2371 874 2450 qui
909 2374 1060 2452 parentes
1094 2385 1172 2432 suos
1207 2368 1330 2433 liberos

282 2505 405 2581 emori,
428 2521 528 2584 quam
553 2522 666 2570 servos
693 2507 804 2570 vivere
829 2506 1026 2583 maluerunt,
1053 2503 1236 2586 parricidae
1258 2505 1332 2568 iue-

281 2645 367 2703 runt.
426 2639 516 2719 Ergo
543 2644 577 2703 et
607 2641 737 2758 parepti
760 2657 1010 2722 nonnumquam
1037 2640 1137 2703 adimi
1170 2640 1237 2703 vita
1262 2639 1332 2702 sine

280 2775 408 2841 sceiere
430 2777 555 2856 potest:
581 2778 613 2838 et
638 2792 735 2840 servo
755 2792 855 2857 saepe
878 2777 949 2840 sine
975 2776 1096 2839 iniuria
1121 2790 1189 2838 non
1216 2776 1333 2852 potest.
1405 2814 1409 2820 -

284 2908 391 2975 Causa
416 2909 515 2990 igitur
540 2909 639 2988 haec,
675 2927 742 2975 non
776 2914 892 2976 natura
919 2911 1102 2992 distinguit:
1139 2927 1223 2991 quae
1258 2912 1333 2972 utro

285 3045 437 3136 accessit,
473 3044 506 3107 id
545 3045 581 3109 fit
611 3049 825 3128 propensius;
868 3049 895 3111 si
930 3016 1071 3128 utroque
1097 3045 1250 3110 adiuncta
1275 3048 1333 3120 est,

286 3181 379 3259 paria
404 3179 499 3257 fiant,
525 3197 659 3245 necesse
685 3186 742 3246 est.
803 3184 887 3248 liiud
916 3188 1027 3248 tamen
1052 3183 1205 3257 interest,
1244 3180 1334 3261 quod

285 3314 318 3376 in
346 3329 445 3376 servo
471 3315 641 3390 necando,
684 3317 712 3378 si
736 3316 832 3381 idtit
852 3318 991 3392 iniuria,
1031 3317 1133 3377 semel
1160 3319 1334 3394 peccatum

284 3450 318 3512 in
347 3447 450 3529 patris
475 3447 542 3510 vita
567 3443 722 3511 violanda
748 3449 851 3512 multa
877 3451 1063 3529 peccantur.
1122 3443 1271 3508 violatur
1298 3444 1344 3518 is‚.

288 3583 344 3665 qui
371 3579 576 3662 procreavit;
603 3580 647 3659 is,
674 3579 729 3660 qui
757 3579 855 3655 aiuit;
881 3581 927 3658 is,
955 3579 1011 3660 qui
1033 3577 1189 3650 erudivit3
1216 3576 1253 3651 is,
1281 3575 1336 3655 qui

288 3719 322 3781 in
360 3715 439 3779 sede
470 3732 508 3779 ac
548 3715 668 3792 domo,
706 3694 803 3795 atque
841 3715 875 3778 in
911 3731 948 3779 re
983 3713 1115 3794 publica
1153 3711 1336 3776 collocavit.

290 3849 496 3916 Multitudine
518 3854 728 3931 peccatorum
756 3853 919 3932 praestat,
945 3866 1051 3930 eoque
1076 3864 1185 3929 poena
1209 3848 1335 3911 maiore

290 3986 406 4067 dignus
427 3990 485 4049 est.
537 3985 602 4050 Sed
631 4004 692 4051 nos
717 3987 752 4049 in
778 3986 862 4062 vita,
895 4001 964 4048 non
991 4001 1075 4065 quae
1104 3984 1221 4062 cuique
1258 4000 1337 4060 pec-

292 4124 365 4184 cato
392 4137 500 4201 poena
525 4121 581 4199 sit,
614 4122 672 4186 sed
701 4126 859 4203 quantum
891 4120 1008 4200 cuique
1028 4118 1156 4191 iiceat,
1188 4119 1337 4195 spectare

292 4253 466 4317 debemus:
492 4255 647 4335 quicquid
673 4274 741 4320 non
769 4262 916 4338 oportet,
943 4254 1049 4318 scelus
1076 4268 1162 4314 esse:
1184 4246 1337 4328 quicquid
1381 4280 1384 4286 ·

292 4404 358 4450 non
383 4387 475 4465 iicet,
500 4387 592 4452 nefas
618 4394 733 4473 putare
759 4391 927 4457 dehemus.
978 4386 1129 4451 Etiamne
1149 4385 1183 4448 in
1195 4384 1338 4448 minimis

1008 4529 1054 4603 s*
