3450 5342
735 692 931 738 uauauoxou
956 691 990 736 n.
1316 674 1386 749 103

331 858 411 911 Drsd.
423 861 448 910 3.
468 861 493 910 5.
511 851 785 904 elaboraverunt
804 868 894 912 curae,
914 847 984 902 Gud.
998 851 1028 902 B.
1049 852 1212 905 comnibus
1230 855 1291 908 ΑΜ.
1305 859 1386 912 omit·

333 947 362 998 tit
381 956 450 1004 out;
469 943 519 996 Οι.
532 941 562 993 Ε.
588 939 668 992 habet
686 939 860 1008 evigilarunt,
881 939 938 989 Cra.
954 943 978 990 2.
998 939 1191 1009 vigilaverunt.
1229 938 1311 1005 Illud,
1330 947 1386 995 eui·

331 1033 470 1103 gnorunt,
493 1031 590 1109 nabent
614 1028 692 1080 etiam
726 1026 792 1081 Eud.
822 1025 890 1078 Vict.
913 1025 981 1078 Rob.
1001 1025 1093 1098 steph.
1122 1039 1148 1081 et
1168 1028 1234 1081 eod.
1259 1027 1340 1082 Dred.
1360 1037 1385 1084 2.

334 1119 365 1171 1η
383 1120 464 1172 Drsd.
482 1123 512 1172 4:
539 1128 578 1170 est
597 1115 765 1167 violaverunt
784 1113 843 1165 Bae.
863 1124 889 1164 et
908 1115 999 1166 Grai.
1018 1118 1099 1166 'carue
1112 1135 1184 1168 meae
1197 1128 1228 1168 et
1243 1119 1388 1188 cogitatio-

333 1226 389 1260 nee.
425 1203 640 1259 AluManumt
659 1201 713 1255 tal.
732 1201 811 1254 haec:
837 1201 1074 1272 „Evigilaverunt‚
1092 1204 1155 1256 duo.
1202 1205 1387 1276 Evigilarunt‚

334 1307 404 1349 octo.
444 1294 604 1365 Vigilovere‚
621 1310 699 1344 unus.
715 1289 941 1352 Elaboraverunt,
960 1301 1027 1353 ires;
1046 1301 1099 1343 tres
1109 1291 1309 1362 vigilaveram&
1331 1293 1388 1343 elo-

334 1383 472 1443 lmruoere,
490 1383 587 1432 unus.“
636 1379 698 1430 Aut
722 1377 849 1429 omissum
871 1386 909 1428 eet
929 1377 1007 1430 etiam
1026 1379 1054 1430 in
1075 1378 1123 1429 Ed.
1143 1379 1229 1433 Bentl.
1250 1380 1387 1434 annotavit

334 1467 435 1520 Gernh.
454 1468 481 1519 in
500 1467 570 1519 aad.
590 1496 623 1507 -
647 1464 688 1517 Ad
709 1464 873 1518 locutionem
892 1465 1000 1518 confert
1018 1465 1099 1536 Borg.
1120 1468 1176 1522 Cic.
1188 1469 1215 1519 in
1236 1470 1313 1521 Verr.
1326 1469 1384 1522 Act.

334 1555 353 1620 l,
365 1563 391 1608 2:
412 1555 491 1624 Quod
507 1574 555 1624 ego
574 1573 629 1605 meo
648 1551 737 1603 labore
753 1562 782 1603 et
800 1552 902 1624 uigiliis
922 1564 1079 1604 consecutus
1098 1573 1165 1606 sum.
1201 1556 1296 1609 Parad.
1306 1554 1352 1621 lv,
1361 1559 1384 1608 1.

334 1663 405 1693 meos
431 1661 524 1703 curus,
553 1641 678 1710 vigilios,
704 1639 832 1692 coneilio:
862 1640 923 1693 coll.
949 1658 998 1710 pro
1018 1640 1097 1693 Arch.
1119 1645 1161 1693 11.
1192 1643 1268 1695 Veri.
1288 1645 1322 1707 V,
1340 1647 1384 1696 72.

333 1741 397 1781 extr.
429 1729 483 1781 Pro
506 1727 580 1780 Coel.
594 1729 637 1780 19.
666 1726 734 1778 Phil.
754 1725 800 1792 IV,
823 1730 848 1779 ti.
870 1747 918 1797 pro
938 1727 1019 1780 Dom.
1038 1732 1081 1782 57.
1119 1729 1176 1780 Me.

405 1817 429 1866 ei
448 1815 555 1885 quidem
569 1813 639 1864 nituit
654 1815 743 1882 peperi
761 1813 842 1880 tale,]
864 1813 930 1866 eod.
944 1817 1002 1868 Cre.
1015 1820 1039 1866 2.
1059 1816 1083 1865 ai
1102 1816 1205 1885 quidem
1223 1817 1294 1868 nituit
1310 1818 1367 1867 tal
1372 1837 1386 1868 e

331 1906 469 1971 peperi,
489 1921 551 1954 cum
572 1900 652 1953 Drsd.
671 1904 697 1952 4.
717 1905 751 1963 a;
770 1903 866 1969 reperi,
886 1902 951 1954 eod.
971 1905 1015 1954 Cr.
1035 1907 1074 1968 2.,
1103 1904 1200 1956 omisso
1220 1904 1283 1956 tole.
1319 1904 1386 1955 Per-

334 2001 401 2058 gunt
420 1987 485 2042 On.
505 1988 535 2040 E.
555 2009 579 2056 η.
600 1989 735 2058 nihilque
754 1988 835 2041 tale.
873 1989 980 2042 Suerin.
1000 1989 1049 2043 Oa.
1069 1989 1089 2041 1.
1109 1989 1180 2043 Gud,
1200 1993 1233 2046 A.
1252 1990 1282 2044 B.
1301 1995 1386 2044 utin

334 2095 364 2127 eo
381 2086 476 2137 etotu,·
496 2078 554 2128 Cre.
574 2081 597 2128 2.
615 2087 647 2126 ut
665 2095 694 2126 eo
712 2094 819 2128 eeeem
837 2088 947 2134 etotu.
996 2077 1064 2130 Illud
1085 2090 1116 2129 nt
1135 2080 1168 2130 in
1193 2099 1222 2130 eo
1241 2090 1318 2130 etotn
1338 2080 1385 2134 ha-

335 2165 399 2216 beut
417 2165 496 2217 etiam
514 2163 581 2216 Edd.
602 2167 673 2217 Crat.
692 2166 765 2217 Man.
783 2163 875 2236 Magn.
891 2168 953 2219 Car.
972 2165 1063 2237 steph.
1084 2165 1115 2218 H.
1126 2165 1211 2219 Wott.
1231 2166 1291 2218 Ald.
1305 2171 1383 2222 1511.

335 2255 413 2306 1552.
432 2252 520 2304 Herw.
533 2255 637 2304 Camer.
675 2251 738 2305 Sola
758 2252 807 2306 Ed.
816 2254 900 2306 Paris.
912 2258 990 2308 1507.
1009 2253 1088 2307 habet
1102 2256 1205 2323 peperit
1219 2274 1269 2326 pro
1283 2258 1384 2324 peperi.

335 2341 397 2393 Μοι
418 2339 489 2393 Gud.
508 2342 540 2391 Α.
561 2351 586 2392 et
604 2340 684 2392 Drsd.
703 2344 729 2394 4.
761 2345 899 2394 temeritas
913 2343 1046 2413 fortunae
1054 2364 1063 2402 ‚·
1095 2344 1153 2394 Cre.
1173 2346 1197 2394 1.
1223 2361 1306 2413 neque
1319 2342 1385 2412 for-

335 2437 405 2478 tuna
429 2446 537 2499 neque
562 2429 700 2478 temeritas
728 2428 903 2483 inimicorum.
957 2427 1010 2481 Sed
1041 2430 1122 2483 altera
1153 2449 1248 2483 manus
1272 2429 1385 2483 correxit

334 2514 507 2585 scriptionem
528 2515 633 2586 prioris.
682 2516 768 2569 codd.
797 2516 877 2569 Bern.
900 2529 925 2570 el
944 2516 994 2569 0¹.
1016 2517 1045 2569 E.
1068 2517 1167 2571 habent
1184 2536 1241 2568 nec
1268 2518 1386 2569 inimico-

333 2622 409 2667 rum3
428 2603 508 2655 Drsd.
527 2607 552 2656 5.
571 2603 763 2672 lobefoccari
781 2603 845 2671 (sic)
861 2606 964 2657 iniuria
980 2606 1104 2673 possit.
1151 2604 1300 2656 Commode
1320 2623 1386 2657 cou-

335 2690 485 2759 sertBorg.
506 2690 561 2741 Cic.
580 2689 613 2741 de
631 2691 719 2743 Amic.
740 2695 770 2745 6:
802 2693 898 2742 Posito
919 2712 971 2743 non
999 2704 1055 2742 tam
1087 2693 1116 2742 in'
1133 2694 1234 2743 nostrie
1262 2691 1386 2753 consiliis,

335 2777 662 2848 quaminsortunoe
681 2780 902 2839 temeritate,·
929 2799 979 2850 pro
1008 2798 1064 2850 reg.
1095 2779 1184 2831 Deiot.
1204 2783 1253 2833 13:
1285 2783 1388 2849 Magno

334 2866 425 2916 animo
441 2874 468 2914 et
487 2875 573 2916 erecto
589 2875 643 2928 est,
661 2884 709 2915 nec
727 2884 847 2936 unquam
865 2866 1016 2917 succumbet
1035 2868 1137 2917 inimi
1144 2868 1201 2930 cis,
1221 2885 1253 2917 ne
1266 2866 1389 2935 fortu-

336 2971 398 3002 nue
417 2953 529 3022 quidem.
567 2951 624 3002 Mr.

408 3043 555 3090 Mortemne
573 3040 637 3090 milii
656 3041 790 3092 minitoris
798 3043 815 3108 ,]
836 3040 903 3094 Cod.
924 3040 982 3096 Cra.
1004 3047 1028 3094 2.
1047 3047 1161 3093 Mortem
1180 3059 1212 3092 ne
1231 3040 1295 3090 milii
1314 3040 1386 3088 imi-

302 3110 305 3115 ·
336 3130 440 3181 toris.
460 3126 518 3179 Cra.
538 3131 563 3180 1.
588 3131 703 3179 Mortem
728 3149 760 3179 ne
786 3130 851 3180 milei
876 3131 1022 3181 minaria·
1046 3131 1139 3201 (supra
1166 3129 1212 3182 lin.
1232 3139 1270 3180 est
1288 3126 1387 3197 glossa:

335 3237 351 3266 o
371 3215 459 3281 clodi).
495 3215 601 3268 Suerin.
620 3227 728 3267 mortem
747 3217 874 3266 mihine
893 3219 1039 3269 minitare·
1069 3218 1180 3270 Gaui.
1202 3216 1386 3269 omittitmilii:

336 3315 362 3355 et
387 3304 473 3354 atatim
498 3321 590 3354 vocem
615 3305 727 3358 omnino.
773 3301 844 3355 Gud.
866 3303 897 3354 B.
927 3304 976 3356 Oa.
1002 3305 1033 3357 E.
1052 3324 1081 3365 ψ.
1110 3306 1191 3358 Dred.
1214 3310 1237 3356 2.
1272 3314 1387 3374 pergunt

336 3391 442 3441 omnino
461 3389 495 3437 ob
513 3387 683 3451 omnibus,
702 3390 774 3458 quod
800 3391 915 3446 enotavit
939 3394 1018 3443 etiam
1039 3391 1097 3442 Ald.
1117 3392 1190 3443 Man.
1209 3410 1223 3442 e
1242 3390 1328 3442 Codd.
1346 3411 1387 3442 sex

334 3480 403 3541 suis,
424 3475 506 3544 idque
526 3475 683 3542 pai-oleatum,
708 3486 737 3527 ut
756 3476 837 3528 relert
856 3476 974 3541 Gernh.,
994 3496 1007 3527 a
1027 3477 1147 3528 Benueio
1167 3477 1204 3526 vix
1224 3495 1386 3545 quemquam

335 3563 527 3626 commoverit,
547 3573 576 3614 ut
599 3562 621 3612 ei
641 3561 795 3632 adstipulari
815 3560 884 3614 velit.
922 3563 988 3614 cod.
1009 3561 1115 3614 Suerin.
1136 3562 1215 3614 habet
1236 3571 1267 3611 ut
1287 3562 1390 3610 omnino

335 3654 427 3704 omni
435 3651 503 3702 lius.
540 3650 601 3702 Mox
622 3649 689 3703 Coel.
708 3650 789 3704 Dusd.
809 3654 834 3705 3.
854 3649 904 3702 Oe.
923 3668 953 3711 u.
972 3662 1034 3701 out
1053 3651 1172 3703 exilium.
1208 3649 1236 3700 M
1246 3668 1267 3700 e.

409 3745 557 3791 Mortemne
576 3767 610 3778 -
631 3759 666 3790 on
684 3740 806 3807 exilium]
844 3737 933 3805 „Sunt
950 3737 999 3791 hae
1018 3738 1086 3791 duae
1105 3756 1134 3789 ex
1154 3737 1288 3809 pluribus,
1320 3755 1388 3807 quae

337 3829 415 3899 vulgo
434 3828 581 3892 habentur,
601 3828 667 3880 vitae
686 3828 818 3881 humanae
836 3827 1047 3894 calamitatibus,
1067 3837 1160 3879 contra
1181 3844 1246 3896 quas
1266 3825 1386 3876 animum

338 3916 470 3970 consolari
491 3916 569 3968 debet
587 3915 770 3987 philosopbin
793 3919 883 3988 itaque
902 3916 999 3970 Cicero
1025 3915 1102 3969 lecit:
1128 3926 1220 3968 contra
1246 3913 1339 3967 mortis
1355 3914 1389 3966 ti-

340 4022 442 4055 morem
462 4003 614 4056 consolatus
638 4015 676 4057 est
693 4003 790 4058 Tueoc.
806 4004 833 4068 l,
861 4015 955 4057 eontra
981 4002 1086 4056 exilium
1106 4003 1202 4055 Tusce.
1221 4004 1255 4068 V,
1276 4005 1310 4055 37
1329 4021 1387 4071 sqq.

339 4091 381 4143 De
400 4092 491 4143 Exilia
510 4104 597 4144 autem
618 4093 740 4163 egregius
765 4103 845 4146 enatat
863 4092 932 4144 liber
950 4090 1101 4155 Plutarchi,
1126 4102 1150 4142 et
1169 4089 1282 4141 aliorum
1302 4086 1389 4158 philo-

339 4177 486 4250 sophorum
511 4191 634 4251 excerpta
661 4180 688 4233 in
713 4180 822 4234 Stobaei
854 4180 1028 4251 Florilegio.“
1053 4177 1231 4247 Wyttenb.
1285 4173 1349 4224 Loci
1377 4193 1390 4224 a

339 4266 456 4319 Stobaeo
485 4268 589 4322 collecti
614 4280 676 4321 eunt
702 4269 728 4320 in
749 4268 798 4321 Ed.
816 4267 929 4321 Geeneri
951 4265 1126 4318 Wecheliana
1150 4259 1290 4328 (Francos.
1311 4261 1390 4314 1581.

338 4355 357 4408 s.
378 4356 426 4423 m.)
447 4376 471 4425 p.
481 4358 630 4411 553-561.
655 4356 742 4408 Serm·
764 4360 826 4420 1583
845 4358 872 4409 in
892 4357 941 4408 Ed.
961 4352 1084 4406 Aureliae
1104 4350 1204 4402 Allobr.
1218 4346 1391 4417 (16091111.)

337 4461 363 4512 p.
383 4445 547 4497 2311-231,
567 4443 654 4499 Serm.
673 4447 715 4496 38.
762 4443 802 4496 Ad
823 4443 980 4498 sententiam
1007 4439 1122 4492 conferri
1143 4446 1228 4508 potest
1245 4432 1295 4489 Or.
1315 4435 1393 4491 Catil.
