<?xml version="1.0" encoding="UTF-8"?>
<!DOCTYPE html PUBLIC "-//W3C//DTD XHTML 1.0 Transitional//EN"
    "http://www.w3.org/TR/xhtml1/DTD/xhtml1-transitional.dtd">
<html xmlns="http://www.w3.org/1999/xhtml" xml:lang="en" lang="en">
 <head>
  <title>
</title>
<meta http-equiv="Content-Type" content="text/html;charset=utf-8" />
  <meta name='ocr-system' content='tesseract 3.04.00' />
  <meta name='ocr-capabilities' content='ocr_page ocr_carea ocr_par ocr_line ocrx_word'/>
</head>
<body>
  <div class='ocr_page' id='page_1' title='image "./paradoxa00wyttgoog_0205.png"; bbox 0 0 3450 5342; ppageno 0'>
   <div class='ocr_carea' id='block_1_1' title="bbox 617 680 1335 755">
    <p class='ocr_par' dir='ltr' id='par_1_1' title="bbox 617 680 1335 755">
     <span class='ocr_line' id='line_1_1' title="bbox 617 680 1335 755; baseline 0.008 -6"><span class='ocrx_word' id='word_1_1' title='bbox 617 700 813 750; x_wconf 77' lang='lat' dir='ltr'>rtrsooxor</span> <span class='ocrx_word' id='word_1_2' title='bbox 829 702 878 748; x_wconf 86' lang='lat' dir='ltr'>ur.</span> <span class='ocrx_word' id='word_1_3' title='bbox 903 703 972 750; x_wconf 73' lang='lat' dir='ltr'>cir.</span> <span class='ocrx_word' id='word_1_4' title='bbox 989 704 1024 750; x_wconf 84' lang='grc' dir='ltr'>ιι.</span> <span class='ocrx_word' id='word_1_5' title='bbox 1264 680 1335 755; x_wconf 88' lang='grc'>137</span> 
     </span>
    </p>
   </div>
   <div class='ocr_carea' id='block_1_2' title="bbox 280 860 1340 2224">
    <p class='ocr_par' dir='ltr' id='par_1_2' title="bbox 280 860 1340 2224">
     <span class='ocr_line' id='line_1_2' title="bbox 280 860 1336 936; baseline 0.006 -21"><span class='ocrx_word' id='word_1_6' title='bbox 280 862 327 935; x_wconf 88' lang='lat' dir='ltr'>qui</span> <span class='ocrx_word' id='word_1_7' title='bbox 346 862 463 917; x_wconf 79' lang='lat' dir='ltr'>mediam</span> <span class='ocrx_word' id='word_1_8' title='bbox 483 860 605 917; x_wconf 80' lang='lat' dir='ltr'>tollerent</span> <span class='ocrx_word' id='word_1_9' title='bbox 629 861 739 933; x_wconf 86' lang='lat' dir='ltr'>eiusque</span> <span class='ocrx_word' id='word_1_10' title='bbox 764 861 825 915; x_wconf 86' lang='lat' dir='ltr'>ioco</span> <span class='ocrx_word' id='word_1_11' title='bbox 851 871 1016 932; x_wconf 77' lang='lat' dir='ltr'>reponerent</span> <span class='ocrx_word' id='word_1_12' title='bbox 1039 864 1161 933; x_wconf 85' lang='lat' dir='ltr'>quondo,</span> <span class='ocrx_word' id='word_1_13' title='bbox 1189 866 1261 936; x_wconf 87' lang='lat' dir='ltr'>quod</span> <span class='ocrx_word' id='word_1_14' title='bbox 1281 887 1336 921; x_wconf 89' lang='lat' dir='ltr'>non</span> 
     </span>
     <span class='ocr_line' id='line_1_3' title="bbox 280 947 1336 1022; baseline 0.009 -22"><span class='ocrx_word' id='word_1_15' title='bbox 280 948 343 1002; x_wconf 90' lang='lat' dir='ltr'>ideo</span> <span class='ocrx_word' id='word_1_16' title='bbox 363 950 494 1021; x_wconf 77' lang='lat' dir='ltr'>ingratam</span> <span class='ocrx_word' id='word_1_17' title='bbox 514 947 607 1002; x_wconf 75' lang='lat' dir='ltr'>dixisse</span> <span class='ocrx_word' id='word_1_18' title='bbox 628 947 731 1003; x_wconf 82' lang='lat' dir='ltr'>videtur</span> <span class='ocrx_word' id='word_1_19' title='bbox 749 947 800 1004; x_wconf 89' lang='lat' dir='ltr'>Or.</span> <span class='ocrx_word' id='word_1_20' title='bbox 819 949 922 1003; x_wconf 76' lang='lat' dir='ltr'>inferre</span> <span class='ocrx_word' id='word_1_21' title='bbox 940 949 1110 1015; x_wconf 83' lang='lat' dir='ltr'>varietatem,</span> <span class='ocrx_word' id='word_1_22' title='bbox 1145 951 1208 1022; x_wconf 89' lang='lat' dir='ltr'>quia</span> <span class='ocrx_word' id='word_1_23' title='bbox 1227 955 1336 1009; x_wconf 81' lang='lat' dir='ltr'>aun&#39;bur</span> 
     </span>
     <span class='ocr_line' id='line_1_4' title="bbox 282 1035 1338 1117; baseline 0.006 -30"><span class='ocrx_word' id='word_1_24' title='bbox 282 1047 349 1091; x_wconf 88' lang='lat' dir='ltr'>esset</span> <span class='ocrx_word' id='word_1_25' title='bbox 362 1038 480 1110; x_wconf 75' lang='lat' dir='ltr'>ingrata,</span> <span class='ocrx_word' id='word_1_26' title='bbox 506 1035 634 1117; x_wconf 34' lang='lat' dir='ltr'>seduquia</span> <span class='ocrx_word' id='word_1_27' title='bbox 654 1035 743 1108; x_wconf 90' lang='lat' dir='ltr'>primo</span> <span class='ocrx_word' id='word_1_28' title='bbox 768 1036 896 1109; x_wconf 89' lang='lat' dir='ltr'>adspectu</span> <span class='ocrx_word' id='word_1_29' title='bbox 923 1037 1122 1108; x_wconf 73' lang='lat' dir='ltr'>ambiguitatem</span> <span class='ocrx_word' id='word_1_30' title='bbox 1149 1036 1234 1108; x_wconf 89' lang='lat' dir='ltr'>parit,</span> <span class='ocrx_word' id='word_1_31' title='bbox 1262 1058 1338 1110; x_wconf 87' lang='lat' dir='ltr'>quae,</span> 
     </span>
     <span class='ocr_line' id='line_1_5' title="bbox 281 1123 1338 1198; baseline 0.008 -25"><span class='ocrx_word' id='word_1_32' title='bbox 281 1123 303 1174; x_wconf 86' lang='lat' dir='ltr'>si</span> <span class='ocrx_word' id='word_1_33' title='bbox 321 1125 535 1198; x_wconf 83' lang='lat' dir='ltr'>quandoquidem</span> <span class='ocrx_word' id='word_1_34' title='bbox 561 1124 740 1191; x_wconf 70' lang='lat' dir='ltr'>scriberetur,</span> <span class='ocrx_word' id='word_1_35' title='bbox 769 1125 881 1179; x_wconf 89' lang='lat' dir='ltr'>abesset.</span> <span class='ocrx_word' id='word_1_36' title='bbox 929 1123 1058 1191; x_wconf 75' lang='lat' dir='ltr'>Accedit,</span> <span class='ocrx_word' id='word_1_37' title='bbox 1085 1125 1158 1197; x_wconf 89' lang='lat' dir='ltr'>quod</span> <span class='ocrx_word' id='word_1_38' title='bbox 1178 1127 1338 1195; x_wconf 88' lang='lat' dir='ltr'>compendia</span> 
     </span>
     <span class='ocr_line' id='line_1_6' title="bbox 282 1209 1340 1284; baseline 0.006 -23"><span class='ocrx_word' id='word_1_39' title='bbox 282 1228 379 1263; x_wconf 82' lang='lat' dir='ltr'>vocum</span> <span class='ocrx_word' id='word_1_40' title='bbox 398 1213 505 1283; x_wconf 84' lang='lat' dir='ltr'>quando</span> <span class='ocrx_word' id='word_1_41' title='bbox 521 1223 548 1266; x_wconf 93' lang='lat' dir='ltr'>et</span> <span class='ocrx_word' id='word_1_42' title='bbox 566 1212 692 1284; x_wconf 79' lang='lat' dir='ltr'>quoniam</span> <span class='ocrx_word' id='word_1_43' title='bbox 716 1221 779 1265; x_wconf 83' lang='lat' dir='ltr'>eunt</span> <span class='ocrx_word' id='word_1_44' title='bbox 806 1212 956 1278; x_wconf 84' lang='lat' dir='ltr'>simillima,</span> <span class='ocrx_word' id='word_1_45' title='bbox 980 1223 1005 1264; x_wconf 90' lang='lat' dir='ltr'>et</span> <span class='ocrx_word' id='word_1_46' title='bbox 1023 1212 1102 1283; x_wconf 87' lang='lat' dir='ltr'>pauci</span> <span class='ocrx_word' id='word_1_47' title='bbox 1120 1222 1183 1264; x_wconf 91' lang='lat' dir='ltr'>sunt</span> <span class='ocrx_word' id='word_1_48' title='bbox 1200 1209 1340 1267; x_wconf 74' lang='lat' dir='ltr'>Ciceronis</span> 
     </span>
     <span class='ocr_line' id='line_1_7' title="bbox 283 1296 1340 1373; baseline 0.003 -24"><span class='ocrx_word' id='word_1_49' title='bbox 283 1296 351 1365; x_wconf 84' lang='lat' dir='ltr'>ioci,</span> <span class='ocrx_word' id='word_1_50' title='bbox 379 1300 476 1371; x_wconf 90' lang='lat' dir='ltr'>quibus</span> <span class='ocrx_word' id='word_1_51' title='bbox 495 1299 604 1373; x_wconf 83' lang='lat' dir='ltr'>quando</span> <span class='ocrx_word' id='word_1_52' title='bbox 629 1298 680 1353; x_wconf 92' lang='lat' dir='ltr'>bac</span> <span class='ocrx_word' id='word_1_53' title='bbox 705 1298 836 1353; x_wconf 89' lang='lat' dir='ltr'>sententia</span> <span class='ocrx_word' id='word_1_54' title='bbox 854 1299 987 1371; x_wconf 85' lang='lat' dir='ltr'>positum,</span> <span class='ocrx_word' id='word_1_55' title='bbox 1018 1310 1119 1353; x_wconf 87' lang='lat' dir='ltr'>certam</span> <span class='ocrx_word' id='word_1_56' title='bbox 1143 1297 1223 1353; x_wconf 85' lang='lat' dir='ltr'>babet</span> <span class='ocrx_word' id='word_1_57' title='bbox 1241 1299 1340 1353; x_wconf 89' lang='lat' dir='ltr'>sedem.</span> 
     </span>
     <span class='ocr_line' id='line_1_8' title="bbox 285 1382 1337 1457; baseline 0.004 -22"><span class='ocrx_word' id='word_1_58' title='bbox 285 1386 346 1439; x_wconf 93' lang='lat' dir='ltr'>Vid.</span> <span class='ocrx_word' id='word_1_59' title='bbox 365 1385 450 1442; x_wconf 90' lang='lat' dir='ltr'>Orell.</span> <span class='ocrx_word' id='word_1_60' title='bbox 469 1388 502 1441; x_wconf 86' lang='lat' dir='ltr'>od</span> <span class='ocrx_word' id='word_1_61' title='bbox 531 1386 563 1439; x_wconf 88' lang='lat' dir='ltr'>F.</span> <span class='ocrx_word' id='word_1_62' title='bbox 582 1385 614 1439; x_wconf 79' lang='grc' dir='ltr'><strong>Α.</strong></span> <span class='ocrx_word' id='word_1_63' title='bbox 630 1384 726 1439; x_wconf 74' lang='lat' dir='ltr'>Wottri</span> <span class='ocrx_word' id='word_1_64' title='bbox 756 1384 868 1440; x_wconf 85' lang='lat' dir='ltr'>Scholas</span> <span class='ocrx_word' id='word_1_65' title='bbox 892 1386 921 1438; x_wconf 89' lang='lat' dir='ltr'>in</span> <span class='ocrx_word' id='word_1_66' title='bbox 939 1387 1038 1440; x_wconf 82' lang='lat' dir='ltr'>Tusce.</span> <span class='ocrx_word' id='word_1_67' title='bbox 1057 1385 1104 1438; x_wconf 75' lang='lat' dir='ltr'>lv,</span> <span class='ocrx_word' id='word_1_68' title='bbox 1123 1382 1147 1456; x_wconf 65' lang='grc' dir='ltr'><strong>ᾗ.</strong></span> <span class='ocrx_word' id='word_1_69' title='bbox 1166 1388 1209 1440; x_wconf 81' lang='grc'><strong>34.</strong></span> <span class='ocrx_word' id='word_1_70' title='bbox 1229 1406 1255 1457; x_wconf 84' lang='grc' dir='ltr'><strong>ρ.</strong></span> <span class='ocrx_word' id='word_1_71' title='bbox 1275 1389 1337 1441; x_wconf 80' lang='grc'><strong>413.</strong></span> 
     </span>
     <span class='ocr_line' id='line_1_9' title="bbox 282 1470 1338 1545; baseline 0 -19"><span class='ocrx_word' id='word_1_72' title='bbox 282 1492 332 1528; x_wconf 90' lang='lat' dir='ltr'>nos</span> <span class='ocrx_word' id='word_1_73' title='bbox 353 1474 387 1529; x_wconf 85' lang='lat' dir='ltr'>ad</span> <span class='ocrx_word' id='word_1_74' title='bbox 410 1476 507 1530; x_wconf 87' lang='lat' dir='ltr'>Tuscc.</span> <span class='ocrx_word' id='word_1_75' title='bbox 535 1473 626 1528; x_wconf 82' lang='lat' dir='ltr'>locum</span> <span class='ocrx_word' id='word_1_76' title='bbox 656 1472 772 1526; x_wconf 91' lang='lat' dir='ltr'>eundem</span> <span class='ocrx_word' id='word_1_77' title='bbox 798 1473 831 1526; x_wconf 90' lang='lat' dir='ltr'>T.</span> <span class='ocrx_word' id='word_1_78' title='bbox 849 1470 882 1525; x_wconf 85' lang='lat'>11.</span> <span class='ocrx_word' id='word_1_79' title='bbox 910 1494 936 1545; x_wconf 95' lang='lat' dir='ltr'>p.</span> <span class='ocrx_word' id='word_1_80' title='bbox 953 1476 1006 1528; x_wconf 72' lang='lat'>831</span> <span class='ocrx_word' id='word_1_81' title='bbox 1025 1492 1065 1544; x_wconf 88' lang='lat' dir='ltr'>sq.</span> <span class='ocrx_word' id='word_1_82' title='bbox 1084 1478 1123 1511; x_wconf 90' lang='lat'>-&#39;</span> <span class='ocrx_word' id='word_1_83' title='bbox 1155 1472 1210 1525; x_wconf 87' lang='lat' dir='ltr'>Pro</span> <span class='ocrx_word' id='word_1_84' title='bbox 1225 1474 1338 1542; x_wconf 83' lang='lat' dir='ltr'>profici-</span> 
     </span>
     <span class='ocr_line' id='line_1_10' title="bbox 281 1558 1340 1633; baseline 0.004 -22"><span class='ocrx_word' id='word_1_85' title='bbox 281 1572 397 1615; x_wconf 84' lang='lat' dir='ltr'>scuntur</span> <span class='ocrx_word' id='word_1_86' title='bbox 419 1574 459 1616; x_wconf 89' lang='lat' dir='ltr'>est</span> <span class='ocrx_word' id='word_1_87' title='bbox 480 1563 707 1632; x_wconf 82' lang='lat' dir='ltr'>proficiscantur</span> <span class='ocrx_word' id='word_1_88' title='bbox 738 1559 766 1612; x_wconf 89' lang='lat' dir='ltr'>in</span> <span class='ocrx_word' id='word_1_89' title='bbox 786 1558 853 1613; x_wconf 76' lang='lat' dir='ltr'>eod.</span> <span class='ocrx_word' id='word_1_90' title='bbox 879 1560 960 1614; x_wconf 83' lang='lat' dir='ltr'>Drsd.</span> <span class='ocrx_word' id='word_1_91' title='bbox 979 1564 1006 1616; x_wconf 85' lang='lat'>1.</span> <span class='ocrx_word' id='word_1_92' title='bbox 1052 1558 1082 1613; x_wconf 87' lang='lat' dir='ltr'>ln</span> <span class='ocrx_word' id='word_1_93' title='bbox 1110 1558 1161 1614; x_wconf 82' lang='lat' dir='ltr'>Ox.</span> <span class='ocrx_word' id='word_1_94' title='bbox 1178 1558 1199 1613; x_wconf 93' lang='grc'><strong>1.</strong></span> <span class='ocrx_word' id='word_1_95' title='bbox 1218 1562 1340 1633; x_wconf 86' lang='lat' dir='ltr'>sequitur</span> 
     </span>
     <span class='ocr_line' id='line_1_11' title="bbox 282 1646 1336 1720; baseline 0.002 -21"><span class='ocrx_word' id='word_1_96' title='bbox 282 1649 514 1702; x_wconf 83' lang='lat' dir='ltr'>animadvertunt.</span> <span class='ocrx_word' id='word_1_97' title='bbox 550 1647 580 1700; x_wconf 87' lang='lat' dir='ltr'>ln</span> <span class='ocrx_word' id='word_1_98' title='bbox 600 1666 675 1718; x_wconf 84' lang='lat' dir='ltr'><strong>seqq.</strong></span> <span class='ocrx_word' id='word_1_99' title='bbox 701 1667 751 1718; x_wconf 95' lang='lat' dir='ltr'>pro</span> <span class='ocrx_word' id='word_1_100' title='bbox 770 1649 887 1720; x_wconf 86' lang='lat' dir='ltr'>itemque</span> <span class='ocrx_word' id='word_1_101' title='bbox 905 1647 992 1701; x_wconf 87' lang='lat' dir='ltr'>Codd.</span> <span class='ocrx_word' id='word_1_102' title='bbox 1015 1647 1087 1701; x_wconf 89' lang='lat' dir='ltr'>Gud.</span> <span class='ocrx_word' id='word_1_103' title='bbox 1108 1646 1140 1699; x_wconf 79' lang='grc' dir='ltr'><strong>Α.</strong></span> <span class='ocrx_word' id='word_1_104' title='bbox 1167 1646 1232 1702; x_wconf 74' lang='lat' dir='ltr'>Ora.</span> <span class='ocrx_word' id='word_1_105' title='bbox 1249 1647 1282 1702; x_wconf 85' lang='lat' dir='ltr'>E.</span> <span class='ocrx_word' id='word_1_106' title='bbox 1302 1647 1336 1701; x_wconf 92' lang='lat' dir='ltr'>U.</span> 
     </span>
     <span class='ocr_line' id='line_1_12' title="bbox 281 1733 1337 1807; baseline -0.003 -18"><span class='ocrx_word' id='word_1_107' title='bbox 281 1735 377 1789; x_wconf 91' lang='lat' dir='ltr'>Duisb.</span> <span class='ocrx_word' id='word_1_108' title='bbox 396 1737 522 1807; x_wconf 83' lang='lat' dir='ltr'>itaque,</span> <span class='ocrx_word' id='word_1_109' title='bbox 540 1734 621 1790; x_wconf 87' lang='lat' dir='ltr'>Drsd.</span> <span class='ocrx_word' id='word_1_110' title='bbox 640 1739 667 1791; x_wconf 88' lang='lat'>1.</span> <span class='ocrx_word' id='word_1_111' title='bbox 686 1737 712 1788; x_wconf 74' lang='lat'>3.</span> <span class='ocrx_word' id='word_1_112' title='bbox 729 1735 847 1805; x_wconf 79' lang='lat' dir='ltr'>itemque</span> <span class='ocrx_word' id='word_1_113' title='bbox 863 1735 926 1788; x_wconf 83' lang='lat' dir='ltr'>ita.</span> <span class='ocrx_word' id='word_1_114' title='bbox 960 1735 1031 1786; x_wconf 85' lang='lat' dir='ltr'>Tum</span> <span class='ocrx_word' id='word_1_115' title='bbox 1051 1733 1116 1788; x_wconf 77' lang='lat'>0¹1.</span> <span class='ocrx_word' id='word_1_116' title='bbox 1127 1733 1158 1787; x_wconf 86' lang='lat' dir='ltr'>E.</span> <span class='ocrx_word' id='word_1_117' title='bbox 1173 1733 1193 1787; x_wconf 92' lang='grc'><strong>1.</strong></span> <span class='ocrx_word' id='word_1_118' title='bbox 1211 1747 1337 1788; x_wconf 80' lang='lat' dir='ltr'>emanent</span> 
     </span>
     <span class='ocr_line' id='line_1_13' title="bbox 282 1820 1336 1894; baseline -0.004 -17"><span class='ocrx_word' id='word_1_119' title='bbox 282 1842 335 1894; x_wconf 88' lang='lat' dir='ltr'>pro</span> <span class='ocrx_word' id='word_1_120' title='bbox 353 1831 481 1887; x_wconf 82' lang='lat' dir='ltr'>manant,</span> <span class='ocrx_word' id='word_1_121' title='bbox 500 1842 556 1894; x_wconf 91' lang='lat' dir='ltr'>quo</span> <span class='ocrx_word' id='word_1_122' title='bbox 574 1822 603 1875; x_wconf 90' lang='lat' dir='ltr'>in</span> <span class='ocrx_word' id='word_1_123' title='bbox 621 1820 753 1876; x_wconf 82' lang='lat' dir='ltr'>consimili</span> <span class='ocrx_word' id='word_1_124' title='bbox 771 1820 903 1875; x_wconf 84' lang='lat' dir='ltr'>sententia</span> <span class='ocrx_word' id='word_1_125' title='bbox 920 1840 984 1875; x_wconf 89' lang='lat' dir='ltr'>usus</span> <span class='ocrx_word' id='word_1_126' title='bbox 1002 1832 1042 1876; x_wconf 82' lang='lat' dir='ltr'>est</span> <span class='ocrx_word' id='word_1_127' title='bbox 1059 1820 1115 1875; x_wconf 88' lang='lat' dir='ltr'>Cic.</span> <span class='ocrx_word' id='word_1_128' title='bbox 1136 1821 1168 1873; x_wconf 92' lang='lat' dir='ltr'>ad</span> <span class='ocrx_word' id='word_1_129' title='bbox 1189 1824 1276 1887; x_wconf 62' lang='lat' dir='ltr'>Arra,</span> <span class='ocrx_word' id='word_1_130' title='bbox 1289 1825 1336 1873; x_wconf 80' lang='lat'>21:</span> 
     </span>
     <span class='ocr_line' id='line_1_14' title="bbox 282 1906 1338 1980; baseline 0.002 -19"><span class='ocrx_word' id='word_1_131' title='bbox 282 1910 356 1961; x_wconf 82' lang='lat' dir='ltr'>malo</span> <span class='ocrx_word' id='word_1_132' title='bbox 370 1919 465 1961; x_wconf 84' lang='lat' dir='ltr'>nostra</span> <span class='ocrx_word' id='word_1_133' title='bbox 480 1909 563 1961; x_wconf 86' lang='lat' dir='ltr'>istinc</span> <span class='ocrx_word' id='word_1_134' title='bbox 579 1918 754 1963; x_wconf 83' lang='lat' dir='ltr'>emanant.</span> <span class='ocrx_word' id='word_1_135' title='bbox 793 1906 847 1961; x_wconf 85' lang='lat' dir='ltr'>Sed</span> <span class='ocrx_word' id='word_1_136' title='bbox 862 1908 1009 1962; x_wconf 79' lang='lat' dir='ltr'>admodum</span> <span class='ocrx_word' id='word_1_137' title='bbox 1024 1909 1116 1980; x_wconf 76' lang='lat' dir='ltr'>exigua</span> <span class='ocrx_word' id='word_1_138' title='bbox 1129 1909 1240 1962; x_wconf 87' lang='lat' dir='ltr'>istorum</span> <span class='ocrx_word' id='word_1_139' title='bbox 1251 1909 1338 1964; x_wconf 86' lang='lat' dir='ltr'>Codd.</span> 
     </span>
     <span class='ocr_line' id='line_1_15' title="bbox 282 1995 1336 2068; baseline 0.002 -19"><span class='ocrx_word' id='word_1_140' title='bbox 282 2007 321 2050; x_wconf 88' lang='lat' dir='ltr'>est</span> <span class='ocrx_word' id='word_1_141' title='bbox 338 1996 491 2051; x_wconf 81' lang='lat' dir='ltr'>auctoritas.</span> <span class='ocrx_word' id='word_1_142' title='bbox 528 1995 611 2049; x_wconf 86' lang='lat' dir='ltr'>iidem</span> <span class='ocrx_word' id='word_1_143' title='bbox 631 1995 774 2068; x_wconf 86' lang='lat' dir='ltr'>posthaec</span> <span class='ocrx_word' id='word_1_144' title='bbox 793 2016 855 2051; x_wconf 86' lang='lat' dir='ltr'>cum</span> <span class='ocrx_word' id='word_1_145' title='bbox 875 1997 956 2052; x_wconf 84' lang='lat' dir='ltr'>Drsd.</span> <span class='ocrx_word' id='word_1_146' title='bbox 977 2003 1001 2051; x_wconf 81' lang='lat'>2.</span> <span class='ocrx_word' id='word_1_147' title='bbox 1027 1996 1124 2051; x_wconf 89' lang='lat' dir='ltr'>babent</span> <span class='ocrx_word' id='word_1_148' title='bbox 1150 2006 1190 2049; x_wconf 83' lang='lat' dir='ltr'>ut</span> <span class='ocrx_word' id='word_1_149' title='bbox 1212 1997 1283 2061; x_wconf 67' lang='lat' dir='ltr'>sint:</span> <span class='ocrx_word' id='word_1_150' title='bbox 1309 1998 1336 2051; x_wconf 92' lang='lat' dir='ltr'>in</span> 
     </span>
     <span class='ocr_line' id='line_1_16' title="bbox 282 2082 1337 2157; baseline 0.004 -21"><span class='ocrx_word' id='word_1_151' title='bbox 282 2082 364 2137; x_wconf 92' lang='lat' dir='ltr'>Drsd.</span> <span class='ocrx_word' id='word_1_152' title='bbox 391 2086 417 2137; x_wconf 87' lang='lat'>5.</span> <span class='ocrx_word' id='word_1_153' title='bbox 446 2082 545 2154; x_wconf 76' lang='lat' dir='ltr'>iegitur</span> <span class='ocrx_word' id='word_1_154' title='bbox 571 2085 700 2157; x_wconf 82' lang='lat' dir='ltr'>aequalia</span> <span class='ocrx_word' id='word_1_155' title='bbox 723 2102 800 2138; x_wconf 86' lang='lat' dir='ltr'>esse</span> <span class='ocrx_word' id='word_1_156' title='bbox 824 2104 929 2139; x_wconf 83' lang='lat' dir='ltr'>necesse</span> <span class='ocrx_word' id='word_1_157' title='bbox 952 2095 1002 2139; x_wconf 88' lang='lat' dir='ltr'>est.</span> <span class='ocrx_word' id='word_1_158' title='bbox 1058 2085 1082 2139; x_wconf 79' lang='lat' dir='ltr'>A</span> <span class='ocrx_word' id='word_1_159' title='bbox 1108 2084 1179 2139; x_wconf 87' lang='lat' dir='ltr'>Gud.</span> <span class='ocrx_word' id='word_1_160' title='bbox 1205 2084 1237 2140; x_wconf 84' lang='grc' dir='ltr'><strong>Α.</strong></span> <span class='ocrx_word' id='word_1_161' title='bbox 1264 2086 1337 2140; x_wconf 88' lang='lat' dir='ltr'>abest</span> 
     </span>
     <span class='ocr_line' id='line_1_17' title="bbox 284 2168 442 2224; baseline -0.006 -1"><span class='ocrx_word' id='word_1_162' title='bbox 284 2171 348 2224; x_wconf 84' lang='lat' dir='ltr'>rint.</span> <span class='ocrx_word' id='word_1_163' title='bbox 383 2168 442 2223; x_wconf 87' lang='lat' dir='ltr'>Mr.</span> 
     </span>
    </p>
   </div>
   <div class='ocr_carea' id='block_1_3' title="bbox 284 2256 1339 2592">
    <p class='ocr_par' dir='ltr' id='par_1_3' title="bbox 284 2256 1339 2592">
     <span class='ocr_line' id='line_1_18' title="bbox 355 2256 1338 2332; baseline 0.005 -22"><span class='ocrx_word' id='word_1_164' title='bbox 355 2256 960 2329; x_wconf 55' lang='lat' dir='ltr'>Aptitoeoptin]Codd.Gud.A.01.n.</span> <span class='ocrx_word' id='word_1_165' title='bbox 997 2262 1178 2332; x_wconf 81' lang='lat' dir='ltr'>Epicurus</span> <span class='ocrx_word' id='word_1_166' title='bbox 1204 2282 1221 2312; x_wconf 86' lang='lat' dir='ltr'><strong><em>a</em></strong></span> <span class='ocrx_word' id='word_1_167' title='bbox 1247 2263 1338 2332; x_wconf 77' lang='lat' dir='ltr'>pbilo-</span> 
     </span>
     <span class='ocr_line' id='line_1_19' title="bbox 284 2346 1335 2420; baseline 0.003 -21"><span class='ocrx_word' id='word_1_168' title='bbox 284 2346 390 2415; x_wconf 60' lang='lat' dir='ltr'>sophin</span> <span class='ocrx_word' id='word_1_169' title='bbox 412 2346 494 2401; x_wconf 81' lang='lat' dir='ltr'>Drsd.</span> <span class='ocrx_word' id='word_1_170' title='bbox 511 2350 530 2401; x_wconf 93' lang='grc'><strong>4</strong></span> <span class='ocrx_word' id='word_1_171' title='bbox 547 2356 574 2401; x_wconf 86' lang='lat' dir='ltr'>et</span> <span class='ocrx_word' id='word_1_172' title='bbox 592 2350 618 2401; x_wconf 94' lang='grc'><strong>5.</strong></span> <span class='ocrx_word' id='word_1_173' title='bbox 655 2348 835 2416; x_wconf 79' lang='lat' dir='ltr'>Epicurus</span> <span class='ocrx_word' id='word_1_174' title='bbox 860 2359 977 2399; x_wconf 83' lang='lat' dir='ltr'>autem</span> <span class='ocrx_word' id='word_1_175' title='bbox 1002 2367 1020 2399; x_wconf 88' lang='lat' dir='ltr'><em>a</em></span> <span class='ocrx_word' id='word_1_176' title='bbox 1042 2350 1210 2419; x_wconf 77' lang='lat' dir='ltr'>pbilosophis</span> <span class='ocrx_word' id='word_1_177' title='bbox 1236 2350 1335 2420; x_wconf 87' lang='lat' dir='ltr'>inquit.</span> 
     </span>
     <span class='ocr_line' id='line_1_20' title="bbox 285 2432 1339 2507; baseline 0.001 -20"><span class='ocrx_word' id='word_1_178' title='bbox 285 2432 353 2488; x_wconf 81' lang='lat' dir='ltr'>eod.</span> <span class='ocrx_word' id='word_1_179' title='bbox 372 2432 432 2489; x_wconf 81' lang='lat' dir='ltr'>Cn.</span> <span class='ocrx_word' id='word_1_180' title='bbox 443 2439 469 2489; x_wconf 87' lang='lat'>1.</span> <span class='ocrx_word' id='word_1_181' title='bbox 505 2435 653 2487; x_wconf 81' lang='lat' dir='ltr'>Scilicet</span> <span class='ocrx_word' id='word_1_182' title='bbox 670 2436 848 2504; x_wconf 85' lang='lat' dir='ltr'>Epicurus</span> <span class='ocrx_word' id='word_1_183' title='bbox 867 2435 1168 2507; x_wconf 77' lang='lat' dir='ltr'>aphilosopltisinquit.</span> <span class='ocrx_word' id='word_1_184' title='bbox 1205 2434 1339 2506; x_wconf 78' lang='lat' dir='ltr'>Agnoscis</span> 
     </span>
     <span class='ocr_line' id='line_1_21' title="bbox 284 2513 1339 2592; baseline 0.004 -20"><span class='ocrx_word' id='word_1_185' title='bbox 284 2521 324 2575; x_wconf 83' lang='lat' dir='ltr'>rel</span> <span class='ocrx_word' id='word_1_186' title='bbox 336 2520 443 2575; x_wconf 89' lang='lat' dir='ltr'>nemine</span> <span class='ocrx_word' id='word_1_187' title='bbox 454 2532 583 2575; x_wconf 89' lang='lat' dir='ltr'>monente</span> <span class='ocrx_word' id='word_1_188' title='bbox 594 2540 703 2574; x_wconf 83' lang='lat' dir='ltr'>manum</span> <span class='ocrx_word' id='word_1_189' title='bbox 717 2513 877 2592; x_wconf 75' lang='lat' dir='ltr'>glossatoris,</span> <span class='ocrx_word' id='word_1_190' title='bbox 891 2540 942 2575; x_wconf 92' lang='lat' dir='ltr'>nec</span> <span class='ocrx_word' id='word_1_191' title='bbox 953 2540 1015 2574; x_wconf 88' lang='lat' dir='ltr'>rero</span> <span class='ocrx_word' id='word_1_192' title='bbox 1027 2522 1171 2576; x_wconf 81' lang='lat' dir='ltr'>admodum</span> <span class='ocrx_word' id='word_1_193' title='bbox 1186 2523 1265 2576; x_wconf 87' lang='lat' dir='ltr'>docti.</span> <span class='ocrx_word' id='word_1_194' title='bbox 1280 2523 1310 2575; x_wconf 88' lang='lat' dir='ltr'><strong>M</strong></span> <span class='ocrx_word' id='word_1_195' title='bbox 1317 2542 1339 2576; x_wconf 87' lang='lat' dir='ltr'>r.</span> 
     </span>
    </p>
   </div>
   <div class='ocr_carea' id='block_1_4' title="bbox 282 2607 1340 4524">
    <p class='ocr_par' dir='ltr' id='par_1_4' title="bbox 282 2607 1336 2856">
     <span class='ocr_line' id='line_1_22' title="bbox 355 2607 1335 2680; baseline -0.001 -18"><span class='ocrx_word' id='word_1_196' title='bbox 355 2610 385 2662; x_wconf 88' lang='lat' dir='ltr'><em>A</em></span> <span class='ocrx_word' id='word_1_197' title='bbox 399 2609 577 2679; x_wconf 78' lang='lat' dir='ltr'>pbilosophis]</span> <span class='ocrx_word' id='word_1_198' title='bbox 597 2609 643 2680; x_wconf 88' lang='lat' dir='ltr'>qui</span> <span class='ocrx_word' id='word_1_199' title='bbox 661 2607 764 2661; x_wconf 87' lang='lat' dir='ltr'>scilicet</span> <span class='ocrx_word' id='word_1_200' title='bbox 782 2608 831 2661; x_wconf 90' lang='lat' dir='ltr'>sibi</span> <span class='ocrx_word' id='word_1_201' title='bbox 849 2608 921 2663; x_wconf 88' lang='lat' dir='ltr'>inter</span> <span class='ocrx_word' id='word_1_202' title='bbox 938 2628 966 2662; x_wconf 91' lang='lat' dir='ltr'>se</span> <span class='ocrx_word' id='word_1_203' title='bbox 984 2628 1040 2662; x_wconf 91' lang='lat' dir='ltr'>non</span> <span class='ocrx_word' id='word_1_204' title='bbox 1053 2610 1231 2662; x_wconf 87' lang='lat' dir='ltr'>consentiunt.</span> <span class='ocrx_word' id='word_1_205' title='bbox 1268 2609 1335 2661; x_wconf 88' lang='lat' dir='ltr'>Nam</span> 
     </span>
     <span class='ocr_line' id='line_1_23' title="bbox 282 2694 1336 2769; baseline -0.001 -19"><span class='ocrx_word' id='word_1_206' title='bbox 282 2698 335 2751; x_wconf 88' lang='lat' dir='ltr'>bac</span> <span class='ocrx_word' id='word_1_207' title='bbox 352 2698 408 2769; x_wconf 90' lang='lat' dir='ltr'>ipsa</span> <span class='ocrx_word' id='word_1_208' title='bbox 427 2695 460 2749; x_wconf 90' lang='lat' dir='ltr'>de</span> <span class='ocrx_word' id='word_1_209' title='bbox 479 2715 508 2748; x_wconf 91' lang='lat' dir='ltr'>re</span> <span class='ocrx_word' id='word_1_210' title='bbox 526 2707 629 2767; x_wconf 75' lang='lat' dir='ltr'>pugnat</span> <span class='ocrx_word' id='word_1_211' title='bbox 647 2713 709 2749; x_wconf 89' lang='lat' dir='ltr'>cum</span> <span class='ocrx_word' id='word_1_212' title='bbox 728 2694 825 2750; x_wconf 82' lang='lat' dir='ltr'>Stoicis</span> <span class='ocrx_word' id='word_1_213' title='bbox 844 2695 1007 2763; x_wconf 75' lang='lat' dir='ltr'>Antiochus,</span> <span class='ocrx_word' id='word_1_214' title='bbox 1027 2708 1056 2750; x_wconf 91' lang='lat' dir='ltr'>ut</span> <span class='ocrx_word' id='word_1_215' title='bbox 1074 2708 1113 2750; x_wconf 87' lang='lat' dir='ltr'>est</span> <span class='ocrx_word' id='word_1_216' title='bbox 1130 2696 1158 2749; x_wconf 91' lang='lat' dir='ltr'>in</span> <span class='ocrx_word' id='word_1_217' title='bbox 1170 2694 1297 2748; x_wconf 81' lang='lat' dir='ltr'>Academ.</span> <span class='ocrx_word' id='word_1_218' title='bbox 1310 2699 1336 2749; x_wconf 87' lang='grc'><strong>4.</strong></span> 
     </span>
     <span class='ocr_line' id='line_1_24' title="bbox 283 2783 543 2856; baseline -0.004 -18"><span class='ocrx_word' id='word_1_219' title='bbox 283 2803 344 2856; x_wconf 88' lang='lat' dir='ltr'>cap.</span> <span class='ocrx_word' id='word_1_220' title='bbox 361 2786 406 2838; x_wconf 79' lang='grc'><strong>43.</strong></span> <span class='ocrx_word' id='word_1_221' title='bbox 443 2783 465 2834; x_wconf 85' lang='lat' dir='ltr'>F</span> <span class='ocrx_word' id='word_1_222' title='bbox 473 2802 543 2837; x_wconf 83' lang='lat' dir='ltr'>acc.</span> 
     </span>
    </p>

    <p class='ocr_par' dir='ltr' id='par_1_5' title="bbox 282 2868 1340 3996">
     <span class='ocr_line' id='line_1_25' title="bbox 354 2868 1338 2943; baseline 0.002 -22"><span class='ocrx_word' id='word_1_223' title='bbox 354 2870 456 2942; x_wconf 82' lang='lat' dir='ltr'>inquis]</span> <span class='ocrx_word' id='word_1_224' title='bbox 498 2871 625 2942; x_wconf 86' lang='lat' dir='ltr'>„Inquit,</span> <span class='ocrx_word' id='word_1_225' title='bbox 652 2868 802 2923; x_wconf 86' lang='lat' dir='ltr'>duodecim.</span> <span class='ocrx_word' id='word_1_226' title='bbox 848 2872 964 2942; x_wconf 87' lang='lat' dir='ltr'>Inquid,</span> <span class='ocrx_word' id='word_1_227' title='bbox 993 2873 1055 2925; x_wconf 91' lang='lat' dir='ltr'>duo.</span> <span class='ocrx_word' id='word_1_228' title='bbox 1102 2873 1199 2943; x_wconf 87' lang='lat' dir='ltr'>Inquit</span> <span class='ocrx_word' id='word_1_229' title='bbox 1229 2871 1338 2942; x_wconf 83' lang='lat' dir='ltr'>aliquis,</span> 
     </span>
     <span class='ocr_line' id='line_1_26' title="bbox 284 2957 1337 3033; baseline 0.002 -22"><span class='ocrx_word' id='word_1_230' title='bbox 284 2958 382 3012; x_wconf 83' lang='lat' dir='ltr'>unus.“</span> <span class='ocrx_word' id='word_1_231' title='bbox 399 2957 473 3011; x_wconf 80' lang='lat' dir='ltr'>Aid.</span> <span class='ocrx_word' id='word_1_232' title='bbox 492 2958 623 3012; x_wconf 87' lang='lat' dir='ltr'>Manut.</span> <span class='ocrx_word' id='word_1_233' title='bbox 660 2958 790 3030; x_wconf 76' lang='lat' dir='ltr'>„Inquitr</span> <span class='ocrx_word' id='word_1_234' title='bbox 814 2977 851 3011; x_wconf 83' lang='lat' dir='ltr'>sc.</span> <span class='ocrx_word' id='word_1_235' title='bbox 868 2959 978 3031; x_wconf 79' lang='lat' dir='ltr'>aliquis,</span> <span class='ocrx_word' id='word_1_236' title='bbox 1005 2961 1160 3033; x_wconf 83' lang='lat' dir='ltr'>quicunque</span> <span class='ocrx_word' id='word_1_237' title='bbox 1180 2959 1337 3014; x_wconf 77' lang='lat' dir='ltr'>est.“1⁴’rc.</span> 
     </span>
     <span class='ocr_line' id='line_1_27' title="bbox 285 3044 1337 3119; baseline 0.005 -23"><span class='ocrx_word' id='word_1_238' title='bbox 285 3044 376 3117; x_wconf 84' lang='lat' dir='ltr'><strong>Sylv.</strong></span> <span class='ocrx_word' id='word_1_239' title='bbox 411 3046 552 3112; x_wconf 85' lang='lat' dir='ltr'>„imitatur</span> <span class='ocrx_word' id='word_1_240' title='bbox 570 3046 765 3113; x_wconf 82' lang='lat' dir='ltr'>adversarium,</span> <span class='ocrx_word' id='word_1_241' title='bbox 783 3046 838 3118; x_wconf 90' lang='lat' dir='ltr'>qui,</span> <span class='ocrx_word' id='word_1_242' title='bbox 859 3066 921 3101; x_wconf 92' lang='lat' dir='ltr'>cum</span> <span class='ocrx_word' id='word_1_243' title='bbox 940 3049 1057 3102; x_wconf 87' lang='lat' dir='ltr'>rationes</span> <span class='ocrx_word' id='word_1_244' title='bbox 1075 3050 1192 3102; x_wconf 81' lang='lat' dir='ltr'>refutare</span> <span class='ocrx_word' id='word_1_245' title='bbox 1206 3066 1261 3101; x_wconf 90' lang='lat' dir='ltr'>non</span> <span class='ocrx_word' id='word_1_246' title='bbox 1274 3067 1337 3119; x_wconf 87' lang='lat' dir='ltr'>pos-</span> 
     </span>
     <span class='ocr_line' id='line_1_28' title="bbox 285 3133 1336 3206; baseline 0.002 -20"><span class='ocrx_word' id='word_1_247' title='bbox 285 3134 334 3199; x_wconf 89' lang='lat' dir='ltr'>sit,</span> <span class='ocrx_word' id='word_1_248' title='bbox 352 3147 474 3189; x_wconf 85' lang='lat' dir='ltr'>auctores</span> <span class='ocrx_word' id='word_1_249' title='bbox 493 3155 586 3189; x_wconf 90' lang='lat' dir='ltr'>earum</span> <span class='ocrx_word' id='word_1_250' title='bbox 604 3133 688 3189; x_wconf 88' lang='lat' dir='ltr'>elevat</span> <span class='ocrx_word' id='word_1_251' title='bbox 705 3145 786 3206; x_wconf 87' lang='lat' dir='ltr'>atque</span> <span class='ocrx_word' id='word_1_252' title='bbox 805 3136 962 3190; x_wconf 89' lang='lat' dir='ltr'>contemnit.</span> <span class='ocrx_word' id='word_1_253' title='bbox 999 3135 1096 3190; x_wconf 86' lang='lat' dir='ltr'>Cicero</span> <span class='ocrx_word' id='word_1_254' title='bbox 1114 3147 1204 3189; x_wconf 87' lang='lat' dir='ltr'>autem</span> <span class='ocrx_word' id='word_1_255' title='bbox 1224 3154 1272 3206; x_wconf 92' lang='lat' dir='ltr'>per</span> <span class='ocrx_word' id='word_1_256' title='bbox 1292 3136 1336 3188; x_wconf 92' lang='lat' dir='ltr'>in·</span> 
     </span>
     <span class='ocr_line' id='line_1_29' title="bbox 286 3222 1337 3296; baseline 0.006 -27"><span class='ocrx_word' id='word_1_257' title='bbox 286 3222 432 3275; x_wconf 77' lang='lat' dir='ltr'>versionem</span> <span class='ocrx_word' id='word_1_258' title='bbox 461 3224 576 3277; x_wconf 85' lang='lat' dir='ltr'>rationes</span> <span class='ocrx_word' id='word_1_259' title='bbox 599 3243 659 3276; x_wconf 85' lang='lat' dir='ltr'>suas</span> <span class='ocrx_word' id='word_1_260' title='bbox 683 3222 776 3275; x_wconf 84' lang='lat' dir='ltr'>eadem</span> <span class='ocrx_word' id='word_1_261' title='bbox 801 3225 972 3291; x_wconf 87' lang='lat' dir='ltr'>auctoritate,</span> <span class='ocrx_word' id='word_1_262' title='bbox 1006 3243 1087 3296; x_wconf 89' lang='lat' dir='ltr'>quam</span> <span class='ocrx_word' id='word_1_263' title='bbox 1112 3223 1157 3276; x_wconf 89' lang='lat' dir='ltr'>ille</span> <span class='ocrx_word' id='word_1_264' title='bbox 1180 3223 1337 3286; x_wconf 85' lang='lat' dir='ltr'>contemnit,</span> 
     </span>
     <span class='ocr_line' id='line_1_30' title="bbox 287 3309 1338 3382; baseline -0.002 -19"><span class='ocrx_word' id='word_1_265' title='bbox 287 3309 437 3363; x_wconf 83' lang='lat' dir='ltr'>confirmat.</span> <span class='ocrx_word' id='word_1_266' title='bbox 474 3311 544 3379; x_wconf 89' lang='lat' dir='ltr'>Quis</span> <span class='ocrx_word' id='word_1_267' title='bbox 561 3314 633 3363; x_wconf 85' lang='lat' dir='ltr'>enim</span> <span class='ocrx_word' id='word_1_268' title='bbox 653 3321 747 3382; x_wconf 80' lang='lat' dir='ltr'>negat,</span> <span class='ocrx_word' id='word_1_269' title='bbox 768 3312 845 3364; x_wconf 89' lang='lat' dir='ltr'>bonis</span> <span class='ocrx_word' id='word_1_270' title='bbox 863 3323 890 3365; x_wconf 88' lang='lat' dir='ltr'>et</span> <span class='ocrx_word' id='word_1_271' title='bbox 907 3312 1071 3382; x_wconf 79' lang='lat' dir='ltr'>sapientibus</span> <span class='ocrx_word' id='word_1_272' title='bbox 1095 3311 1156 3363; x_wconf 84' lang='lat' dir='ltr'>viris</span> <span class='ocrx_word' id='word_1_273' title='bbox 1174 3309 1338 3364; x_wconf 88' lang='lat' dir='ltr'>credendum</span> 
     </span>
     <span class='ocr_line' id='line_1_31' title="bbox 283 3395 1338 3468; baseline -0.004 -17"><span class='ocrx_word' id='word_1_274' title='bbox 283 3417 339 3451; x_wconf 88' lang='lat' dir='ltr'>esse</span> <span class='ocrx_word' id='word_1_275' title='bbox 369 3397 473 3468; x_wconf 88' lang='lat' dir='ltr'>potius,</span> <span class='ocrx_word' id='word_1_276' title='bbox 506 3415 587 3467; x_wconf 90' lang='lat' dir='ltr'>quam</span> <span class='ocrx_word' id='word_1_277' title='bbox 613 3396 771 3463; x_wconf 84' lang='lat' dir='ltr'>lenonibus,</span> <span class='ocrx_word' id='word_1_278' title='bbox 799 3397 895 3450; x_wconf 88' lang='lat' dir='ltr'>baiulis</span> <span class='ocrx_word' id='word_1_279' title='bbox 919 3409 946 3450; x_wconf 90' lang='lat' dir='ltr'>et</span> <span class='ocrx_word' id='word_1_280' title='bbox 972 3396 1144 3467; x_wconf 84' lang='lat' dir='ltr'>operariis?“</span> <span class='ocrx_word' id='word_1_281' title='bbox 1177 3395 1209 3447; x_wconf 90' lang='grc'><strong>11.</strong></span> <span class='ocrx_word' id='word_1_282' title='bbox 1234 3395 1338 3447; x_wconf 86' lang='lat' dir='ltr'>wott.</span> 
     </span>
     <span class='ocr_line' id='line_1_32' title="bbox 282 3480 1337 3553; baseline -0.007 -15"><span class='ocrx_word' id='word_1_283' title='bbox 282 3486 352 3552; x_wconf 85' lang='lat' dir='ltr'>„Est</span> <span class='ocrx_word' id='word_1_284' title='bbox 369 3483 510 3536; x_wconf 81' lang='lat' dir='ltr'>adversarii</span> <span class='ocrx_word' id='word_1_285' title='bbox 529 3483 678 3536; x_wconf 90' lang='lat' dir='ltr'>obiicientis</span> <span class='ocrx_word' id='word_1_286' title='bbox 694 3481 760 3535; x_wconf 86' lang='lat' dir='ltr'>baec</span> <span class='ocrx_word' id='word_1_287' title='bbox 789 3493 815 3536; x_wconf 90' lang='lat' dir='ltr'>et</span> <span class='ocrx_word' id='word_1_288' title='bbox 836 3482 910 3553; x_wconf 88' lang='lat' dir='ltr'>quasi</span> <span class='ocrx_word' id='word_1_289' title='bbox 936 3481 1049 3534; x_wconf 86' lang='lat' dir='ltr'>dicentis</span> <span class='ocrx_word' id='word_1_290' title='bbox 1067 3481 1132 3533; x_wconf 87' lang='lat' dir='ltr'>baec</span> <span class='ocrx_word' id='word_1_291' title='bbox 1155 3499 1211 3532; x_wconf 85' lang='lat' dir='ltr'>esse</span> <span class='ocrx_word' id='word_1_292' title='bbox 1230 3498 1289 3533; x_wconf 76' lang='lat' dir='ltr'>vera</span> <span class='ocrx_word' id='word_1_293' title='bbox 1309 3480 1337 3532; x_wconf 92' lang='lat' dir='ltr'>in</span> 
     </span>
     <span class='ocr_line' id='line_1_33' title="bbox 284 3564 1338 3646; baseline -0.009 -20"><span class='ocrx_word' id='word_1_294' title='bbox 284 3569 508 3646; x_wconf 82' lang='lat' dir='ltr'>pbilosophorum</span> <span class='ocrx_word' id='word_1_295' title='bbox 527 3569 640 3636; x_wconf 87' lang='lat' dir='ltr'>scboiis,</span> <span class='ocrx_word' id='word_1_296' title='bbox 660 3589 711 3624; x_wconf 89' lang='lat' dir='ltr'>nec</span> <span class='ocrx_word' id='word_1_297' title='bbox 727 3588 791 3623; x_wconf 80' lang='lat' dir='ltr'>vero</span> <span class='ocrx_word' id='word_1_298' title='bbox 810 3570 837 3622; x_wconf 91' lang='lat' dir='ltr'>in</span> <span class='ocrx_word' id='word_1_299' title='bbox 857 3569 908 3621; x_wconf 81' lang='lat' dir='ltr'>vita</span> <span class='ocrx_word' id='word_1_300' title='bbox 927 3567 1065 3622; x_wconf 88' lang='lat' dir='ltr'>communi</span> <span class='ocrx_word' id='word_1_301' title='bbox 1085 3577 1111 3621; x_wconf 90' lang='lat' dir='ltr'>et</span> <span class='ocrx_word' id='word_1_302' title='bbox 1129 3566 1246 3619; x_wconf 84' lang='lat' dir='ltr'>veritate.</span> <span class='ocrx_word' id='word_1_303' title='bbox 1291 3564 1338 3618; x_wconf 90' lang='lat' dir='ltr'>Ci-</span> 
     </span>
     <span class='ocr_line' id='line_1_34' title="bbox 283 3652 1340 3731; baseline -0.009 -17"><span class='ocrx_word' id='word_1_304' title='bbox 283 3680 348 3714; x_wconf 87' lang='lat' dir='ltr'>cero</span> <span class='ocrx_word' id='word_1_305' title='bbox 369 3658 514 3730; x_wconf 87' lang='lat' dir='ltr'>respondet</span> <span class='ocrx_word' id='word_1_306' title='bbox 537 3658 654 3711; x_wconf 90' lang='lat' dir='ltr'>oratorie</span> <span class='ocrx_word' id='word_1_307' title='bbox 681 3669 707 3711; x_wconf 91' lang='lat' dir='ltr'>et</span> <span class='ocrx_word' id='word_1_308' title='bbox 727 3658 801 3731; x_wconf 89' lang='lat' dir='ltr'>quasi</span> <span class='ocrx_word' id='word_1_309' title='bbox 827 3658 947 3712; x_wconf 87' lang='lat' dir='ltr'>cornice:</span> <span class='ocrx_word' id='word_1_310' title='bbox 975 3655 1144 3720; x_wconf 81' lang='lat' dir='ltr'>Metuebant,</span> <span class='ocrx_word' id='word_1_311' title='bbox 1175 3673 1209 3707; x_wconf 86' lang='lat' dir='ltr'>ne</span> <span class='ocrx_word' id='word_1_312' title='bbox 1238 3652 1340 3707; x_wconf 88' lang='lat' dir='ltr'>diceres</span> 
     </span>
     <span class='ocr_line' id='line_1_35' title="bbox 283 3742 1338 3816; baseline -0.006 -14"><span class='ocrx_word' id='word_1_313' title='bbox 283 3750 348 3802; x_wconf 86' lang='lat' dir='ltr'>haec</span> <span class='ocrx_word' id='word_1_314' title='bbox 367 3766 411 3799; x_wconf 90' lang='lat' dir='ltr'>me</span> <span class='ocrx_word' id='word_1_315' title='bbox 429 3746 598 3816; x_wconf 86' lang='lat' dir='ltr'>sumpsissea</span> <span class='ocrx_word' id='word_1_316' title='bbox 617 3746 767 3800; x_wconf 85' lang='lat' dir='ltr'>lenonibus.</span> <span class='ocrx_word' id='word_1_317' title='bbox 807 3748 865 3800; x_wconf 85' lang='lat' dir='ltr'>Hoc</span> <span class='ocrx_word' id='word_1_318' title='bbox 881 3746 952 3799; x_wconf 89' lang='lat' dir='ltr'>enim</span> <span class='ocrx_word' id='word_1_319' title='bbox 971 3744 1087 3798; x_wconf 87' lang='lat' dir='ltr'>absurdo</span> <span class='ocrx_word' id='word_1_320' title='bbox 1105 3742 1181 3797; x_wconf 77' lang='lat' dir='ltr'>solvit</span> <span class='ocrx_word' id='word_1_321' title='bbox 1194 3743 1338 3796; x_wconf 86' lang='lat' dir='ltr'>absurdum</span> 
     </span>
     <span class='ocr_line' id='line_1_36' title="bbox 284 3833 1340 3908; baseline -0.005 -19"><span class='ocrx_word' id='word_1_322' title='bbox 284 3834 438 3898; x_wconf 76' lang='lat' dir='ltr'>adversarii,</span> <span class='ocrx_word' id='word_1_323' title='bbox 467 3835 541 3906; x_wconf 86' lang='lat' dir='ltr'>quasi</span> <span class='ocrx_word' id='word_1_324' title='bbox 561 3855 591 3888; x_wconf 87' lang='lat' dir='ltr'>ea</span> <span class='ocrx_word' id='word_1_325' title='bbox 612 3855 681 3908; x_wconf 87' lang='lat' dir='ltr'>quae</span> <span class='ocrx_word' id='word_1_326' title='bbox 707 3834 905 3907; x_wconf 86' lang='lat' dir='ltr'>aphilosopbis</span> <span class='ocrx_word' id='word_1_327' title='bbox 928 3844 1114 3898; x_wconf 83' lang='lat' dir='ltr'>sumerentur,</span> <span class='ocrx_word' id='word_1_328' title='bbox 1141 3833 1228 3886; x_wconf 86' lang='lat' dir='ltr'>minus</span> <span class='ocrx_word' id='word_1_329' title='bbox 1254 3843 1340 3886; x_wconf 85' lang='lat' dir='ltr'>essent</span> 
     </span>
     <span class='ocr_line' id='line_1_37' title="bbox 285 3923 1174 3996; baseline 0.002 -24"><span class='ocrx_word' id='word_1_330' title='bbox 285 3942 359 3989; x_wconf 82' lang='lat' dir='ltr'>vera,</span> <span class='ocrx_word' id='word_1_331' title='bbox 379 3941 460 3993; x_wconf 87' lang='lat' dir='ltr'>quam</span> <span class='ocrx_word' id='word_1_332' title='bbox 480 3942 548 3993; x_wconf 89' lang='lat' dir='ltr'>quae</span> <span class='ocrx_word' id='word_1_333' title='bbox 567 3942 581 3976; x_wconf 87' lang='lat' dir='ltr'>e</span> <span class='ocrx_word' id='word_1_334' title='bbox 600 3923 701 3996; x_wconf 79' lang='lat' dir='ltr'>vulgari</span> <span class='ocrx_word' id='word_1_335' title='bbox 720 3925 770 3978; x_wconf 88' lang='lat' dir='ltr'>vita</span> <span class='ocrx_word' id='word_1_336' title='bbox 790 3926 974 3995; x_wconf 83' lang='lat' dir='ltr'>peterentur.“</span> <span class='ocrx_word' id='word_1_337' title='bbox 993 3924 1031 3973; x_wconf 91' lang='lat' dir='ltr'>W</span> <span class='ocrx_word' id='word_1_338' title='bbox 1038 3923 1174 3994; x_wconf 78' lang='lat' dir='ltr'>yttenb.</span> 
     </span>
    </p>

    <p class='ocr_par' dir='ltr' id='par_1_6' title="bbox 284 4007 1340 4524">
     <span class='ocr_line' id='line_1_38' title="bbox 355 4007 1337 4083; baseline 0.001 -24"><span class='ocrx_word' id='word_1_339' title='bbox 355 4010 458 4081; x_wconf 85' lang='lat' dir='ltr'>inquit,</span> <span class='ocrx_word' id='word_1_340' title='bbox 478 4012 533 4062; x_wconf 87' lang='lat' dir='ltr'>istn</span> <span class='ocrx_word' id='word_1_341' title='bbox 551 4013 656 4079; x_wconf 74' lang='lat' dir='ltr'>sumis]</span> <span class='ocrx_word' id='word_1_342' title='bbox 694 4011 771 4065; x_wconf 90' lang='lat' dir='ltr'>Unus</span> <span class='ocrx_word' id='word_1_343' title='bbox 789 4011 839 4065; x_wconf 81' lang='grc' dir='ltr'><strong>Οι.</strong></span> <span class='ocrx_word' id='word_1_344' title='bbox 858 4030 887 4073; x_wconf 84' lang='grc' dir='ltr'><strong>ψ.</strong></span> <span class='ocrx_word' id='word_1_345' title='bbox 906 4012 1053 4083; x_wconf 81' lang='lat' dir='ltr'>inquisita,</span> <span class='ocrx_word' id='word_1_346' title='bbox 1077 4009 1149 4063; x_wconf 89' lang='lat' dir='ltr'>unde</span> <span class='ocrx_word' id='word_1_347' title='bbox 1177 4007 1279 4062; x_wconf 88' lang='lat' dir='ltr'>Gernb.</span> <span class='ocrx_word' id='word_1_348' title='bbox 1311 4027 1337 4060; x_wconf 88' lang='lat' dir='ltr'>se</span> 
     </span>
     <span class='ocr_line' id='line_1_39' title="bbox 286 4096 1340 4167; baseline -0.005 -17"><span class='ocrx_word' id='word_1_349' title='bbox 286 4116 430 4167; x_wconf 82' lang='lat' dir='ltr'>agnoscere</span> <span class='ocrx_word' id='word_1_350' title='bbox 454 4096 490 4151; x_wconf 85' lang='lat' dir='ltr'>ait</span> <span class='ocrx_word' id='word_1_351' title='bbox 515 4098 542 4151; x_wconf 87' lang='lat' dir='ltr'>in</span> <span class='ocrx_word' id='word_1_352' title='bbox 573 4100 745 4153; x_wconf 87' lang='lat' dir='ltr'>annotatione</span> <span class='ocrx_word' id='word_1_353' title='bbox 773 4120 860 4153; x_wconf 82' lang='lat' dir='ltr'>veram</span> <span class='ocrx_word' id='word_1_354' title='bbox 888 4098 1026 4153; x_wconf 85' lang='lat' dir='ltr'>Ciceronis</span> <span class='ocrx_word' id='word_1_355' title='bbox 1053 4116 1181 4164; x_wconf 91' lang='lat' dir='ltr'>manum,</span> <span class='ocrx_word' id='word_1_356' title='bbox 1211 4096 1340 4167; x_wconf 80' lang='lat' dir='ltr'>inquis,</span> 
     </span>
     <span class='ocr_line' id='line_1_40' title="bbox 284 4180 1339 4257; baseline -0.002 -22"><span class='ocrx_word' id='word_1_357' title='bbox 284 4187 351 4250; x_wconf 85' lang='lat' dir='ltr'>ista,</span> <span class='ocrx_word' id='word_1_358' title='bbox 372 4205 453 4257; x_wconf 88' lang='lat' dir='ltr'>quam</span> <span class='ocrx_word' id='word_1_359' title='bbox 467 4186 605 4241; x_wconf 75' lang='lat' dir='ltr'>exhibeant</span> <span class='ocrx_word' id='word_1_360' title='bbox 626 4199 678 4242; x_wconf 89' lang='lat' dir='ltr'>tres</span> <span class='ocrx_word' id='word_1_361' title='bbox 697 4187 802 4252; x_wconf 74' lang='lat' dir='ltr'>tudini,</span> <span class='ocrx_word' id='word_1_362' title='bbox 827 4187 895 4239; x_wconf 87' lang='lat' dir='ltr'>Edd.</span> <span class='ocrx_word' id='word_1_363' title='bbox 915 4185 1011 4239; x_wconf 84' lang='lat' dir='ltr'>Graer.</span> <span class='ocrx_word' id='word_1_364' title='bbox 1031 4185 1110 4238; x_wconf 82' lang='lat' dir='ltr'>Face.</span> <span class='ocrx_word' id='word_1_365' title='bbox 1129 4183 1233 4235; x_wconf 85' lang='lat' dir='ltr'>Ernest.</span> <span class='ocrx_word' id='word_1_366' title='bbox 1253 4180 1339 4251; x_wconf 83' lang='lat' dir='ltr'>Lugd.</span> 
     </span>
     <span class='ocr_line' id='line_1_41' title="bbox 285 4271 1338 4344; baseline -0.002 -21"><span class='ocrx_word' id='word_1_367' title='bbox 285 4274 363 4328; x_wconf 84' lang='grc'><strong>1556.</strong></span> <span class='ocrx_word' id='word_1_368' title='bbox 399 4273 507 4326; x_wconf 88' lang='lat' dir='ltr'>Poterat</span> <span class='ocrx_word' id='word_1_369' title='bbox 526 4275 623 4328; x_wconf 88' lang='lat' dir='ltr'>addere</span> <span class='ocrx_word' id='word_1_370' title='bbox 642 4275 675 4329; x_wconf 87' lang='grc' dir='ltr'><strong>Η.</strong></span> <span class='ocrx_word' id='word_1_371' title='bbox 692 4276 777 4328; x_wconf 87' lang='lat' dir='ltr'>Wott.</span> <span class='ocrx_word' id='word_1_372' title='bbox 799 4275 868 4329; x_wconf 77' lang='lat' dir='ltr'>Aut.</span> <span class='ocrx_word' id='word_1_373' title='bbox 887 4275 944 4326; x_wconf 81' lang='lat' dir='ltr'>Tei.</span> <span class='ocrx_word' id='word_1_374' title='bbox 962 4273 1038 4344; x_wconf 77' lang='lat' dir='ltr'>syth.</span> <span class='ocrx_word' id='word_1_375' title='bbox 1055 4271 1116 4323; x_wconf 76' lang='lat' dir='ltr'>Atd.</span> <span class='ocrx_word' id='word_1_376' title='bbox 1129 4273 1207 4324; x_wconf 85' lang='grc'><strong>1548.</strong></span> <span class='ocrx_word' id='word_1_377' title='bbox 1219 4279 1245 4322; x_wconf 89' lang='lat' dir='ltr'>et</span> <span class='ocrx_word' id='word_1_378' title='bbox 1258 4272 1338 4323; x_wconf 78' lang='lat'><strong>1552.</strong></span> 
     </span>
     <span class='ocr_line' id='line_1_42' title="bbox 286 4358 1338 4431; baseline 0 -18"><span class='ocrx_word' id='word_1_379' title='bbox 286 4360 362 4419; x_wconf 79' lang='lat' dir='ltr'>Boni.</span> <span class='ocrx_word' id='word_1_380' title='bbox 381 4362 493 4416; x_wconf 82' lang='lat' dir='ltr'>Lambb.</span> <span class='ocrx_word' id='word_1_381' title='bbox 513 4363 591 4418; x_wconf 90' lang='lat' dir='ltr'>Grut.</span> <span class='ocrx_word' id='word_1_382' title='bbox 611 4364 699 4418; x_wconf 87' lang='lat' dir='ltr'>Gron.</span> <span class='ocrx_word' id='word_1_383' title='bbox 718 4365 799 4418; x_wconf 88' lang='lat' dir='ltr'>Verb.</span> <span class='ocrx_word' id='word_1_384' title='bbox 819 4364 891 4417; x_wconf 82' lang='lat' dir='ltr'>Otiv.</span> <span class='ocrx_word' id='word_1_385' title='bbox 912 4365 997 4415; x_wconf 80' lang='lat' dir='ltr'>Wete.</span> <span class='ocrx_word' id='word_1_386' title='bbox 1017 4359 1104 4413; x_wconf 82' lang='lat' dir='ltr'>Schtz.</span> <span class='ocrx_word' id='word_1_387' title='bbox 1148 4358 1201 4412; x_wconf 85' lang='lat' dir='ltr'>Sed</span> <span class='ocrx_word' id='word_1_388' title='bbox 1227 4361 1282 4431; x_wconf 89' lang='lat' dir='ltr'>ipse</span> <span class='ocrx_word' id='word_1_389' title='bbox 1310 4361 1338 4413; x_wconf 90' lang='lat' dir='ltr'>in</span> 
     </span>
     <span class='ocr_line' id='line_1_43' title="bbox 287 4447 1338 4524; baseline 0 -24"><span class='ocrx_word' id='word_1_390' title='bbox 287 4447 421 4505; x_wconf 77' lang='lat' dir='ltr'>Addendis</span> <span class='ocrx_word' id='word_1_391' title='bbox 444 4450 511 4506; x_wconf 86' lang='lat' dir='ltr'>baec</span> <span class='ocrx_word' id='word_1_392' title='bbox 535 4451 671 4524; x_wconf 82' lang='lat' dir='ltr'>apposuit:</span> <span class='ocrx_word' id='word_1_393' title='bbox 701 4451 788 4518; x_wconf 86' lang='lat' dir='ltr'>‚,Tbo.</span> <span class='ocrx_word' id='word_1_394' title='bbox 814 4449 951 4505; x_wconf 81' lang='lat' dir='ltr'>Rentleius</span> <span class='ocrx_word' id='word_1_395' title='bbox 977 4448 1067 4520; x_wconf 78' lang='lat' dir='ltr'>patrui</span> <span class='ocrx_word' id='word_1_396' title='bbox 1092 4448 1249 4503; x_wconf 84' lang='lat' dir='ltr'>auctoritate</span> <span class='ocrx_word' id='word_1_397' title='bbox 1275 4466 1338 4502; x_wconf 86' lang='lat' dir='ltr'>cum</span> 
     </span>
    </p>
   </div>
   <div class='ocr_carea' id='block_1_5' title="bbox 0 0 1741 5342">
    <p class='ocr_par' dir='ltr' id='par_1_7' title="bbox 0 0 1741 5342">
     <span class='ocr_line' id='line_1_44' title="bbox 0 0 1741 5342; baseline 0 0"><span class='ocrx_word' id='word_1_398' title='bbox 0 0 1741 5342; x_wconf 95' lang='lat' dir='ltr'> </span> 
     </span>
    </p>
   </div>
  </div>
 </body>
</html>
