3450 5342
315 645 363 719 28
640 668 813 717 ernincia
840 667 1033 717 srorconmr.
1394 706 1402 765 ι

229 794 234 803 ¹
273 882 278 890 .
314 840 397 918 vult,
424 786 504 920 plus·
522 837 610 920 apud
635 855 690 903 me
715 832 858 928 [tamen]
884 854 965 903 vera
992 837 1077 900 ratio
1099 836 1244 914 valebit,
1271 852 1365 917 quam

314 981 402 1062 vulgi
428 979 562 1062 opinio:
592 997 701 1060 neque
730 997 793 1060 ego
820 995 967 1060 unquam
993 977 1082 1041 bona
1105 976 1364 1058 perdidisse-di-

312 1139 404 1199 cam,
434 1122 462 1185 si
498 1121 554 1203 qui
584 1137 684 1202 pecus
714 1122 770 1185 aut
795 1117 1033 1213 supellectilem
1059 1118 1226 1182 amiserit:
1259 1136 1361 1201 neque

312 1264 381 1320 no'n
409 1271 509 1336 saepe
534 1255 678 1320 laudabo
704 1256 887 1338 sapientem
913 1255 1016 1331 illum,
1042 1252 1204 1333 Biantem,
1230 1260 1269 1319 ut
1295 1256 1361 1353 opi-¹

314 1410 394 1470 nor,
425 1391 482 1473 qui
507 1396 701 1456 numeratur
728 1391 762 1453 in
787 1392 932 1471 septem:
973 1388 1066 1471 cujus
1094 1404 1198 1469 quum
1225 1389 1359 1471 patriam

314 1528 455 1592 Prienen
490 1528 629 1609 cepisset
665 1525 787 1603 bostis,
820 1524 988 1604 ceterique
1026 1524 1073 1586 ita
1116 1522 1289 1603 fugerent,
1331 1530 1360 1586 ut

314 1663 417 1728 multu
442 1662 484 1727 de
509 1663 576 1727 suis
602 1663 702 1727 rebus
736 1676 849 1725 secum
882 1660 1109 1741 asportarent,
1141 1675 1247 1741 quum
1284 1662 1360 1723 esset

315 1763 502 1865 admonit&
528 1816 549 1865 a
570 1798 725 1880 quodam,
751 1800 788 1860 ut
804 1796 893 1860 idem
908 1796 980 1878 ipse
997 1794 1139 1859 iaceret:
1164 1789 1251 1883 Ego
1270 1814 1362 1875 vero,

316 1901 431 2015 influit,
453 1929 584 2020 focio:
609 1954 697 1998 nam
718 1927 844 1996 omnia
870 1950 1012 1996 naccum
1034 1937 1147 2019 porto
1165 1950 1262 2001 mem
1311 1912 1396 2051 lile]

316 2071 400 2135 baec
424 2068 567 2134 ludibria
591 2067 746 2133 fortunae
771 2082 813 2129 ne
848 2081 910 2130 sua
936 2064 1069 2146 quidem
1105 2065 1251 2147 putavit,
1287 2081 1362 2145 quae

315 2221 379 2269 nos
405 2205 609 2287 appellamus
635 2204 734 2268 etiam
759 2204 859 2266 bona.
913 2199 1002 2280 Quid
1027 2206 1077 2266 est
1111 2201 1230 2282 igitur,
1267 2221 1362 2284 quae-

318 2345 369 2406 ret
392 2341 527 2422 aliquis,
554 2340 704 2406 bonum‘l
756 2339 791 2405 Si
825 2338 905 2420 quid
931 2343 1020 2402 recte
1042 2338 1079 2402 llt
1111 2342 1144 2402 et
1173 2339 1313 2405 boncste
1336 2344 1362 2403 ct

317 2495 393 2543 cum
408 2478 537 2557 rimante,
563 2478 597 2542 id
617 2477 703 2542 bene
720 2477 793 2542 lieri
812 2493 891 2540 vere
908 2475 1042 2539 dicitur:
1068 2446 1111 2553 et,
1134 2476 1227 2556 quod
1246 2480 1363 2541 rectum

318 2620 351 2679 el
374 2616 551 2682 honestum
576 2619 609 2678 et
634 2631 710 2679 cum
735 2614 855 2679 virtute
881 2615 947 2689 ost,
972 2609 1006 2673 id
1032 2610 1141 2673 solum
1164 2611 1288 2692 opinor
1307 2613 1363 2677 bo-

268 2764 405 2817 mnum.
458 2750 523 2829 Sed
548 2752 632 2816 baec
657 2750 762 2818 videri
787 2752 926 2832 possunt
942 2747 1148 2824 obscuriora,
1169 2766 1274 2830 quum
1297 2751 1363 2815 len·

318 2888 381 2953 tius
415 2887 636 2969 disputantur:
688 2887 756 2951 vita
788 2889 893 2966 atque
932 2882 1027 2947 lactis
1058 2883 1255 2951 illustranda
1283 2888 1397 2977 suuis

318 3037 524 3085 summorum
551 3021 698 3085 virorum
719 3021 813 3097 haec,
840 3035 925 3100 quae
948 3019 1058 3083 verbis
1083 3019 1246 3102 subtilius,
1272 3038 1365 3105 quam

318 3163 396 3227 satis
423 3166 488 3239 est,
514 3160 672 3242 disputari
699 3161 859 3227 videntur.
925 3157 1061 3237 Quaero
1097 3162 1186 3227 enim
1218 3164 1364 3243 anobis,

318 3314 399 3361 uum
433 3297 536 3362 ullam
571 3298 809 3378 cogitationem
841 3298 997 3363 babuisse
1030 3298 1206 3363 videantur
1240 3299 1284 3380 ii,
1315 3300 1366 3383 qui

318 3435 404 3498 hanc
429 3450 500 3498 rem
526 3434 692 3517 publicam
714 3439 783 3501 tam
808 3436 979 3516 praeclare
1002 3433 1174 3499 fundatam
1195 3438 1296 3503 nobis
1316 3452 1365 3501 ro·

317 3570 492 3650 liquerunt,
519 3576 576 3636 aut
602 3572 675 3638 auri
701 3577 734 3636 et
760 3571 888 3652 argenti
904 3569 948 3635 ad
967 3570 1150 3648 avaritiam,
1177 3575 1235 3637 ant
1255 3590 1366 3638 amoe-

319 3706 457 3769 nitatum
482 3706 525 3770 ad
551 3706 818 3783 delectationem,
842 3666 899 3769 aut
923 3706 1133 3787 supellectilis
1160 3708 1203 3773 ad
1228 3708 1368 3787 delicias,

290 3846 376 3906 ¹aut
411 3840 586 3921 epularum
625 3842 668 3906 ad
711 3843 920 3924 voluptates?
988 3842 1104 3906 Ponite
1139 3845 1217 3907 ante
1255 3845 1368 3911 omlos

319 3993 587 4059 unumquemque
612 3995 737 4060 regum.
795 3978 901 4045 Vultis
926 3996 948 4044 a
972 3979 1139 4045 Romulo?
1173 3981 1273 4047 vultis
1298 3984 1371 4065 post

317 4116 457 4180 liberam
480 4115 654 4196 civitatem,
678 4117 721 4182 ab
744 4117 784 4180 ils
810 4118 901 4199 ipsis,
924 4118 980 4198 qui
999 4117 1225 4182 liberaverunt
1250 4114 1371 4207 [eam]l

319 4249 447 4326 Quibus
474 4251 608 4317 tandem
634 4254 788 4334 gradibus
812 4255 972 4320 Romulus
998 4253 1145 4319 escendit
1162 4256 1205 4319 in
1218 4258 1374 4323 caeluml

238 4444 240 4451 .
320 4386 419 4467 iisne,
446 4407 533 4470 quae
558 4391 611 4456 isti
632 4393 722 4459 bona
745 4391 932 4474 appellant?
959 4407 1003 4455 an
1028 4392 1128 4457 rebus
1153 4393 1254 4475 gestu
1274 4397 1376 4477 atque
