3450 5342
626 674 668 751 ao
692 704 890 753 aaaao‘oxon
910 703 954 766 vt,
983 676 1012 747 2ss
1271 683 1345 758 363

290 864 465 917 annotatione
493 865 526 917 ad
552 884 574 918 r.
601 864 765 919 recordetur.
814 863 884 917 Cum
914 882 976 918 aero
1001 864 1158 935 Borgersius
1185 865 1345 922 simillimam

291 950 432 1022 enallagen
452 971 481 1004 ea
500 951 550 1006 Or.
567 951 633 1005 Phil.
652 947 686 1017 ll,
703 954 747 1006 16.
775 952 922 1006 laudaverit
949 971 1064 1024 eamque
1092 952 1228 1005 defensam
1253 974 1346 1010 essee

291 1037 441 1093 Garatonio
459 1041 493 1093 ad
512 1060 573 1093 eum
592 1039 682 1094 locum
702 1039 810 1106 dixerit,
842 1039 896 1093 huc
914 1039 1128 1093 translerendum
1153 1040 1229 1092 illum
1257 1040 1346 1094 locum

290 1146 354 1181 cum
373 1129 547 1182 annotatione
566 1129 702 1194 duximus,
725 1139 770 1194 ut,
797 1146 867 1199 quae
885 1127 939 1181 huc
957 1129 1072 1194 iaciant,
1101 1128 1212 1183 collecta
1234 1129 1347 1186 babeant

290 1214 410 1269 lectores.
446 1217 532 1271 Locus
551 1230 602 1271 est:
624 1218 709 1288 Velim
728 1218 793 1268 milri
811 1218 929 1284 dicas,
948 1246 983 1257 —
1001 1221 1034 1272 L.
1058 1218 1197 1270 Turselius
1217 1237 1272 1290 qua
1292 1220 1346 1290 fa-

289 1304 329 1354 cie
341 1305 449 1375 fuerit,
471 1335 512 1358 -.
557 1306 636 1357 Nitrit
652 1307 723 1371 scio,
742 1306 899 1376 inquies,
924 1305 978 1357 nisi
994 1323 1063 1376 quus
1078 1305 1193 1375 praedia
1211 1305 1346 1360 habuerit.
1369 1348 1370 1351 ¹

290 1393 383 1460 Igitur
395 1393 517 1463 fratrem
533 1395 716 1459 exheredans,
736 1405 769 1444 te
781 1392 908 1464 faciebat
927 1393 1055 1447 heredem.
1093 1397 1128 1445 In
1146 1392 1249 1446 multas
1264 1410 1346 1463 prae-

289 1491 364 1532 terea
380 1482 509 1548 pecunias
528 1482 752 1534 alienissimorum
771 1482 915 1544 dominum,
933 1482 1026 1533 eiectis
1040 1482 1111 1533 veris
1128 1480 1270 1534 heredibus
1281 1491 1345 1533 tam

289 1584 371 1635 quam
391 1569 467 1621 lieres
485 1580 595 1634 esset,
612 1572 623 1620 i
629 1571 731 1622 nuasi
737 1579 758 1623 t.
802 1571 972 1641 Quamquam
991 1570 1041 1622 liae
1059 1570 1173 1621 proxime
1192 1571 1344 1623 admiratus

287 1675 364 1719 sum,
383 1658 538 1709 mentionem
557 1669 592 1709 te
610 1658 793 1710 hereditatum
810 1676 909 1710 ausum
926 1675 983 1711 esse
990 1657 1102 1728 faeere,
1120 1675 1203 1728 quum
1220 1658 1277 1728 ipse
1295 1659 1342 1709 lte-

289 1745 432 1797 rede'tatem
448 1747 539 1814 patris
556 1765 609 1798 non
627 1748 774 1803 adisses,
823 1745 881 1801 lloe
911 1746 993 1817 igitur
1010 1745 1071 1799 loco
1095 1745 1276 1816 lleusingerus
1293 1744 1343 1814 (lo.

257 1871 259 1874 >
288 1831 398 1901 liliola),
417 1835 450 1885 ab
469 1832 629 1888 Heumanno
647 1836 776 1902 monitus,
803 1835 946 1906 legendum
965 1833 1082 1887 censuitr
1108 1843 1240 1905 tanquam
1268 1833 1344 1884 tiaras

286 1910 396 1986 esses,
415 1923 599 1976 invasisti.
638 1923 678 1976 Ad
699 1942 780 1996 quarn
800 1922 983 1976 coniecturam
1003 1920 1178 1986 Garatonius,
1207 1918 1282 1988 „sie
1301 1918 1344 1971 in·

288 2007 364 2078 quit,
383 2008 484 2063 solebat
501 2011 691 2064 lleumannus:
718 2012 763 2065 sed
783 2012 868 2066 miror
887 2010 1026 2082 prudentis
1043 2009 1090 2061 riri
1117 2008 1250 2063 calculum
1269 2006 1345 2062 addi—

289 2105 355 2147 tum.
400 2094 470 2149 lluic
499 2097 607 2151 criticae
633 2099 772 2153 temeritati
801 2100 854 2151 iam
884 2118 934 2151 nos
961 2115 1104 2152 occurrere
1123 2095 1293 2149 meminimus
1311 2093 1343 2147 ad

289 2200 313 2234 c.
332 2186 375 2237 31.
395 2183 422 2236 in
443 2184 582 2252 Pisonem,
608 2187 653 2240 ubi
673 2187 739 2241 vide.
783 2187 912 2242 Similiter
938 2203 1018 2256 supra
1044 2201 1102 2256 cap.
1123 2189 1152 2238 t:
1178 2183 1244 2236 tibi
1269 2186 1345 2241 idem,

289 2273 362 2342 quod
379 2273 436 2326 illis
453 2275 567 2340 accidit,
597 2277 760 2347 contigisset.
807 2277 856 2330 Ad
873 2275 1041 2346 sepulturum
1068 2290 1163 2342 corpus
1182 2272 1272 2324 vitrici
1290 2273 1344 2324 sui

290 2372 398 2432 negat
417 2382 434 2412 a
455 2382 493 2414 me
512 2363 617 2419 datum.
668 2367 729 2415 Hac
747 2382 809 2417 uera
837 2380 870 2415 ne
888 2367 919 2416 P.
947 2363 1050 2435 quidem
1070 2360 1178 2414 Clodius
1202 2359 1344 2410 dixit'un·

290 2466 386 2520 quam:
406 2469 495 2520 quern,
521 2451 586 2521 quia
605 2452 664 2503 iure
680 2452 729 2519 fui
746 2453 771 2502 ei
788 2452 927 2510 inimicus,
955 2451 1117 2504 deleaute
1143 2449 1197 2500 iam
1222 2446 1342 2500 amnibus

289 2534 366 2586 vitiis
381 2554 438 2588 esse
455 2548 620 2605 superatum.
657 2534 723 2590 ltem
743 2538 813 2591 inira
834 2554 857 2595 e.
876 2541 920 2593 31.
938 2556 1001 2611 ergo
1019 2550 1051 2590 ut
1070 2549 1097 2590 te
1115 2539 1274 2590 catamitum
1291 2549 1341 2590 ete.

287 2623 527 2691 perturbasti.
578 2628 616 2678 Et
644 2627 714 2679 domi
743 2628 849 2700 quidem
875 2644 986 2680 causam
1014 2629 1111 2680 amoris
1137 2625 1264 2678 habuit
1290 2635 1340 2679 ete.
1379 2701 1381 2704 y

285 2711 437 2779 productus
455 2724 546 2765 eutem
565 2724 614 2768 etc.
632 2732 692 2767 eum
711 2717 904 2786 respondisses,
929 2728 957 2768 te
975 2717 1013 2768 rei
1040 2729 1106 2768 tuae
1128 2733 1213 2766 causa
1237 2715 1338 2765 uenisse

248 2820 253 2836 ·
288 2810 339 2853 etc.
375 2799 429 2852 Pro
447 2800 482 2868 Q.
500 2801 598 2856 Roscio
617 2806 649 2856 le
677 2805 752 2874 Quid
777 2806 819 2856 ita
839 2803 1074 2877 nonprofers?
1101 2823 1155 2857 nan
1183 2800 1338 2872 conficit

288 2887 421 2941 tabulas?
450 2890 502 2940 imo
518 2891 728 2961 diligentissima.
767 2895 828 2946 Non
855 2894 970 2965 refert
986 2910 1074 2963 parva
1093 2893 1199 2944 norriinu
1220 2893 1248 2941 in
1267 2889 1340 2941 cadi-

287 2975 365 3028 cem?
382 2987 431 3031 etc.
456 2980 584 3049 quamodo
601 2979 670 3032 tibi
688 2990 770 3033 tanta
782 2982 900 3052 pecunia
918 2981 1137 3033 extraordinaria
1155 2978 1249 3030 iacet?
1285 2977 1338 3031 Sed

285 3065 375 3117 omnia
403 3062 554 3118 huiusmodi
581 3070 704 3142 persequi
729 3070 842 3143 longum
869 3072 963 3124 esset.‘⁸
1017 3068 1098 3122 Addit
1124 3065 1340 3121 Wernsdorfius:

258 3167 260 3172 ·
286 3151 432 3217 „Ernestus
450 3163 475 3206 et
493 3153 630 3208 Sclaiitzius
655 3157 790 3211 immerito
806 3157 964 3232 ¹lleumauni
982 3159 1164 3224 coniecturam
1183 3158 1340 3230 probarunt.

285 3239 335 3293 llic
354 3239 432 3293 etiam
450 3260 509 3293 eam
531 3242 559 3294 in
579 3253 676 3296 textum
697 3246 824 3315 recepit.“
861 3244 923 3296 Non
942 3245 1043 3314 recepit
1061 3243 1188 3298 Orellius.

357 3328 439 3398 Quod
459 3340 548 3383 autern
566 3348 640 3384 suam
660 3331 693 3383 ad
712 3331 762 3384 Or.
780 3331 809 3383 in
827 3330 917 3385 Pison.
937 3350 959 3384 c.
978 3334 1023 3384 31.
1070 3329 1234 3384 Garatonius
1251 3330 1340 3386 laudat

285 3418 502 3483 annotationem,
528 3436 557 3471 ea
583 3419 713 3472 eiusmodi
732 3430 778 3472 est.
824 3418 896 3471 Dicit
921 3416 1018 3471 Cicero
1036 3416 1059 3489 §.
1082 3421 1130 3471 te:
1159 3422 1195 3469 Te
1213 3419 1339 3487 (respon-

285 3503 359 3573 disti)
384 3524 437 3575 non
454 3522 511 3557 esse
530 3514 587 3557 tam
601 3507 717 3578 fortem,
744 3522 825 3578 quam
850 3509 907 3576 ipse
933 3505 1111 3578 [Torquatus]
1137 3505 1166 3556 in
1193 3504 1338 3556 consulatu

278 3595 400 3664 fuisset,
418 3604 470 3646 aut
487 3612 552 3665 ego:
571 3624 606 3636 -·-
624 3614 663 3647 me
680 3614 756 3665 posse
774 3597 873 3648 iterum
890 3612 944 3647 rem
960 3594 1096 3665 publicam
1111 3608 1229 3659 seruare,
1246 3592 1270 3643 si
1282 3607 1340 3642 ees-

284 3681 391 3734 sissem:
410 3709 446 3723 -
465 3683 557 3734 deinde
576 3685 791 3750 adcurrentem,
809 3704 894 3756 neque
912 3702 960 3749 se,
987 3700 1072 3755 neque
1090 3697 1229 3754 generum,
1253 3696 1337 3751 neque

284 3769 413 3842 collegam
432 3788 528 3822 suum
547 3771 757 3842 tribunoplebis
776 3773 945 3844 defuturum.
989 3775 1045 3826 Hic
1062 3781 1100 3823 tu
1119 3771 1206 3823 itastis
1223 3786 1256 3820 ac
1273 3785 1338 3839 pro·

282 3857 357 3908 ditor
374 3857 438 3910 aliis
456 3877 495 3910 me
513 3860 698 3919 inimiciorem,
725 3880 805 3934 qnam
833 3862 920 3928 tibi,
948 3860 1039 3913 debere
1062 3846 1119 3913 esse
1146 3857 1258 3910 dicis?
1295 3855 1337 3909 Ad

282 3943 348 3998 haec
367 3943 544 4016 Garatonius:
563 3949 672 4014 „Facile
690 3949 749 4003 heic
766 3962 833 4004 esset
845 3951 933 4003 dicam
947 3948 1061 4002 librariis
1079 3946 1195 4001 scribere
1207 3957 1232 3999 et
1243 3963 1337 3998 emen·

283 4033 361 4084 dare:
371 4049 464 4106 'neque
484 4045 529 4099 te,
548 4053 631 4107 neque
648 4055 789 4107 generum,
807 4057 891 4110 nequa
909 4037 1037 4107 collegam
1056 4045 1092 4087 tu
1102 4054 1119 4084 u
1128 4054 1167 4100 m,
1194 4045 1222 4087 ut
1240 4030 1334 4084 similia

281 4119 347 4173 haec
374 4119 469 4176 fierent
492 4123 688 4194 superioribus,
721 4144 844 4197 unusque
870 4136 948 4178 tenor
973 4124 1130 4176 Pisonianae
1157 4120 1337 4192 responsionis
1410 4119 1413 4130 '

280 4209 421 4265 exsisteret.
464 4209 516 4263 Sed
538 4213 653 4266 notanda
672 4213 761 4285 potius
779 4225 817 4267 est
834 4232 965 4284 personae
983 4210 1108 4274 mutatio,
1137 4228 1205 4280 quae
1231 4206 1337 4259 aLati·

282 4317 380 4351 norum
400 4299 592 4369 consuetudine
612 4322 666 4354 non
687 4301 821 4356 abhorret.
866 4301 904 4355 Ut
922 4299 980 4353 heic
1001 4319 1014 4352 a
1035 4296 1151 4351 secunda
1171 4296 1203 4348 ad
1224 4295 1336 4359 tertiam,

279 4387 349 4440 sica
371 4387 447 4441 tertia
467 4388 499 4441 ad
518 4390 662 4444 secundam
682 4393 768 4447 oratio
787 4392 951 4447 convertitur
970 4390 1080 4460 capii.
1093 4396 1219 4457 estremo,
1239 4383 1334 4436 iterum

279 4487 369 4529 antem
390 4499 403 4530 a
425 4478 539 4531 secundo
559 4480 591 4531 ad
612 4481 713 4534 tertiam
734 4483 819 4554 capite
840 4485 883 4536 41.
930 4478 997 4532 Vide
1023 4477 1113 4530 locum
1139 4470 1258 4525 Terentii
1284 4470 1338 4523 lle·
