3450 5342
695 687 889 737 rauuoxou
906 689 950 736 ιν.
975 689 1044 737 oar.
1061 691 1082 737 ι.
1328 672 1400 749 183

349 859 426 919 ptum
444 847 532 901 iuveni
554 848 631 899 Nihil
647 849 734 898 enim
751 867 837 899 socom
855 858 906 903 est.
942 846 977 901 Et
995 858 1075 913 certe,
1097 860 1126 901 ut
1144 849 1238 904 Cicero
1256 855 1294 908 sic
1309 856 1401 930 ioqui-

349 946 395 988 tur
412 936 561 1001 interdum,
580 934 614 988 ita
634 953 690 987 non
708 935 866 989 indecenter
884 954 979 990 canuc
999 946 1062 989 nota
1079 935 1181 989 adiecta
1201 948 1252 1004 est,
1282 942 1310 993 in
1329 942 1402 1001 hunc

350 1023 475 1076 modum:
500 1021 578 1076 Istam
599 1034 670 1077 tuam
688 1022 814 1076 iniuriam
839 1024 873 1077 ad
898 1043 941 1076 me
960 1043 1101 1095 nunquam
1129 1027 1278 1096 pervenisse
1304 1035 1400 1101 putavi,

349 1109 450 1162 etiamsi
469 1111 581 1181 parietes
599 1110 786 1164 disturbaveris
804 1121 830 1164 et
847 1111 987 1166 sceleratas
999 1111 1070 1165 faces
1081 1111 1210 1166 intuleris.
1247 1111 1317 1169 Nihil
1330 1119 1401 1172 enim

350 1217 440 1251 meum
467 1209 519 1266 est,
551 1217 639 1270 neque
666 1198 840 1270 cuiusquam,
867 1199 940 1272 quod
965 1199 1081 1265 auferri,
1113 1201 1186 1271 quod
1216 1200 1301 1273 eripi,
1329 1206 1400 1275 quod

349 1285 433 1339 amitti
455 1287 568 1358 potest.“
585 1285 786 1341 Morisotus.
822 1289 922 1355 „Nihil
937 1307 1046 1360 neque
1064 1307 1149 1340 meum
1166 1299 1222 1342 este
1242 1289 1403 1346 Sicnosem.

350 1373 430 1424 Nihil
447 1393 508 1427 neo
524 1394 609 1428 meum
628 1385 685 1432 est,
703 1386 763 1428 tres.
807 1375 887 1426 Nihil
910 1377 997 1427 enim
1024 1395 1109 1427 meum
1135 1386 1192 1442 est,
1219 1386 1278 1429 tres.
1325 1378 1402 1430 Nihil

351 1481 435 1513 oneum
450 1473 506 1525 est,
523 1463 587 1517 duo.
625 1463 704 1514 Niln'i
720 1482 832 1535 oeque
850 1481 935 1514 meum
956 1474 1011 1528 est,
1030 1465 1127 1516 unus.“
1148 1462 1221 1517 Atd.
1240 1463 1326 1518 Man.
1370 1465 1399 1518 in

349 1546 416 1602 cod.
433 1549 513 1603 Drsd.
530 1553 556 1606 8.
575 1549 673 1621 iegitur
690 1551 759 1602 nihil
775 1569 861 1601 meum
879 1561 929 1614 est,
948 1550 1022 1603 utin
1042 1549 1110 1603 Cod.
1130 1549 1204 1614 Bas.;
1224 1550 1251 1602 in
1265 1549 1369 1607 οιι.Ε.
1382 1554 1399 1607 Ι.

348 1646 374 1687 et
393 1635 442 1689 Ed.
461 1639 530 1689 Ven.
546 1637 604 1709 (ap.
617 1635 681 1704 Or.)
695 1638 862 1691 stez-nihil
879 1638 966 1689 enim
984 1656 1093 1709 neque
1112 1656 1197 1689 meum
1213 1649 1270 1701 ειη
1292 1640 1318 1692 ἰιι
1331 1643 1399 1695 Ven.

348 1725 427 1778 ¹492.
446 1723 536 1776 Herw.
555 1724 616 1776 Par.
636 1727 814 1779 1501.1512.
833 1727 912 1779 1543.
940 1726 1006 1795 Arg.
1025 1725 1090 1778 Dav.
1111 1725 1197 1795 Lugd.
1218 1725 1315 1797 iegitur
1332 1730 1401 1781 nidi!

346 1809 416 1860 enim
436 1828 469 1860 m.
488 1829 530 1870 e.,·
558 1809 586 1862 in
604 1809 677 1863 Gud.
696 1810 728 1861 Α.
753 1810 823 1861 nituit
844 1830 929 1882 neque
953 1814 972 1863 i.
995 1831 1080 1864 nseum
1104 1822 1158 1878 est,
1186 1812 1258 1866 Gud.
1277 1814 1307 1867 Β.
1332 1816 1401 1868 nihil

346 1898 409 1948 hoc
425 1915 461 1963 ng
480 1916 565 1948 nseum
582 1909 642 1958 est,·
661 1897 741 1950 Drsd.
759 1902 786 1953 t.
803 1899 875 1950 nihil
892 1899 953 1951 doc
971 1919 1031 1952 nec
1050 1919 1134 1952 meum
1152 1910 1201 1953 ert.
1238 1901 1287 1954 Οι.
1306 1901 1337 1955 Ε.
1356 1904 1399 1954 m'-

347 1985 389 2038 hit
407 2004 471 2040 nec.
509 1985 565 2038 Mc.

419 2074 497 2126 Nihil
512 2092 596 2145 neque
616 2091 701 2125 meum
718 2075 786 2142 ειη]
824 2075 890 2140 „Est
909 2074 979 2128 enim
999 2074 1051 2129 hoc
1072 2075 1202 2145 Stoicum,
1223 2089 1250 2131 ut
1269 2098 1350 2150 supra
1369 2079 1396 2131 in

345 2162 447 2216 Biantis
466 2161 587 2233 exemplo
605 2160 789 2215 intelleximuc
825 2160 894 2214 Nam
923 2163 1069 2215 secundum
1088 2162 1239 2235 Epictetum
1266 2164 1396 2235 quaedam

345 2252 374 2303 in
393 2251 470 2304 nobis
487 2261 563 2316 sunt,
591 2251 723 2321 quaedam
743 2269 799 2302 non
820 2249 925 2302 suntin
951 2249 1037 2305 nobis.
1083 2253 1111 2303 Ιιι
1140 2251 1218 2304 nobis
1240 2269 1295 2304 esse
1323 2249 1395 2317 dicit,

343 2356 416 2409 quae
434 2348 523 2391 nostra
542 2349 603 2391 sunt
623 2356 722 2409 opera,
741 2333 886 2405 ὑπόληψιν,
916 2332 1011 2406 domis,
1030 2336 1124 2408 ἴρεξιν,
1139 2339 1263 2406 i'ysiaors:
1285 2358 1341 2391 non
1367 2337 1394 2391 in

344 2425 424 2478 nobis
441 2444 512 2491 esse,
539 2443 608 2495 quae
635 2442 689 2477 non
714 2435 777 2478 sunt
805 2435 893 2478 nostra
922 2443 1022 2495 opera,
1049 2423 1078 2476 ri
1102 2428 1190 2492 σῶμα,
1216 2423 1265 2496 τήν
1295 2429 1394 2494 κτῆσιν,

343 2509 436 2577 ditor,
454 2509 565 2582 ἀρχάς,“
585 2513 679 2582 Xyst.
698 2510 809 2567 Betui.
846 2510 984 2578 Ceterum,
1003 2513 1123 2584 quamvis
1141 2512 1271 2567 hocloco
1290 2513 1395 2584 magni-

343 2599 394 2653 fice
412 2598 552 2670 loquatur,
571 2609 598 2651 et
615 2598 648 2652 ad
667 2610 770 2652 certum
790 2599 873 2651 animi
891 2599 1068 2665 senteutiam,
1089 2600 1194 2672 inipso
1214 2611 1303 2654 tamen
1324 2600 1395 2653 caia-

341 2686 442 2739 mitatis
465 2705 543 2738 sensu
567 2687 668 2740 recenti
693 2688 821 2740 affectum
846 2707 908 2740 eum
928 2689 1006 2742 fuisse
1031 2689 1129 2742 scimus
1153 2688 1279 2759 graviter,
1306 2706 1395 2760 neque

342 2773 426 2825 modo
446 2791 474 2824 es
493 2773 543 2826 rita
558 2774 697 2827 Ciceronis
713 2794 728 2827 a
747 2773 893 2828 Plutarcho
912 2775 1052 2848 descripta,
1071 2776 1116 2830 sed
1135 2796 1163 2831 ex
1177 2777 1240 2848 ipsis
1257 2777 1395 2831 Ciceronis

342 2861 460 2934 epistolis
477 2861 542 2932 (rid.
562 2861 619 2914 Lib.
634 2861 678 2915 ΙΙΙ.
696 2862 730 2916 ad
749 2864 803 2916 Αιι.
823 2863 945 2934 passim):
973 2864 1049 2918 cuius
1072 2865 1151 2918 etiam
1179 2883 1270 2916 sensus
1288 2862 1340 2916 hoc
1356 2874 1394 2916 cst

340 2949 524 3005 testimonium
543 2950 571 3002 in
591 2949 641 3002 Or.
660 2969 711 3022 pro
730 2951 821 3004 Domo
840 2955 891 3018 26,
910 2955 959 3005 97:
977 2954 1085 3022 Accepi,
1101 2952 1249 3022 pontifices,
1267 2969 1393 3023 inagnum

341 3048 426 3109 atque
443 3036 621 3091 incredibilem
638 3038 770 3092 dolorem:
799 3058 852 3092 non
870 3058 951 3111 nego:
979 3059 1065 3112 noque
1085 3042 1168 3092 istam
1196 3041 1262 3090 milii
1291 3039 1392 3090 ascisco

340 3126 515 3196 sapientiam,
535 3145 616 3198 quom
634 3127 757 3179 numelli
774 3127 804 3178 in
824 3145 864 3179 mc
882 3127 1067 3198 requirebant,
1100 3129 1147 3199 qui
1175 3145 1215 3178 mc
1241 3127 1331 3178 animo
1348 3125 1390 3176 ni-

341 3215 392 3265 mis
402 3214 571 3284 stomoma
582 3225 667 3285 atque
683 3215 792 3285 afflicto
803 3214 990 3287 loquebantur.
1027 3216 1075 3268 An
1092 3234 1140 3287 ego
1156 3225 1278 3286 poteram
1295 3243 1328 3254 —-
1348 3214 1391 3264 in-

331 3301 429 3370 fitiari
438 3319 478 3352 mc
488 3318 545 3352 esu
555 3301 684 3353 hominem
697 3311 723 3351 ct
734 3319 894 3354 communem
906 3313 1024 3354 noturus
1034 3321 1139 3355 sensum
1150 3301 1311 3372 repudiare?
1329 3301 1359 3352 Μ
1367 3320 1389 3355 ι’.

411 3406 495 3460 neque
512 3387 683 3458 cuiusquam]
720 3385 797 3452 „MS
816 3404 901 3458 oeque
919 3390 1073 3458 cuiquam.“
1090 3386 1211 3440 Graes.
1252 3387 1295 3439 Ad
1314 3406 1390 3457 seqq.

337 3475 430 3529 iaudat
448 3474 530 3544 Borg.
546 3472 603 3527 Cic.
620 3473 716 3526 Parad.
735 3475 781 3537 Vl,
798 3477 828 3526 12
854 3475 966 3544 aufers,
984 3473 1081 3540 nimo,-
1109 3473 1145 3526 ib.
1163 3475 1195 3526 δι
1224 3473 1321 3540 quami
1348 3486 1390 3524 est

336 3562 510 3616 aestimando
528 3563 631 3626 virtus,
655 3579 725 3632 quoe
747 3578 795 3612 nec
822 3560 925 3629 eripi,
954 3578 1002 3612 nec
1020 3560 1122 3629 surripi
1148 3569 1240 3628 potest
1263 3577 1389 3630 unquam,

336 3669 422 3723 neque
440 3650 590 3721 naufragio
608 3667 692 3721 neque
709 3648 829 3701 incendio
847 3649 1044 3701 amittitur.
1087 3645 1313 3720 wyttenbachius
1339 3666 1390 3699 au-

337 3751 407 3802 tem,
428 3736 546 3805 ‚,Huius,
565 3737 666 3808 inquit,
684 3734 846 3808 gradationis
865 3736 933 3789 ratio
948 3735 1078 3807 postulat,
1103 3747 1133 3789 ut
1150 3736 1296 3790 scribatur:
1319 3737 1391 3808 qood

338 3826 477 3889 oniitti,
502 3824 575 3897 quod
600 3825 753 3895 auferri,
779 3826 852 3897 qnod
880 3826 973 3894 eripi
995 3834 1099 3894 potest:
1127 3836 1209 3898 atque
1229 3824 1264 3879 ita
1292 3825 1388 3879 Cicero

336 3912 469 3982 scripsisse
486 3913 616 3967 videtur.“
651 3912 710 3984 Ego
727 3931 788 3966 vero
807 3933 862 3984 quo
880 3914 968 3966 minus
986 3913 1127 3984 obsequar,
1146 3933 1201 3967 non
1219 3913 1305 3967 solum
1320 3933 1388 3967 con-

336 4019 414 4054 sensu
433 4001 564 4055 librorum
584 4001 742 4073 prohibeor,
771 4021 859 4074 neque
878 4023 924 4068 eo,
953 4021 1034 4074 quem
1054 4002 1135 4055 modo
1161 4021 1191 4054 ex
1209 4001 1270 4054 Par.
1291 3999 1336 4063 Vl,
1356 4002 1381 4053 3.

336 4089 454 4157 laudari,
479 4091 555 4156 ioco,
580 4108 635 4161 quo
652 4092 714 4144 itam
734 4089 870 4160 praecedit
887 4090 969 4159 eripi,
994 4089 1115 4160 sequitur
1132 4089 1239 4139 onaitti:
1267 4085 1312 4139 sed
1330 4087 1386 4156 ipsa

334 4177 387 4229 loci
405 4179 549 4245 sententia,
567 4197 636 4249 quae
655 4177 720 4231 haec
738 4191 789 4233 ecta
809 4178 879 4232 Nihil
899 4197 988 4231 meum
1009 4188 1061 4241 est,
1090 4176 1163 4248 quod
1182 4174 1246 4227 mihi
1266 4172 1304 4225 vel
1324 4191 1385 4226 casu

334 4265 449 4330 auferri,
468 4267 506 4318 rei
526 4266 548 4318 vi
568 4266 651 4337 eripi,
680 4268 734 4319 imo
765 4267 838 4338 quod
868 4265 1049 4338 qualicunque
1076 4261 1157 4314 modo
1181 4261 1264 4314 emitti
1292 4271 1385 4331 potest.

333 4351 371 4406 lta
390 4366 518 4425 apparet,
537 4355 649 4425 opinor,
669 4374 718 4407 cur
737 4357 829 4406 noutti
847 4356 943 4409 ultimo
961 4353 1023 4406 loco
1041 4350 1157 4423 positum
1183 4349 1223 4402 sit.
1273 4347 1303 4402 Ιιι
1332 4350 1384 4405 fine

334 4439 436 4509 periodi
455 4439 541 4496 Codd.
561 4440 640 4494 Drsd.
658 4444 683 4494 1.
702 4453 728 4495 et
746 4444 770 4496 3.
788 4441 887 4496 habent
901 4450 991 4512 potsse
1009 4437 1109 4492 oniitti.
1147 4435 1204 4494 Mr.
