3450 5342
713 669 917 718 rnoouuruu.
1000 699 1002 702 ι
1301 655 1348 729 17

294 841 353 884 tum
381 847 474 884 causa*
488 828 553 885 baec
581 826 717 882 Patadoso
746 830 948 900 conscripsisse,
982 841 1009 884 ut
1037 840 1199 903 acceperuut
1228 835 1352 890 nonnulli

293 916 463 988 interpretes.
499 915 606 970 Dicitur
623 916 695 969 enim
714 916 806 970 ludera
832 917 867 970 de
890 917 1078 973 exercitatione
1100 937 1255 988 armerum,
1282 943 1303 977 v.
1328 942 1352 979 c.

293 1006 324 1058 in
349 1023 446 1075 campo
473 1004 586 1070 Martia,
602 1003 682 1081 'apud
708 1003 765 1058 cie.
790 1003 823 1056 de
852 1003 910 1058 off.
928 1005 950 1072 l,
968 1009 1012 1060 29.
1038 1018 1063 1061 et
1091 1006 1231 1062 tlensium
1260 1010 1292 1063 de
1319 1011 1351 1065 A.

293 1093 326 1146 Ρ.
350 1096 416 1148 319ε
444 1093 536 1145 ludere
567 1095 616 1165 qui
642 1093 743 1158 nescit,
775 1093 967 1162 campestribus
995 1093 1118 1148 abstinet.
1146 1096 1238 1149 armis.
1285 1097 1354 1154 Hinc

293 1183 385 1235 ludus·
404 1182 484 1237 etiam
509 1180 608 1236 dicitur
634 1179 724 1235 schola
754 1179 944 1247 Grammatici,
976 1181 1116 1248 Rhetoris‚
1149 1182 1214 1236 item
1243 1182 1354 1239 Gladia-

293 1279 385 1323 tarum
409 1281 435 1325 et
452 1269 596 1323 Palaestra.
627 1268 749 1321 Oanieai:
767 1267 812 1322 bic
829 1268 982 1341 exquisitius
1000 1269 1098 1324 dicitur
1122 1289 1175 1342 pro
1198 1272 1353 1344 conscripsi,

292 1359 430 1413 distribui:
459 1358 498 1413 sic
528 1370 580 1430 pro'
605 1357 777 1412 conscribere
807 1356 909 1410 dicitur
932 1358 1058 1410 coniicere
1082 1359 1110 1411 in
1137 1357 1269 1413 chartam:
1296 1366 1353 1413 Lo-

291 1467 341 1501 cus
359 1435 447 1501 auterli
465 1459 503 1502 est
528 1467 605 1520 pars,
630 1457 720 1518 caput,
744 1457 919 1517 praeceptum
944 1445 1056 1500 alicuius
1084 1446 1230 1502 doctrinae.
1276 1449 1352 1505 Dici-

291 1545 338 1590 tur
355 1534 383 1588 in
402 1535 543 1589 dialectica
567 1545 594 1589 et
611 1533 743 1588 rhetorica
768 1533 921 1607 argumenti
945 1534 1037 1602 sedes,
1064 1534 1137 1588 unde
1160 1536 1351 1595 demonstratio
1384 1545 1387 1549 ’
1417 1555 1420 1559 “

289 1623 403 1681 alicuius
420 1623 566 1678 sententiae
584 1622 700 1694 petenda
718 1632 764 1676 est.
804 1622 859 1676 De·
871 1621 909 1677 bis
927 1621 993 1676 locis
1011 1621 1167 1677 Aristoteles
1184 1623 1287 1696 scripsit
1304 1646 1351 1678 ra-

288 1709 371 1778 mmi,
389 1723 416 1766 et
434 1711 492 1764 eius
509 1710 657 1765 imitatione
675 1711 781 1766 Cicero.
817 1713 971 1762 Communes
990 1709 1053 1763 dicti
1071 1721 1141 1776 sunt,
1161 1710 1350 1782 quia-unirer—

286 1798 358 1853 sales
376 1808 403 1852 et
420 1797 515 1852 multis·
531 1798 616 1852 oausis
633 1796 886 1870 quaestionibusque
905 1814 1062 1851 communes
1080 1808 1149 1864 sunt,
1172 1819 1193 1850 v.
1213 1817 1237 1853 c.
1255 1799 1289 1853 de
1306 1821 1350 1854 re·

287 1887 404 1960 ligiam,
423 1887 566 1940 deamata
583 1884 806 1957 patriae,›legum
824 1883 1005 1952 observantia,
1026 1885 1140 1956 quaein
1159 1903 1268 1938 omnem
1287 1906 1350 1940 ora-

286 1974 391 2029 tionem
411 1974 537 2029 aedunt·
567 1972 623 2028 Cic.
640 1973 668 2027 in
688 1972 765 2027 Orat.
784 1975 827 2026 36.
850 1971 886 2024 ita
905 1989 951 2025 eos
970 1973 1105 2027 describit:
1132 1973 1185 2026 loci
1202 1993 1350 2029 communes

288 2064 423 2134 appellati
439 2073 526 2127 sunt-,¹
540 2062 756 2134 qaod·aiderstur
773 2060 924 2113 multarum
947 2060 1026 2112 iidem
1045 2079 1102 2114 asse
1122 2079 1275 2115 causarum.
1306 2061 1348 2118 Cf.

289 2151 326 2206 id.
343 2151 377 2204 de
395 2150 495 2203 lusent.
513 2149 546 2217 ll,
565 2152 615 2203 1⁵:
635 2149 680 2217 [ad
698 2168 781 2221 quem
800 2147 891 2201 locum
910 2147 961 2202 vid.
979 2159 1071 2203 annot.
1088 2160 1170 2203 nostr.
1181 2150 1210 2203 in
1228 2151 1348 2206 versione

288 2257 384 2293 eorum
404 2238 540 2292 librorum·
554 2238 723 2310 germanica:
743 2236 843 2308 stuttg.
860 2238 941 2291 1837.
959 2238 1089 2309 pausa]
1123 2236 1197 2292 Haec
1220 2258 1284 2312 ergo
1302 2259 1346 2294 ar·

288 2336 433 2398 flumenta,
453 2345 523 2398 quae
542 2326 687 2380 transies-ri-
701 2325 729 2379 in
749 2325 849 2378 multas
864 2336 956 2378 causas
974 2335 1100 2396 possunt,
1119 2336 1191 2380 recte
1208 2327 1261 2380 laci
1278 2348 1347 2382 carn-

288 2415 590 2487 munasappellantur.
624 2413 731 2485 Ergo,
757 2411 830 2484 quod
856 2411 906 2465 ait:
939 2413 1038 2465 aonmci
1064 2413 1130 2464 basa
1151 2414 1294 2483 paradoxa
1318 2417 1347 2467 in

288 2521 437 2556 comnsunss
457 2503 542 2568 lacos,
559 2503 631 2556 idem
651 2502 703 2568 est,
729 2519 761 2554 ac
779 2501 801 2554 si
820 2501 937 2554 dixisset:
964 2500 1044 2553 retuli
1069 2499 1136 2554 baec
1162 2502 1292 2572 paradoxa
1318 2505 1345 2557 in

285 2590 361 2646 locos
381 2609 548 2656 communes,
566 2591 657 2663 prouti
674 2590 794 2644 rlaetores
809 2590 875 2644 item
893 2591 1084 2644 sententiarum
1098 2599 1254 2659 argumenta
1270 2609 1346 2644 com-

284 2680 415 2733 monibus
431 2679 498 2732 locis
514 2677 658 2750 complecti
671 2678 784 2738 solent.“
802 2678 909 2749 Wytt.
924 2708 928 2717 ·
945 2676 988 2731 Ad
1002 2676 1159 2730 senteutiam
1169 2678 1242 2731 verbi
1255 2678 1347 2731 ludere

285 2786 308 2822 v.
326 2765 387 2821 Cic.
413 2766 447 2819 de
470 2765 521 2819 Or.
539 2766 574 2832 ll,
591 2771 636 2834 2⁰,
654 2769 704 2820 8⁴:
725 2767 781 2818 &a
797 2767 926 2830 videorest
951 2766 1019 2838 quid
1039 2765 1139 2818 vebat:
1167 2764 1205 2815 ad
1228 2764 1346 2818 luden-

284 2853 363 2907 dum
370 2871 419 2911 na,
437 2871 475 2905 an
490 2853 530 2904 ad
541 2854 722 2925 pugnandum
734 2871 812 2906 arma
829 2856 886 2906 sint
904 2852 1055 2922 sumpturi:
1074 2851 1153 2903 aliud
1167 2850 1235 2902 enim
1251 2869 1346 2923 pugna

285 2941 415 3004 macies,
434 2939 514 2992 aliud
531 2941 638 3006 ludus
655 2959 818 3013 campusque
839 2951 931 2994 nostor
949 2941 1101 2994 desiderat:
1121 2937 1169 2991 rel.
1215 2938 1258 2992 De
1281 2940 1345 2994 locis

284 3026 466 3079 communibus
489 3026 548 3081 ride
573 3027 721 3099 Apbtbanii
751 3028 900 3100 Progymn.
927 3048 950 3083 c.
968 3033 995 3083 l.
1013 3025 1248 3101 p.158sqq.·ed.
1274 3027 1343 3098 Lips.

283 3117 372 3174 tatas
389 3114 567 3186 Hemnogenis
578 3116 728 3188 Progymn.
738 3135 761 3170 c.
769 3120 794 3170 u.
807 3137 835 3189 p.
847 3119 882 3171 24
891 3136 950 3189 sqq.
968 3117 1010 3171 ed.
1023 3117 1221 3184 Ve'esenmeyer
1228 3133 1235 3176 ;
1254 3113 1344 3169 Tbeo·

282 3202 327 3256 nis
343 3202 492 3275 Progymn.
510 3222 533 3258 c.
544 3206 571 3257 7.
581 3223 608 3275 p.
614 3206 649 3258 95
656 3223 715 3276 sqq.
723 3203 767 3256 'ed
777 3202 889 3257 Finclsb.
900 3207 1034 3276 pilisqq.
1046 3202 1087 3256 ed.
1100 3201 1170 3255 Dan.
1179 3198 1269 3253 Heius.
1285 3200 1343 3252 Mr.

355 3292 432 3360 (luae
450 3291 516 3363 quia
534 3292 612 3358 suut]
629 3288 700 3344 cod.
713 3288 806 3344 ΟΜ,
843 3293 1064 3362 Quaecunque
1082 3299 1164 3342 sunt:
1184 3288 1256 3343 unde
1276 3307 1343 3341 con-

280 3375 372 3443 iicias,
392 3377 472 3430 suine
489 3376 519 3430 in
536 3377 620 3446 libro,
640 3378 903 3450 quemdescriberet
920 3377 1045 3432 librarius
1060 3377 1183 3446 ineptus,
1211 3394 1343 3446 compen÷

282 3462 468 3534 (lioacriptu'm
476 3484 549 3536 quae
559 3485 599 3538 qu
607 3466 722 3517 oniam
732 3474 806 3529 sunt,
818 3466 935 3536 quodab
947 3484 979 3518 eo
991 3481 1132 3535 perperam
1143 3463 1176 3515 sit
1188 3461 1295 3516 lectum.
1306 3490 1341 3507 -.-

280 3553 360 3606 Voce
379 3551 551 3606 admirabilia
569 3553 649 3625 plane
669 3552 708 3607 sic
727 3571 790 3606 usus
809 3565 848 3606 est
874 3551 932 3606 Cic.
957 3553 992 3605 de
1015 3551 1094 3603 Finn.
1114 3550 1231 3615 1V‚2t·.
1265 3551 1341 3598 Haec

278 3634 420 3709 παράδοξα
437 3638 494 3703 illi,
511 3656 559 3693 uos
577 3639 751 3693 adusiraliilia
769 3640 899 3695 dicamus.
917 3638 977 3692 Mr.

352 3725 506 3794 Opinionem
524 3728 681 3795 omnium]
705 3726 893 3794 „Duodecim
918 3727 1082 3780 leoninumr‘
1119 3722 1192 3776 Ald.
1210 3722 1339 3776 Manut·

278 3810 345 3866 Osa.
364 3811 399 3866 E.
416 3812 436 3866 l.
452 3812 489 3866 U.
504 3831 533 3877 ψ.
552 3815 616 3869 item
635 3815 770 3867 bominum
788 3833 851 3869 cum
871 3812 929 3868 Cra.
949 3817 975 3867 1.
994 3819 1019 3867 2.
1036 3812 1118 3868 Drsd.
1136 3817 1163 3866 2.
1189 3810 1219 3862 ln
1240 3809 1289 3864 Os.
1307 3810 1338 3865 N.

279 3910 319 3954 est
336 3901 485 3971 opinionem
501 3903 834 3974 uulgaremomnium,
862 3903 947 3974 glossa
967 3903 994 3955 in
1022 3900 1150 3956 orationis
1173 3899 1268 3953 seriem
1295 3918 1340 3955 res

278 3999 366 4060 cepta.
401 3990 433 4042 ln
451 3988 569 4045 Drsd.&
587 3995 614 4045 5.
633 4001 672 4045 est
690 4001 837 4062 casuraque
851 3992 987 4044 bominum
998 3990 1163 4062 opinionem.¹
1182 3985 1338 4041 milredi.

276 4087 421 4131 araontra
437 4097 479 4147 op.
497 4097 566 4132 omn.
584 4078 704 4150 itemque
721 4079 751 4133 in
765 4077 902 4146 finnus
921 4078 1037 4150 denique
1055 4079 1083 4131 in
1102 4075 1181 4129 Drsd.
1194 4077 1219 4128 3.
1238 4082 1265 4124 er
1276 4091 1339 4124 eara-

275 4174 322 4217 tra
339 4182 410 4218 amn.
428 4183 470 4234 op.
488 4163 547 4219 Mn
574 4212 576 4217 .
602 4211 605 4219 ,
789 4198 826 4221 ,-

346 4249 383 4303 ab
400 4251 467 4320 ipsis
485 4253 579 4320 etiam]
599 4251 732 4309 scribitur
756 4254 786 4308 in
810 4253 898 4308 Codd.
916 4254 1009 4309 Duisb.
1028 4263 1061 4303 at
1088 4247 1122 4298 ab
1147 4246 1213 4314 ipsis
1235 4244 1335 4304 etiam:

276 4337 350 4410 quod
370 4337 493 4409 placebat
511 4340 539 4393 in
558 4340 686 4397 addendis
704 4343 882 4409 Gernbardn,
902 4342 948 4413 qui
967 4341 1159 4408 obsequentem
1178 4329 1270 4384 babuit
1288 4348 1337 4382 ne-

273 4424 385 4480 minem.
423 4427 455 4478 ln
474 4423 541 4480 Cod.
559 4426 639 4481 Drsd.
656 4433 682 4483 5.
699 4441 738 4484 est
755 4429 789 4480 ab
808 4430 863 4483 bis
880 4429 946 4498 ipsis
964 4426 1055 4488 esiam
1071 4423 1099 4475 5¹¹
1117 4419 1197 4486 Rem·
1218 4418 1253 4471 ab
1270 4417 1337 4488 ΨΜ·8

1026 4529 1048 4601 2
