3450 5342
341 667 413 739 106
671 687 842 734 rauauora
870 686 1064 735 crorcosuu.

336 861 390 909 cst,
408 849 557 921 ubicunque
575 856 616 898 est
636 845 714 898 bens:
732 845 776 913 [ad
789 864 869 917 quem
889 844 978 898 locum
997 845 1083 898 sontes
1102 863 1214 915 graecos
1233 849 1383 901 monstravit

336 937 476 1005 Davisius]
512 935 535 988 F
542 954 587 989 rc.
606 933 695 1004 Sylr.

406 1025 490 1077 orbem
509 1033 643 1075 terrarum
662 1038 743 1072 unam
765 1020 865 1088 urbem]
910 1020 1012 1073 Eodem
1040 1021 1121 1073 modo
1141 1020 1283 1092 Diogenes
1306 1023 1381 1092 Cyni-

336 1134 382 1167 cus
399 1113 470 1184 apud
490 1112 575 1164 Laert.
600 1109 628 1162 in
653 1109 710 1161 eius
737 1110 785 1162 vita
812 1109 1008 1179 iuterrogatus,
1041 1110 1112 1161 unde
1131 1119 1212 1173 esset,
1241 1109 1380 1180 respoudit,

335 1220 393 1253 sum
413 1200 610 1266 κοσμοπολίτης.
647 1197 783 1269 Epictetus
801 1197 913 1251 Dissert.
929 1197 961 1261 ΙΙ,
980 1201 1028 1250 16ι
1058 1199 1166 1265 πολίτης
1182 1191 1208 1249 εἷ
1222 1201 1274 1248 τοῦ
1292 1193 1380 1259 κόσμου

335 1294 379 1338 καὶ
395 1292 472 1357 μέρος
488 1281 579 1338 αὐτοῦ.
617 1284 688 1337 ldem
709 1283 754 1349 ΙΙΙ,
774 1287 821 1338 29:
851 1277 892 1334 iias
921 1272 1136 1345 o‘so'ouocoiisoc
1162 1291 1211 1346 μία
1230 1283 1307 1344 uitae
1323 1289 1378 1338 ἐστι’.

335 1373 380 1427 Sic
398 1385 424 1426 et
441 1372 595 1427 Christiani:
614 1371 749 1424 Minucius
767 1371 894 1425 Octavio:
915 1374 976 1424 Non
991 1372 1079 1441 possis
1092 1372 1206 1442 pulchro
1222 1392 1317 1446 gerere
1333 1392 1379 1426 rem

336 1461 454 1525 civilem,
472 1461 524 1511 nisi
542 1459 694 1530 cognoveris
713 1459 783 1508 lianc
801 1476 962 1509 communem
981 1461 1096 1512 omnium
1114 1460 1206 1512 mundi
1224 1462 1379 1513 civitatem!

337 1547 513 1602 Graevius.
550 1546 596 1598 Est
622 1546 683 1598 item
710 1546 781 1616 apud
800 1546 903 1599 Minue.
923 1545 1005 1599 Fetic.
1026 1567 1052 1618 p.
1072 1550 1114 1601 37.
1133 1547 1174 1601 ed.
1194 1547 1303 1601 Ourai:
1328 1552 1378 1599 Deo

336 1657 390 1689 nnn
410 1638 502 1689 domus
519 1647 560 1686 est
579 1635 694 1686 mundus
712 1634 755 1683 liic
773 1643 866 1693 totuss
893 1634 1014 1688 similiter
1033 1635 1152 1689 Lactant.
1178 1636 1239 1690 Dis.
1259 1637 1320 1689 inst.
1339 1635 1377 1697 IV,

337 1729 381 1777 29.
419 1724 495 1777 Philo
515 1723 571 1775 lud.
589 1723 622 1774 de
640 1720 782 1774 Monarch.
801 1721 833 1787 ΙΙ,
853 1741 878 1792 p.
896 1726 957 1776 564.
995 1722 1085 1791 Quem
1102 1743 1164 1777 vero
1181 1723 1275 1777 iaudat
1291 1724 1378 1776 Graes.

336 1813 427 1866 locum
446 1811 574 1876 Minucii,
596 1821 633 1862 est
655 1809 676 1861 is
694 1829 721 1880 p.
740 1812 783 1864 16.
802 1810 844 1863 ed.
863 1810 931 1863 Ouz.
966 1810 1024 1864 ΜΓ.
1303 1804 1306 1808 ’

406 1920 487 1951 unum
508 1898 608 1964 urbem]
629 1897 802 1963 „Stoicorum
822 1897 958 1950 decretum
979 1909 1030 1963 est,
1057 1893 1102 1949 sir
1119 1893 1214 1959 κόσμον
1230 1917 1286 1950 esse
1305 1916 1377 1949 uuam

336 1989 479 2053 civitatem,
506 1988 534 2039 in
555 2005 607 2058 qua
628 1985 750 2039 homines
771 1997 798 2039 et
823 1984 859 2036 dii
884 1984 1034 2049 sinicius,
1060 2004 1180 2040 summus
1205 1998 1295 2040 autem
1322 1985 1378 2038 deus

336 2077 461 2146 princeps
479 2086 504 2128 et
522 2075 694 2144 guberuator.
715 2072 776 2125 Vid.
796 2071 852 2125 Cic.
875 2071 907 2123 de
924 2072 1006 2144 Legg.
1024 2073 1044 2125 Ι.
1063 2091 1086 2126 c.
1099 2075 1144 2128 8.“
1162 2074 1226 2141 [rid.
1248 2094 1274 2145 p.
1283 2066 1327 2126 58.
1343 2071 1377 2125 ed.

337 2175 417 2217 nostr.
437 2163 500 2235 ibiq.
520 2173 612 2215 annot.
631 2161 700 2214 Add.
719 2161 756 2217 ib.
775 2159 794 2224 Ι,
814 2162 857 2212 23.
876 2179 903 2230 p.
923 2164 988 2213 141:
1015 2178 1072 2212 ssse
1090 2180 1142 2213 non
1165 2162 1249 2212 unius
1273 2162 1378 2212 circum-

336 2253 430 2302 datum
449 2249 583 2301 moenibus
600 2249 664 2310 loci,
691 2249 739 2299 sed
760 2247 841 2296 civem
867 2248 953 2299 torius
978 2249 1083 2314 mundi,
1107 2249 1187 2320 quasi
1204 2250 1287 2302 unius
1303 2248 1377 2310 urbis,

336 2339 492 2408 agnoverim·
512 2339 545 2390 de
561 2336 584 2389 F
585 2336 641 2388 inu.
656 2335 700 2400 ΙΙΙ,
718 2337 766 2387 19:
787 2336 915 2385 mundum
931 2345 1022 2386 autem
1041 2348 1146 2389 censent
1164 2366 1198 2375 -
1218 2337 1299 2408 quasi
1315 2355 1377 2387 com·

336 2446 438 2478 inanem
467 2425 556 2476 urbem
583 2435 611 2474 et
639 2423 776 2474 civitatem
801 2422 935 2473 hominum
959 2433 987 2473 et
1014 2423 1137 2483 deorum
1165 2423 1203 2476 ib.
1221 2424 1269 2489 lv,
1285 2426 1314 2476 8:
1340 2424 1376 2474 At

336 2526 440 2583 quanto
459 2522 608 2573 conantur,
639 2511 766 2561 muudum
785 2510 856 2560 hunc
874 2529 973 2560 omnem
993 2508 1087 2576 [Stoici
1107 2509 1236 2577 diceutes]
1263 2511 1376 2579 oppidum

334 2619 390 2652 esse
409 2602 547 2666 nostrum]
567 2599 605 2648 W
612 2599 746 2670 yttenb.
784 2599 909 2649 Ceterum
931 2599 1037 2650 attende
1055 2598 1087 2650 ad
1107 2598 1325 2652 Paronomasiam
1342 2595 1374 2648 vel

335 2688 493 2755 παρὴχησιν,
514 2707 529 2739 a
549 2685 686 2739 Ciceronis
705 2703 754 2736 usu
773 2703 829 2736 nou
848 2684 976 2750 alienam,
995 2686 1023 2737 in
1042 2687 1127 2738 verbis
1145 2686 1232 2738 orbem
1250 2698 1276 2739 et
1289 2685 1375 2746 urbem.

336 2795 449 2847 quarum
469 2774 588 2845 exempla
607 2774 738 2844 congessit
757 2771 787 2824 C.
801 2772 911 2824 Beierus
929 2773 961 2825 ad
975 2771 1030 2826 Cic.
1040 2773 1111 2826 Lael.
1122 2776 1164 2837 23,
1177 2777 1219 2826 87.
1240 2777 1323 2844 puta
1334 2791 1374 2842 sq..

336 2865 381 2933 qui
403 2863 534 2915 librorum
553 2861 632 2914 etiam
652 2861 774 2930 copiam,
793 2858 845 2912 huc
864 2860 1036 2926 facientium,
1055 2860 1177 2914 laudavit.
1214 2861 1270 2913 Mr.

406 2967 462 2999 esse
481 2948 593 3012 ducunt]
614 2944 681 2998 Cod.
698 2946 749 2999 Ox.
765 2945 784 2999 Ι.
801 2965 856 2997 esse
872 2957 1023 3015 putarim·
1043 2947 1109 3000 Ost.
1129 2948 1159 3001 E.
1180 2969 1205 3016 η.
1225 2951 1283 3000 Cra.
1296 2949 1375 2999 1.2.3.

337 3034 407 3088 Gud.
426 3035 457 3086 B.
484 3051 541 3085 esse
560 3034 698 3091 dicunt3
734 3033 814 3086 Drsd.
834 3037 859 3088 1.
889 3053 945 3086 esse
974 3037 1111 3090 ducant.
1162 3034 1267 3088 Habent
1292 3036 1373 3085 dicunt

337 3123 414 3172 etiam
435 3119 502 3173 Edd.
521 3120 582 3172 Par.
600 3139 620 3171 s.
638 3139 662 3172 a.
680 3119 753 3173 Med.
772 3124 850 3175 1492.
869 3122 947 3175 Hdlb.
966 3144 986 3176 s.
1004 3123 1020 3175 Ι.
1040 3135 1065 3177 et
1083 3144 1107 3176 a.
1126 3127 1192 3194 Arg.
1212 3128 1292 3178 1515.
1327 3123 1374 3172 Vo-

336 3226 394 3260 cem
413 3226 469 3258 esse
486 3206 583 3259 omittit
599 3207 647 3260 Ed.
666 3207 731 3260 Dar.
751 3211 828 3262 1515.
865 3211 956 3281 Pergit
975 3215 1032 3264 Crz.
1051 3215 1074 3264 1.
1094 3232 1155 3264 cum
1174 3212 1225 3264 Or.
1237 3213 1271 3266 U.
1291 3223 1316 3262 te
1333 3212 1372 3260 mi-

334 3296 419 3346 seriae
437 3305 470 3344 et
489 3313 634 3345 cerunmae
651 3295 711 3365 (Cr.
731 3299 870 3366 erumpite)
896 3300 975 3352 Drsd.
994 3304 1017 3352 1.
1044 3300 1134 3353 Guetf.
1160 3300 1232 3353 Gu'd.
1254 3303 1285 3353 A.
1304 3300 1372 3351 Bern.

336 3394 362 3432 te
381 3387 497 3454 eripuere
513 3395 653 3453 proruunt,
679 3396 705 3435 te
730 3387 859 3439 miseriae.
896 3386 954 3439 Crz.
971 3395 996 3439 2.
1018 3392 1052 3438 Te
1073 3399 1119 3438 tue
1138 3400 1263 3455 prensant
1282 3389 1372 3455 eripite,

336 3483 362 3522 te
381 3473 492 3526 miserie.
538 3472 601 3525 Post
627 3485 752 3542 pretitunt
780 3475 882 3528 addunt
912 3495 999 3527 omues
1024 3475 1109 3528 Codd.
1136 3474 1201 3528 On.
1222 3475 1250 3527 Ε.
1271 3497 1294 3544 η,
1312 3494 1333 3526 σ.
1350 3491 1371 3532 t·-

334 3559 412 3612 Drsd.
431 3564 457 3612 2.
475 3564 501 3613 4.
539 3558 645 3614 Suerin.
665 3561 723 3614 Cra.
743 3567 768 3617 3.
787 3563 880 3616 Duisb.
900 3562 970 3616 Gud.
991 3564 1020 3615 B.
1045 3563 1112 3614 Edd.
1132 3584 1188 3634 prc.
1210 3569 1287 3618 1465.
1312 3562 1370 3614 Crat.

336 3649 403 3701 Vict.
419 3649 487 3701 Rob.
505 3647 597 3718 Steph.
622 3649 714 3719 Magn.
740 3649 814 3702 Man.
835 3651 928 3703 Lamb.
946 3651 1029 3703 sutfr.
1048 3651 1119 3703 Petr.
1147 3651 1207 3704 Col.
1227 3663 1252 3704 et
1281 3660 1370 3703 nostrae

335 3747 394 3787 vett.
414 3754 508 3786 omnes
523 3747 584 3787 ante
603 3735 759 3788 Gruterum.
794 3737 823 3787 M
833 3757 854 3790 r.
903 3784 905 3789 .

406 3832 538 3890 proruunt,
558 3823 605 3892 qui
624 3833 650 3872 le
670 3822 784 3884 beatum
804 3825 851 3894 qui
862 3828 1108 3894 florentemputas]
1129 3826 1369 3891 „sicPattonnes

336 3908 383 3961 uisi
404 3909 477 3980 quod
496 3908 627 3960 secundus
646 3919 672 3959 te
686 3910 805 3980 sortem,
824 3913 872 3982 qui
890 3923 916 3962 tc
927 3916 1084 3980 florentem:
1110 3933 1166 3966 non
1186 3916 1264 3968 male.
1300 3909 1367 3965 Edit:

333 4005 456 4063 premunt
476 4015 601 4060 omnes,
620 4000 667 4067 qui
685 4010 711 4048 te
730 3998 836 4050 beatum
855 4002 902 4072 qui
922 4013 955 4051 te
966 4004 1138 4069 florentem.“
1158 4002 1257 4057 Grut.
1294 3999 1368 4068 „Cum

334 4083 400 4138 Pati.
418 4084 498 4138 etiam
517 4084 585 4137 Pith.
604 4086 648 4137 sed
668 4086 736 4139 Pith.
756 4107 843 4139 omnes
861 4089 982 4142 retinet.“
1000 4088 1122 4143 Graes.

407 4173 454 4244 qui
473 4183 499 4223 te
518 4170 640 4236 beorum,
658 4174 705 4244 qui
716 4176 857 4242 florentem
873 4178 985 4243 pulos]
1005 4176 1077 4231 Gud.
1096 4178 1130 4233 Λ.
1149 4182 1207 4232 Crc.
1228 4186 1252 4233 2.
1270 4175 1368 4232 Drsdd·

336 4273 362 4313 et
380 4264 405 4314 3.
426 4262 473 4333 qui
491 4260 629 4312 beatum
655 4271 696 4314 te.
742 4261 862 4331 Pergunt
887 4264 934 4334 qui
952 4273 984 4314 te
1006 4267 1149 4332 florentem
1173 4270 1231 4320 Cri.
1250 4271 1274 4319 1.
1301 4265 1367 4316 Bern·

336 4341 460 4402 Drsds1.
479 4353 504 4405 3.
533 4349 592 4403 Bas.
612 4350 679 4403 Edd.
699 4361 758 4405 vett.
775 4350 891 4415 multae,
919 4352 1033 4420 exceptis
1059 4352 1110 4409 Ed.
1134 4374 1190 4425 prr„
1211 4358 1287 4409 1465.
1311 4350 1366 4400 Vid-

337 4434 405 4491 nob.
425 4437 515 4509 suph.
541 4438 604 4495 r...
629 4443 707 4494 1512.
734 4443 811 4495 issa.
839 4437 905 4509 Arg.
924 4441 1004 4493 1515.
1030 4439 1108 4495 uati.
1134 4431 1366 4496 ..1..12.Med·
