3450 5342
408 675 481 748 154
741 694 913 742 ramnum
939 692 1133 743 srosoonost.

404 859 472 913 Edd.
498 875 554 929 prc.
582 856 673 924 Magn.
698 851 777 905 lldlb.
805 851 966 907 Ρ55.,1511.
986 854 1066 906 1511.
1086 852 1166 907 titt.
1189 850 1276 922 lugd.
1300 850 1370 924 Arg.
1398 855 1457 907 Ven.

405 949 482 1000 1492.
500 946 580 998 1514.
600 938 663 996 Ald.
681 942 761 995 1548.
780 940 859 993 1551.
879 938 941 992 Car.
960 938 1051 1011 suph.
1071 938 1149 993 Boul.
1166 937 1242 1012 sylb.
1261 939 1399 1013 Herwag„
1416 941 1456 995 ssd

404 1033 471 1087 Edd.
490 1031 563 1085 Crat.
578 1029 653 1083 Man.
672 1028 733 1083 ntd.
753 1031 832 1082 1511.
851 1027 953 1081 Sturm.
970 1026 1070 1083 habent
1086 1029 1111 1080 si
1126 1028 1234 1098 poulo
1251 1047 1283 1080 aa
1303 1039 1455 1089 mouson

403 1139 473 1176 unus
485 1119 557 1191 apud
576 1117 676 1172 ‘Aldum
693 1115 769 1170 Man.
789 1115 869 1170 habet
886 1117 911 1169 si
924 1134 1089 1186 pannum.
1125 1114 1187 1170 Mr.

475 1206 597 1275 Histrio]
630 1203 691 1259 ltus
708 1204 774 1259 iacit
794 1204 870 1259 locus
887 1204 923 1259 ds
940 1203 1000 1260 Oli.
1014 1201 1171 1271 1851195
1190 1205 1248 1257 Nec
1267 1223 1331 1258 vcro
1351 1205 1456 1259 lustris-

404 1297 482 1351 nibus
499 1291 704 1365 oratoribusque
723 1293 919 1345 concedendum
934 1301 992 1356 sat,
1011 1301 1043 1344 ut
1062 1293 1097 1344 iis
1114 1292 1182 1343 lsosc
1198 1302 1269 1360 opto
1289 1292 1365 1357 sint,
1388 1291 1456 1345 nobis

404 1384 547 1437 dissoluta.
590 1379 671 1434 cont.
690 1398 760 1452 quae
777 1379 866 1433 attulit
883 1378 904 1433 l.
922 1379 954 1434 Β.
978 1378 1105 1452 Carpion.
1129 1379 1157 1432 in
1180 1378 1250 1433 libro
1276 1378 1418 1433 utilissimo
1433 1389 1456 1431 et

404 1469 572 1535 doctissimo,
609 1467 656 1539 qui
677 1466 844 1521 inscribitur:
887 1467 1044 1520 Paradoxon
1078 1465 1200 1521 Stoicum
1225 1469 1364 1522 Aristonis
1386 1467 1455 1521 Chii:

399 1555 511 1621 “Ourios
530 1551 594 1610 siros
611 1558 650 1625 τῷ
666 1553 762 1624 drudqi
779 1549 909 1626 ducuntur]
931 1551 977 1608 ris
996 1551 1074 1616 σοφόν
1098 1555 1183 1628 (Lips.
1203 1559 1284 1609 tm.
1310 1557 1354 1625 8.)
1372 1577 1397 1629 p.
1407 1560 1454 1612 156

405 1657 431 1700 51
449 1649 519 1713 139„
537 1644 584 1699 ubi
602 1642 1082 1714 558551051511111555555516.
1100 1643 1183 1697 refert
1201 1642 1338 1714 lapidibus
1356 1643 1454 1697 histrio·

405 1754 452 1788 nes
469 1753 502 1788 ac
521 1733 701 1805 pantomimos
718 1751 772 1785 esse
791 1732 920 1798 obrutos,
938 1731 959 1785 si
980 1732 1069 1785 minus
1086 1730 1231 1804 placerent,
1248 1731 1396 1805 ipsumque
1406 1731 1453 1785 Ns·

404 1840 498 1874 ronem
518 1820 618 1892 lapides
635 1819 664 1873 io
682 1838 729 1873 cos
749 1820 893 1874 coniecisse
911 1839 975 1874 cum
993 1820 1069 1873 omni
1087 1819 1201 1892 populo.
1225 1818 1288 1873 Mr.
1333 1820 1453 1888 „Histrio

405 1921 443 1963 cst
461 1920 536 1963 actor
553 1909 682 1962 scenicus.
721 1909 778 1960 Vos
797 1918 835 1962 est
853 1908 959 1980 origine
977 1908 1114 1963 Hetrusca.
1151 1906 1218 1962 Nam
1239 1907 1339 1962 abillo
1359 1907 1453 1981 populo

405 1995 519 2051 Romani
538 2014 633 2049 menae
659 2005 761 2050 actores
785 1999 978 2067 acceperunt“
997 1996 1037 2047 W
1043 2005 1104 2067 ytt.
1150 1995 1211 2050 Vid.
1229 1992 1250 2047 l.
1271 1997 1303 2049 G.
1323 1993 1453 2049 Amadotii

405 2083 520 2154 ntphab.
538 2093 599 2137 vett.
615 2083 791 2139 Etruscorum
810 2083 925 2153 (Romae
943 2087 1023 2138 1115.
1042 2084 1061 2138 1.
1081 2083 1145 2153 m),
1175 2085 1221 2138 ubi
1245 2084 1298 2137 sid.
1315 2085 1347 2137 in
1366 2084 1453 2138 Luto

407 2175 512 2225 Vocum
542 2170 716 2225 Etruscarum
738 2189 778 2241 ·p.
802 2187 869 2224 ιω.
901 2192 925 2227 a.
959 2192 983 2225 v.
1014 2173 1120 2226 Hister.
1190 2172 1353 2245 Nieupoorti
1381 2171 1453 2225 Anti-

406 2259 482 2330 quitt.
508 2258 615 2313 Romm.
640 2258 682 2313 ed.
708 2258 822 2312 Gesner.
855 2279 880 2330 p.
900 2261 969 2323 568;
1004 2259 1074 2313 Reiz.
1100 2259 1204 2317 Vorles.
1229 2260 1278 2315 tit».
1306 2261 1333 2313 d.
1364 2259 1454 2313 Roem.

405 2345 517 2399 Alterth.
537 2366 564 2417 p.
582 2349 650 2410 588;
677 2348 706 2399 C.
725 2344 745 2400 l.
765 2344 800 2400 G.
823 2347 974 2419 Haymann.
1000 2350 1081 2404 elom.
1110 2351 1156 2405 iib.
1179 2349 1341 2420 Nisupoort.
1365 2349 1453 2419 (Drsd.

406 2438 485 2489 1186.
502 2432 542 2502 8.)
561 2454 587 2505 p.
607 2436 668 2488 123.
712 2434 815 2489 Laudat
837 2434 921 2506 Borg.
940 2435 973 2488 ad
992 2435 1018 2488 h.
1037 2436 1054 2490 l.
1072 2435 1203 2510 Epistolas
1228 2435 1371 2491 Sodalinm
1394 2434 1453 2489 Pti-

405 2521 547 2574 lomatlsiae
574 2522 603 2591 (a
621 2520 655 2574 G.
672 2521 702 2575 L.
720 2520 832 2575 Malsnio
850 2543 875 2576 a.
894 2526 974 2577 1813.
1001 2524 1134 2579 Zierizeae
1162 2525 1259 2593 editas)
1277 2545 1304 2598 p.
1322 2529 1385 2582 165.
1401 2522 1452 2576 Cic.

405 2609 438 2662 de
457 2608 507 2662 Or.
527 2609 547 2675 l,
567 2613 645 2663 5.-
681 2609 778 2665 Franc.
796 2610 884 2683 syn,
904 2633 967 2666 cum
984 2614 1013 2666 in
1033 2613 1116 2681 libro,
1140 2633 1194 2685 quo
1220 2615 1361 2681 utebatur,
1379 2612 1452 2684 legis-

405 2709 457 2752 set:
487 2699 511 2751 si
527 2699 636 2768 poulo
655 2718 683 2752 se
702 2712 853 2766 moveat,
873 2701 1012 2773 adscripsit
1031 2703 1064 2754 ad
1092 2701 1117 2754 h.
1134 2702 1165 2754 l.:
1190 2700 1239 2769 „ln
1260 2700 1330 2756 Cod.
1348 2703 1450 2773 antiquo

406 2789 501 2842 melius
518 2789 647 2861 scriptum
664 2789 782 2842 videtur:
808 2791 833 2842 si
848 2791 1030 2859 paululum
1050 2811 1078 2843 se
1097 2793 1277 2844 nseverit.“
1326 2791 1407 2861 Quod
1422 2789 1449 2843 ad

404 2879 489 2946 poulo
507 2888 579 2931 recte
598 2875 723 2947 praetulit
740 2875 869 2941 alterum3
897 2877 1031 2931 Futurum
1048 2890 1169 2934 exactum
1194 2880 1307 2932 moverit
1326 2898 1384 2933 non
1399 2896 1450 2931 ms·

406 2964 457 3018 lius
474 2976 513 3019 est
540 2963 719 3017 coniunctivo.
763 2960 816 3015 Sed
842 2975 914 3018 recte
941 2966 1060 3031 monuit,
1089 2979 1192 3021 motum
1217 2966 1355 3021 histrionis
1381 2964 1450 3019 luisse

407 3052 481 3121 quasi
499 3049 665 3103 saltationem
682 3049 715 3102 ad
734 3069 887 3103 numerum.
922 3051 981 3105 ΜΓ.

476 3138 501 3188 si
514 3136 640 3206 paullum
658 3155 686 3188 so
701 3139 783 3190 morit
801 3149 882 3191 extra
900 3143 1057 3210 numerurm]
1095 3142 1172 3209 „Hoc
1189 3154 1243 3208 est,
1269 3144 1290 3196 si
1309 3163 1365 3196 non
1383 3160 1450 3196 com-

408 3223 487 3276 mode
505 3222 606 3277 saltavit
623 3236 670 3277 aut
687 3223 715 3277 in
734 3223 856 3279 saltando
875 3229 994 3299 peccavit
1011 3240 1105 3284 contra
1124 3231 1195 3301 leges
1207 3229 1363 3284 saltationis.
1398 3230 1449 3281 Nu-

406 3313 470 3365 meri
489 3324 544 3366 tarn
562 3312 595 3366 ad
614 3313 741 3367 musicam
761 3314 909 3385 pertinent,
930 3335 1012 3387 quam
1030 3318 1062 3371 ad
1082 3318 1257 3372 saltationem.
1295 3318 1338 3372 De
1356 3316 1450 3370 musicis

407 3401 533 3475 Virgilius
553 3400 657 3472 [Eclog.
676 3401 721 3469 lx,
740 3404 813 3470 45.];

520 3494 652 3543 Numeros
670 3492 790 3555 urcissini,
808 3493 833 3544 si
853 3491 933 3544 verbo
951 3503 1079 3560 teuerem3

405 3578 438 3631 de
457 3579 625 3634 saltationum
646 3579 764 3632 numeris
781 3580 888 3634 Persius
898 3580 953 3636 Sat.
964 3581 998 3636 V.
1017 3584 1081 3650 [123
1094 3603 1133 3654 sq.
1146 3582 1211 3654 ibiq.
1222 3584 1339 3637 casaub.
1354 3603 1378 3654 p.
1385 3579 1449 3642 435]

520 3694 555 3705 ·—
591 3695 627 3706 -
664 3696 698 3705 -
734 3685 796 3731 nac,
815 3687 875 3719 cum
892 3672 931 3724 sis
950 3682 1039 3724 cetero
1051 3671 1160 3741 fossor,

525 3757 589 3806 Tres
608 3763 717 3805 tontum
737 3754 775 3805 od
791 3774 915 3809 numeros
932 3761 1029 3828 Satyri
1048 3777 1168 3812 moveare
1187 3759 1327 3826 Bathylli.

405 3839 452 3892 Sic
471 3839 544 3892 enim
559 3839 633 3893 hunc
650 3840 739 3895 locum
760 3854 831 3895 recte
851 3845 964 3900 restituit
983 3849 1169 3914 casaubonus,
1190 3867 1272 3920 quem
1294 3847 1362 3902 vide.
1397 3849 1448 3898 nto-

407 3928 464 3980 vcri
480 3928 673 3981 adnumerum
692 3941 730 3982 est
748 3930 852 3986 saltare.
889 3933 994 3988 Lucret.
1019 3935 1064 3988 lib.
1081 3936 1111 3988 ll.
1132 3937 1217 4004 [631]

519 4017 632 4068 Ludunt
643 4018 671 4069 in
683 4038 874 4094 numerumque
886 4025 1013 4076 exultant
1023 4027 1155 4096 sanguine
1166 4027 1260 4081 loeti.“
1278 4025 1449 4079 Graevius.

407 4104 435 4157 ln
467 4103 535 4155 Edd.
566 4102 674 4159 wales.
709 4118 735 4160 51
767 4109 907 4182 Forbigeri
941 4112 1037 4184 legitur
1070 4114 1203 4184 sunguine
1228 4116 1362 4186 sletei:
1392 4132 1450 4186 quos

406 4194 471 4247 vide.
509 4192 567 4246 Mr.

476 4292 556 4332 estro
574 4287 722 4354 numerum]
743 4287 790 4353 „si
810 4287 901 4343 leviter
920 4292 1036 4361 peccavit
1056 4301 1148 4344 contra
1169 4290 1241 4362 leges
1259 4304 1349 4363 gestus
1368 4304 1393 4346 ct
1407 4289 1451 4344 sal·

406 4372 475 4422 tus.“
511 4370 533 4421 F
540 4390 610 4425 acc.

476 4474 504 4506 se
521 4459 625 4510 morit
644 4471 723 4512 extro
743 4466 903 4532 reuisurum]
947 4470 1088 4532 „Moreot‚
1107 4478 1217 4538 septem.
1264 4472 1373 4536 Movet,
1395 4467 1450 4520 duo·
