3450 5342
601 699 797 747 ninsnoxon
821 700 870 746 ni.
899 699 967 747 cin.
985 701 1019 746 n.
1265 685 1337 759 145

248 886 252 894 ·
355 861 516 934 Saguntini]
537 861 596 927 „Ab
613 859 763 914 Hannibale
781 860 889 914 obsessi.
926 858 1015 914 livius
1033 860 1079 916 lib.
1099 862 1171 919 XXl.
1190 866 1257 934 [24]
1282 870 1336 923 Po-

283 951 374 1023 lybius
401 949 448 1004 lib.
467 948 510 1002 lll.
534 950 603 1017 [11]
635 947 725 1002 Valer.
752 939 821 1001 Mat.
848 947 893 1001 lib.
913 949 958 1000 Vl.
989 967 1049 1020 cap.
1069 952 1094 1005 6.
1121 948 1204 1006 Silius
1228 954 1286 1010 Lib.
1305 958 1337 1012 11.

284 1041 394 1110 [magne
412 1058 441 1091 es
461 1039 557 1109 perte]
576 1036 672 1091 Cicero
691 1036 720 1090 in
736 1035 910 1106 Philipp.[V‚
921 1039 965 1102 to,
979 1038 1043 1104 21].
1079 1037 1149 1092 lline
1167 1043 1338 1110 proverbium

282 1126 438 1198 Saguntina
451 1125 569 1196 faeeee.“
587 1123 663 1179 ΑΜ.
679 1123 765 1177 Man.
809 1122 851 1177 De
872 1123 1014 1194 proverbio
1039 1125 1097 1178 vide
1115 1126 1219 1180 Erasini
1244 1139 1271 1183 et
1295 1132 1338 1187 att.

285 1214 385 1287 Adagia
404 1214 466 1282 (Ed.
484 1213 607 1269 Wecltel.
625 1214 705 1268 1199.
725 1213 743 1266 i.
762 1215 812 1278 m.)
831 1231 857 1283 p.
872 1214 949 1266 1436.
969 1241 1003 1252 -
1022 1214 1103 1280 „Vid
1124 1214 1236 1269 Florum
1246 1217 1278 1285 ll,
1291 1222 1338 1274 6.“

283 1302 405 1356 Graes.
449 1300 532 1355 Conl.
556 1303 589 1356 ed
609 1302 634 1355 h.
653 1302 672 1357 l.
695 1301 870 1372 interpretes,
899 1319 920 1352 v.
949 1320 971 1353 c.
996 1301 1024 1352 in
1043 1300 1092 1355 Ed.
1116 1302 1291 1360 llerrnannid.
1311 1327 1337 1378 p.

283 1393 457 1455 tot-tem
475 1389 526 1444 Ed.
542 1389 652 1444 Graevii
671 1409 698 1461 p.
716 1391 891 1452 ese-1853
915 1387 958 1440 od.
976 1386 1093 1442 Ducliee.
1121 1410 1147 1461 p.
1167 1394 1220 1446 tet
1229 1398 1336 1460 -ette

284 1476 334 1531 Ed.
352 1478 447 1550 Beger.
467 1498 494 1550 p.
513 1481 575 1534 111).
623 1475 655 1530 ln
677 1476 746 1531 Cod.
774 1475 825 1530 0¹.
844 1493 874 1538 ψ.
902 1475 1027 1530 scribitur
1049 1480 1242 1547 Saguntum's
1269 1481 1336 1538 Cod.

283 1563 355 1617 Gud.
374 1565 408 1620 Α.
421 1577 515 1635 putee,
535 1565 608 1637 quod
622 1563 687 1618 nihil
705 1563 779 1618 aliud
799 1563 880 1617 voluit
900 1582 955 1616 esse
974 1563 1078 1632 eonibe,
1105 1585 1186 1637 quem
1204 1588 1336 1644 compen.

282 1652 358 1704 dium
378 1653 449 1706 eoois
463 1663 599 1721 parentes.
641 1652 714 1705 Turn
737 1651 816 1704 Dred.
836 1655 863 1704 2.
890 1649 969 1704 habet
995 1654 1077 1704 emori
1094 1653 1190 1708 liberos
1196 1678 1207 1718 ,-
1232 1658 1291 1714 Cn,
1310 1667 1335 1716 2,

282 1739 372 1789 vivere
390 1756 489 1791 servos.
526 1738 567 1791 Ad
586 1757 609 1789 v.
627 1739 709 1790 emori
726 1737 836 1808 eiusque
853 1737 1012 1790 senteutiam
1031 1738 1082 1792 nid.
1098 1739 1270 1800 Doederlein.
1281 1747 1335 1802 Lat.

282 1825 390 1896 Synon.
408 1844 434 1878 u.
452 1824 570 1896 Etymol.
589 1823 633 1890 lll,
651 1844 680 1897 p.
699 1825 870 1888 ese-185,
900 1824 946 1895 qui
965 1824 1045 1878 offert
1063 1825 1154 1881 locum
1173 1829 1335 1889 simillimum

283 1933 313 1965 ex
332 1911 383 1966 Or.
410 1915 438 1966 in
465 1912 556 1965 Pison.
575 1916 605 1966 1.·
632 1912 707 1964 Huic
734 1910 803 1962 enim
827 1910 927 1980 populo
951 1912 993 1963 ita
1014 1913 1078 1983 suit
1101 1913 1212 1970 libertas
1240 1921 1337 1987 invito,

284 2001 364 2068 [mire
380 2011 419 2069 pst
436 1999 520 2081 apud.
538 1999 625 2053 Doed.
642 1999 750 2066 insted
775 2008 807 2050 ut
835 1999 943 2050 emori
965 2001 1074 2068 potius,
1104 2022 1185 2075 quam
1202 2009 1337 2060 seruire

282 2098 445 2158 praestaret.
480 2087 556 2141 Adde
575 2087 606 2140 E.
628 2089 660 2139 V.
679 2086 710 2141 E.
742 2084 827 2155 Vogel
854 2085 882 2144 in
907 2085 1012 2140 Proles.
1036 2087 1179 2159 Bipontine
1208 2114 1231 2148 a.
1251 2099 1336 2152 1830:

249 2200 254 2207 ·
285 2174 363 2229 Obss.
378 2175 411 2229 ed
429 2176 533 2248 aliquot
551 2174 691 2229 Ciceronis
710 2174 784 2228 looos
802 2193 829 2244 p·
849 2176 903 2239 21,
922 2179 969 2246 qui
986 2175 1081 2230 merito
1101 2179 1226 2246 miratur,
1246 2181 1336 2236 Gem-

283 2264 397 2317 herdum
415 2264 449 2319 ad
469 2267 526 2317 Cat.
542 2265 606 2331 maj.
626 2266 671 2330 19,
688 2266 732 2318 11.
750 2282 776 2333 p
792 2265 860 2327 131,
881 2262 1017 2316 laudatum
1033 2263 1094 2318 ideo
1112 2287 1126 2318 a
1146 2268 1336 2324 Doederleinio

285 2353 302 2405 l.
321 2373 358 2419 o,
377 2353 474 2408 docem
493 2352 620 2418 noluisse,
645 2371 661 2404 a
680 2349 813 2405 Cicerone
838 2350 981 2402 eniorieedi
1001 2353 1110 2405 verbum
1130 2375 1184 2407 non
1204 2360 1335 2429 usurpari,

284 2442 335 2493 nisi
353 2441 439 2494 forma
457 2438 591 2505 Infinitivi,
610 2459 673 2493 cum
692 2439 724 2492 sit
741 2439 838 2493 Tusco
853 2437 873 2503 1,
885 2442 912 2504 4,
929 2440 978 2492 ⁹6:
1001 2449 1090 2491 tamen
1109 2461 1160 2494 non
1179 2445 1337 2498 miserabili·

285 2541 327 2583 ter
344 2533 388 2585 vir
405 2532 497 2583 olores
514 2531 695 2584 emoritur.
730 2528 793 2581 ΜΓ.

356 2618 516 2689 Seguntim]
543 2628 607 2682 ‚,ut,
636 2627 742 2686 praeter
759 2616 839 2679 elios,
865 2615 1032 2668 narratVal.
1051 2615 1183 2670 Maximus
1202 2619 1228 2671 in
1247 2619 1292 2673 lib.
1312 2627 1336 2676 e,

283 2723 345 2776 cap.
364 2708 390 2757 6.
426 2702 462 2756 Se
481 2703 545 2775 ipsi,
564 2722 694 2774 suosque,
714 2715 741 2756 et
757 2721 804 2756 sne
822 2702 1109 2775 omniapublioorogo
1128 2707 1337 2778 superjecerunt‚

282 2811 318 2845 ne
338 2791 366 2843 in
384 2789 526 2844 Annibalis
543 2800 701 2862 potestatem
721 2791 868 2844 venirent.“
887 2790 910 2843 F
916 2810 983 2845 ecc.

357 2879 513 2951 Saguntini]
533 2879 694 2950 „Hispaniae
712 2879 840 2933 citeiiorie
855 2880 931 2944 urbs,
951 2879 1021 2932 sooie
1040 2880 1235 2947 Romanorum,
1257 2903 1336 2954 quam

282 2965 416 3020 Hannibal
434 2967 510 3020 initio
529 2966 591 3020 belli
608 2967 700 3039 punici
719 2967 829 3021 secundi
856 2983 928 3021 enno
947 2987 970 3020 a.
988 2987 1015 3020 n.
1035 2986 1074 3020 ee.
1093 2973 1153 3024 111.
1171 2974 1336 3042 expugnavit.

283 3054 426 3124 Saguntini
444 3074 507 3109 cum
521 3074 548 3108 se
566 3055 600 3108 ad
620 3067 768 3110 extremum
786 3075 872 3127 usque
892 3055 1084 3122 defendissent,
1104 3076 1155 3111 nee
1174 3057 1227 3111 ulla
1248 3060 1337 3114 salutis

283 3154 424 3213 appareret
441 3163 510 3214 spes,
529 3155 652 3215 ponentes
666 3162 737 3209 suos,
756 3142 884 3213 coniuges
903 3152 928 3195 et
945 3143 1043 3197 liberos
1059 3145 1261 3211 interfecerunt,
1280 3159 1335 3201 tum

283 3233 347 3301 igne
365 3233 487 3286 coniecto
507 3233 534 3284 in
553 3232 650 3285 urbem
669 3250 732 3286 eum
759 3249 789 3282 ee
808 3229 1017 3300 conflagrarunt.
1038 3260 1072 3269 —-
1117 3231 1162 3284 Est
1178 3243 1267 3285 autem
1294 3233 1338 3288 bie

282 3319 452 3391 syllogismus
469 3319 628 3389 implicitus,
659 3319 736 3372 cuiue
759 3330 863 3372 tantum
882 3337 936 3371 una
953 3318 1102 3371 enuntiatio
1121 3319 1246 3388 ponitur,
1274 3321 1339 3372 reli-

283 3426 354 3478 quae
373 3407 442 3458 duee
458 3405 606 3457 reticentur
623 3403 684 3456 liae:
708 3405 791 3474 Atqui
804 3403 946 3473 Saguntini
966 3423 1021 3457 non
1045 3405 1157 3456 luerunt
1177 3406 1337 3474 parricidae:

282 3512 351 3562 ergo
371 3491 433 3545 lieet
450 3508 647 3561 nonnunquam
668 3500 791 3560 parentes
808 3509 871 3542 suos
889 3491 1037 3544 occidere.“
1054 3490 1095 3539 W
1105 3491 1236 3558 yttenb.

355 3579 521 3648 parricidae]
551 3578 740 3643 „Patriddoe‚
771 3579 901 3649 septem.“
935 3576 1009 3629 Ald.
1026 3574 1155 3628 Menut.
1197 3573 1235 3629 lta
1260 3576 1339 3630 etiam
1424 3590 1427 3595 '

283 3667 353 3720 Cod.
374 3666 433 3718 Cre.
453 3669 478 3719 1.
498 3677 524 3719 et
543 3663 611 3717 Edd.
637 3665 729 3720 Lamb.
754 3663 852 3718 Colon.
878 3665 962 3736 Lngd.
988 3663 1065 3718 lldlb.
1082 3662 1117 3734 (e.
1137 3662 1154 3715 l.
1173 3673 1198 3717 et
1217 3662 1268 3732 a.)‚
1292 3665 1338 3719 sed

284 3753 360 3824 Sylb.
382 3751 442 3805 Atd.
460 3756 539 3806 1511.
567 3755 720 3822 paricidae,
754 3765 783 3806 ut
808 3754 900 3807 scribit
926 3752 1132 3823 Osenbriiggen.
1159 3750 1188 3805 in
1210 3752 1260 3805 Ed.
1289 3752 1338 3807 Oe.

285 3840 342 3893 Cic.
361 3859 411 3911 pro
430 3839 489 3894 Mil.
512 3839 568 3908 Vll,
588 3845 630 3895 11.
650 3862 676 3913 p.
687 3846 722 3895 12
741 3861 791 3913 ες,
811 3843 888 3895 cuius
905 3842 1038 3907 rationes,
1058 3861 1091 3894 eo
1109 3840 1170 3895 loco
1189 3842 1217 3897 in
1235 3843 1340 3897 brevius

284 3937 452 3996 oontreetas,
480 3929 572 3982 videsis
591 3929 634 3982 in:
663 3928 755 3982 Kieler
774 3929 902 4001 philolog.
922 3929 1047 3984 Studien:
1077 3929 1132 3983 Des
1155 3929 1339 3984 altroemische

284 4016 447 4070 Pericidium
467 4020 558 4088 (teet.
576 4021 602 4071 8.
620 4036 665 4088 pp.
681 4017 744 4086 60:
765 4017 842 4070 ouius
859 4019 992 4071 rationem
1009 4017 1232 4088 etymologicam,
1259 4018 1340 4069 nimi·

284 4124 360 4169 rum,
379 4115 408 4158 ut
426 4105 459 4160 sit
477 4126 507 4159 ex
526 4103 598 4176 nupsi
617 4117 643 4159 et
659 4106 784 4172 caedere,
803 4106 939 4177 improbat
957 4106 1081 4171 liutsind,
1102 4105 1171 4176 prol.
1192 4102 1339 4172 Morburgq

284 4193 313 4245 in
343 4192 485 4246 annalibus
510 4192 607 4247 Philol.
639 4193 731 4264 (Neue
758 4194 887 4250 zeitschr.
914 4195 933 4248 l.
970 4194 994 4247 d.
1015 4192 1126 4246 Altertb.
1144 4189 1241 4256 wiss)
1258 4191 1336 4243 1844.

286 4277 331 4330 Nr.
350 4284 482 4336 42-44.
519 4281 577 4336 Mn.

355 4388 419 4441 erge
436 4381 463 4422 et
479 4370 590 4440 parenti
607 4371 673 4439 eto]
720 4370 826 4436 „Nesus
857 4369 986 4424 oretionis
1010 4367 1053 4418 hic
1083 4363 1173 4435 paullo
1199 4363 1340 4418 obscurior

286 4465 331 4507 est.
369 4454 457 4511 Series
476 4468 514 4511 est
533 4455 607 4510 hoec.
644 4457 755 4510 Nihilne
772 4459 900 4522 interest,
927 4466 966 4509 est
985 4451 1141 4507 obiicientis.
1164 4452 1341 4523 respondetur

1062 4542 1108 4613 10
