3450 5342
359 660 433 735 336
770 674 935 725 excussus
962 675 992 721 v.

358 841 521 899 cumstantiis
539 858 646 905 rerum,
666 838 812 909 inquibus
830 848 972 908 peccatur,
991 835 1041 889 alia
1063 836 1146 906 paria,
1164 837 1217 890 alia
1239 839 1342 894 maiora
1364 842 1406 894 alia

357 935 460 986 minora
476 928 668 982 diiudicantur:
686 925 756 979 velut
772 925 875 979 socium
893 924 1021 977 fraudare
1034 934 1060 976 et
1079 924 1224 995 pupillum,
1245 929 1321 998 paria
1340 942 1408 983 sunt:

356 1032 382 1073 et
402 1029 503 1090 patrem
522 1015 647 1069 occidere
665 1012 786 1083 gravius,
806 1030 887 1083 quam
907 1029 1027 1064 servum:
1052 1022 1078 1065 et
1096 1015 1255 1085 quempiam
1277 1019 1408 1071 verberare

356 1107 451 1172 levius,
480 1123 561 1177 quam
589 1100 746 1155 interlicere.
791 1099 849 1152 lloc
877 1118 986 1170 quoque
1013 1099 1183 1170 paradoxon,
1211 1103 1285 1157 sicut
1311 1105 1405 1176 reliqua

355 1195 423 1259 alia,
450 1192 533 1247 Stoici
558 1211 587 1243 es
605 1189 749 1244 Socraticis
772 1188 941 1241 sermonibus
960 1187 1082 1242 videntur
1100 1189 1265 1260 arripuisse:
1291 1191 1405 1246 Socrates

355 1285 444 1346 enim,
473 1281 576 1334 tametsi
599 1278 690 1332 multis
708 1278 736 1331 in
763 1276 829 1331 locis
847 1277 906 1330 vitia
925 1276 1052 1347 gradibus
1070 1276 1225 1348 distinguit,
1251 1280 1347 1335 ultimo
1370 1293 1404 1335 ta·

356 1391 417 1424 men
436 1369 506 1422 libro
525 1368 558 1420 de
576 1366 705 1436 Legibus,
723 1366 755 1417 Si
774 1365 851 1437 quis,
870 1365 920 1429 ait,
936 1363 1075 1434 publicum
1087 1360 1212 1435 furatus
1226 1367 1337 1437 fuerit,
1355 1371 1402 1419 sive

351 1477 468 1529 parvum
484 1457 540 1508 sive
562 1472 705 1525 magnum,
724 1453 786 1522 pari
801 1470 889 1522 poena
904 1453 1053 1523 puniatur:
1073 1454 1120 1524 qui
1138 1471 1260 1526 namque
1279 1474 1333 1507 rem
1345 1475 1400 1525 par·

354 1565 415 1599 uum
433 1544 564 1609 sustulit,
592 1541 716 1614 quamuis
744 1540 843 1592 minore
868 1541 909 1605 vi,
939 1558 1020 1610 quam
1038 1540 1085 1611 qui
1103 1559 1253 1612 magnum,
1282 1544 1401 1610 rapuerit,

352 1651 441 1705 nequa
460 1640 549 1683 lamen
567 1629 718 1698 cupiditate
730 1629 852 1698 furatus
869 1638 920 1680 est.
968 1627 1001 1681 Et
1018 1627 1146 1680 Horatius
1173 1629 1200 1681 in
1223 1629 1350 1700 Epistolis
1372 1629 1399 1681 ad

352 1721 423 1774 hanc
448 1717 614 1773 Socraticam
642 1727 669 1769 et
695 1714 814 1770 Stoicam
839 1715 997 1769 sententiam
1022 1714 1122 1770 allusit:
1158 1715 1231 1783 [Lib.
1251 1715 1271 1770 l.
1297 1717 1346 1788 Ep.
1363 1720 1399 1770 lb.

352 1829 374 1862 v.
393 1806 539 1872 54-562]

387 1896 430 1949 Sit
448 1912 509 1962 spes
522 1891 657 1964 fallendi,
675 1890 795 1944 miscebis
812 1910 894 1944 sucro
908 1891 1054 1963 profanis:

387 1985 459 2034 Num
478 1982 509 2032 de
527 1981 598 2032 mille
610 1978 699 2051 sabos
716 1979 811 2032 modiis
829 1999 890 2031 cum
906 1977 1023 2050 surripis
1038 1999 1137 2046 unum,

387 2076 523 2124 Damnum
540 2079 597 2133 est,
614 2087 666 2120 non
686 2067 816 2139 focinus,
842 2068 908 2119 :rsilsi
922 2078 1004 2138 puolo
1023 2067 1109 2120 leuius
1126 2067 1212 2121 islo.“

1081 2137 1227 2191 Audom.
1249 2138 1394 2192 Talarus.

421 2272 475 2310 „-
486 2241 611 2307 Ceterum
630 2253 656 2295 et
675 2241 753 2295 buius
770 2251 796 2294 et
814 2239 928 2293 aliorum
948 2238 1100 2312 παραδόξων
1118 2244 1335 2299 confutationem
1347 2243 1394 2294 vide

350 2341 446 2402 quarto
466 2341 583 2383 extremo
609 2329 642 2380 de
665 2328 777 2382 Finibus
794 2329 864 2398 [cap.
883 2333 926 2397 21,
947 2334 990 2384 14.
1010 2332 1126 2398 15.16.]
1154 2333 1236 2385 cuius
1261 2333 1313 2387 loci
1338 2331 1394 2384 baec

351 2419 429 2472 verba
446 2417 474 2472 in
493 2417 586 2490 primis
602 2427 665 2470 sunt
683 2415 882 2470 memorabilia:
909 2419 953 2468 Eu
969 2418 1064 2470 iisdem
1082 2418 1225 2471 uerborum
1246 2419 1391 2490 praestigiis

348 2518 376 2560 et
394 2525 478 2578 regno
495 2504 570 2558 uobis
587 2516 656 2557 nora
674 2514 740 2557 sunt
757 2514 784 2556 el
802 2506 915 2574 imperia
932 2515 959 2557 st
977 2505 1106 2571 divitiae,
1124 2515 1152 2556 st
1172 2518 1273 2559 sauros
1291 2508 1391 2580 quidem,

349 2607 381 2647 ul
399 2595 503 2660 omnia,
532 2612 602 2666 quoe
620 2590 718 2664 ubique
741 2592 814 2655 sint,
837 2593 968 2660 sapientis
992 2611 1049 2645 esse
1074 2594 1189 2646 dicatis:
1219 2595 1308 2646 solum
1321 2610 1390 2662 pros·

347 2692 420 2733 tersa
436 2684 597 2753 formosum,
614 2679 700 2732 solum
717 2677 838 2745 liberum,
855 2679 943 2731 solum
953 2680 1049 2732 ciuem:
1067 2681 1219 2732 stultorum
1237 2685 1325 2734 omnia
1340 2700 1391 2733 con-

348 2770 445 2833 trariu,
463 2788 530 2841 quos
548 2769 631 2819 etiam
650 2767 760 2818 insanos
776 2766 937 2820 essevullis.
970 2766 1004 2821 Et
1022 2768 1112 2837 paullo
1131 2780 1206 2839 post:
1228 2772 1324 2822 Omnia
1339 2789 1390 2839 pec·

346 2867 411 2908 colu
427 2858 508 2926 paria
526 2874 583 2907 esse
602 2855 692 2906 dicitis
711 2864 764 2906 etc·
797 2854 852 2904 Hic
870 2853 996 2924 urribiguo
1012 2855 1140 2910 ludimur.
1187 2857 1294 2911 Locum
1315 2859 1389 2928 ipsum

345 2944 450 2997 videant
467 2941 654 2996 studiosil‘fl.
673 2940 776 2993 Wolf.
813 2941 917 3007 „Habet
935 2941 986 2995 hoc
1005 2942 1164 2996 Paradoxon
1187 2944 1249 3014 plus
1272 2944 1388 2998 subtilita-

345 3033 390 3095 tis,
410 3049 493 3102 quam
511 3028 634 3091 veritatis,
653 3027 768 3099 ideoque
785 3048 801 3080 a
820 3029 1004 3100 compluribus
1022 3030 1217 3101 reprehensum
1233 3045 1287 3087 est:
1307 3033 1332 3084 iu
1344 3030 1387 3101 pri·

344 3117 394 3168 mis
411 3125 473 3168 ve'ro
491 3116 524 3167 ab
543 3114 653 3167 Horatio
671 3112 725 3167 Sat
741 3113 763 3181 l,
782 3119 808 3182 3,
828 3120 878 3170 stt:

415 3203 497 3273 Queis
512 3203 595 3270 puria
611 3221 668 3254 esse
681 3202 745 3272 sere
760 3203 868 3272 placuit
884 3214 1010 3274 mocula,
1029 3204 1171 3271 laborant,

415 3294 480 3342 Cum
499 3299 607 3342 ventum
625 3290 663 3340 ad
680 3309 772 3342 verum
789 3302 846 3343 est:
866 3311 961 3344 sensus
975 3311 1111 3362 moresque
1129 3309 1304 3366 repugnant,

413 3378 508 3448 Atque
525 3378 586 3444 ipsa
605 3377 731 3442 utililas,
748 3378 818 3429 iusti
833 3397 916 3446 prope
934 3390 1021 3432 rnoler
1037 3390 1065 3431 el
1084 3383 1175 3452 aequi.

342 3461 422 3516 Cani.
440 3463 504 3516 item
523 3463 578 3518 Cic.
603 3463 636 3517 de
661 3463 798 3529 Finn.lll,
817 3469 860 3518 14.
885 3464 936 3519 boc
964 3467 1118 3536 paradoxon
1148 3490 1177 3522 er
1206 3470 1317 3526 Catonis
1334 3490 1385 3543 per·

340 3569 404 3603 sona
430 3551 592 3605 affirmans.“
618 3551 863 3622 Wyttenbach.
912 3555 1014 3608 Laudat
1041 3555 1222 3612 Gernbardus
1249 3557 1385 3614 librumC.

340 3635 462 3691 Garvii
481 3639 576 3708 (seculi
601 3640 747 3709 superioris
773 3639 938 3712 philosophi,
972 3662 1053 3713 quem
1072 3644 1233 3699 eclecticum
1263 3648 1319 3714 alii,
1348 3647 1385 3700 alii

341 3724 499 3794 popularem
519 3727 640 3792 dicunt,)
669 3726 715 3797 qui
743 3727 912 3782 inscribitur:
941 3731 1162 3800 Plsilosopbisclse
1188 3735 1385 3804 Anmerkurrgen

338 3830 366 3862 u.
390 3809 610 3882 Abboudlungen
636 3831 671 3863 zu
699 3814 809 3868 Cicero’s
834 3819 959 3870 Bis'clsern
985 3838 1037 3870 uon
1064 3819 1114 3871 den
1143 3823 1294 3890 Pfliclsten,
1318 3819 1347 3872 Τ.
1365 3819 1383 3871 Ι.

339 3916 365 3966 p.
376 3898 503 3951 17-30.
524 3897 620 3964 (EM.
640 3899 747 3953 Vratisl.
760 3903 839 3970 1192.
857 3907 896 3971 8.)
916 3905 1055 3977 additque:
1075 3906 1211 3972 „Garvius
1231 3911 1296 3964 illud
1314 3927 1382 3980 prae-

339 3995 464 4056 ceptum,
483 3986 555 4057 quod
575 3985 715 4040 bominum
734 3989 802 4043 lacta
823 4012 879 4045 non
898 4005 1008 4060 eventu,
1034 3995 1079 4047 scd
1100 3995 1238 4051 voluntate
1255 3998 1307 4050 vult
1323 3995 1383 4049 iudi·

337 4075 406 4134 cari,
424 4073 596 4143 probandum
615 4087 762 4151 aptumque
781 4099 835 4133 esse
854 4079 932 4134 docet
951 4081 984 4134 ad
1005 4100 1112 4134 morum
1133 4083 1305 4156 disciplinam
1322 4096 1345 4136 et
1354 4080 1382 4134 ad

334 4155 475 4212 hominum
496 4162 668 4233 dignitatem,
686 4165 805 4237 ipsorum
825 4169 942 4222 consiliis
959 4170 1063 4241 potius,
1088 4190 1174 4241 quam
1194 4173 1382 4227 conditionibus

335 4248 503 4301 metiendam.
539 4251 613 4304 ldem
631 4252 748 4307 alienum
767 4255 799 4306 V.
811 4255 845 4308 D.
865 4258 953 4328 arguit
974 4277 1028 4310 esse
1050 4277 1064 4310 a
1084 4257 1263 4329 legislatione,
1284 4269 1382 4332 propter

335 4333 445 4387 nimiam
464 4339 600 4407 quandam
618 4341 805 4407 subtilitatem,
825 4363 839 4397 a
860 4345 926 4398 vitae
946 4346 1098 4398 communis
1118 4366 1184 4414 usu,
1214 4368 1276 4402 cum
1294 4346 1380 4419 gradus

334 4420 385 4473 sint
404 4433 429 4474 et
447 4423 599 4478 officiorum
619 4441 644 4482 et
662 4432 840 4486 contentionis
859 4433 885 4485 in
905 4433 1000 4486 virtute
1020 4435 1183 4494 exercenda,
1204 4449 1230 4490 et
1250 4433 1379 4508 perlectio-
