3450 5342
337 679 409 751 146
656 695 829 743 nicanora
857 692 1053 741 srorconuss.

335 864 363 916 in
382 862 434 915 his:
453 859 528 912 nuda
546 858 601 910 isto
620 858 645 909 si
662 874 762 924 ponus,
781 855 798 907 i.
813 873 836 906 e.
856 854 913 907 sine
932 854 1121 920 adiunctione,
1142 853 1174 906 de
1196 872 1277 907 cansa
1298 856 1384 910 caedis.

336 950 427 1020 Pergit
444 945 519 1018 loqui
538 944 716 1010 adversarius,
752 942 856 1008 dicens,
885 962 915 995 es
939 942 984 996 itta
1014 941 1142 1014 opinione
1172 942 1208 994 de
1233 942 1385 1015 aequalitate

336 1046 507 1109 peccatorum
526 1034 609 1105 sequi,
627 1031 840 1102 Saguntinorum
854 1029 933 1084 inisse
952 1030 1139 1102 parricidium:
1157 1031 1233 1102 qnod
1253 1051 1311 1085 esse
1327 1051 1385 1086 con-

336 1135 375 1178 tra
394 1141 500 1177 sensnm
520 1126 692 1174 communem
711 1131 737 1173 et
755 1119 890 1173 iniustum.
909 1117 1048 1190 bincergo
1063 1116 1184 1190 intelligi,
1203 1118 1279 1172 idem
1294 1120 1382 1174 sactum

337 1212 401 1266 alias
419 1228 475 1263 esse
493 1208 652 1276 honestum,
671 1205 736 1261 aiias
752 1208 910 1262 sceleratum
930 1210 999 1261 etc.“
1035 1206 1111 1259 Ern.

408 1301 482 1366 Ergo
498 1306 526 1347 et
542 1295 653 1364 parenti
663 1296 867 1367 nonnunquam]
898 1294 939 1347 Ad
955 1293 1061 1347 Ernesti
1078 1305 1170 1349 annot.
1184 1305 1260 1348 recte
1272 1294 1383 1348 animad-

338 1385 413 1439 vertit
423 1382 533 1448 Gemit„
551 1382 642 1437 iocum
661 1381 718 1434 eius
736 1379 799 1435 noti
818 1381 1014 1454 impeditiorem
1031 1401 1086 1436 esse
1104 1382 1221 1448 iactum,
1241 1384 1382 1453 rectiusque

337 1471 499 1527 Wetzelium
528 1469 593 1524 haec
618 1469 708 1522 omnia
732 1469 794 1522 inde
819 1489 834 1522 a
855 1469 939 1521 Nuda
957 1469 1012 1521 isto
1031 1479 1081 1523 etc.
1126 1469 1254 1524 Ciceroni
1278 1470 1382 1523 tribuere

337 1555 518 1632 respondenti.
537 1587 571 1598 -
609 1558 698 1610 Verba
718 1567 745 1608 st
761 1558 872 1626 parenti
890 1556 985 1610 omissa
1005 1558 1113 1612 suntin
1133 1557 1201 1612 Cod.
1223 1561 1283 1612 Cra.
1303 1561 1332 1621 1;
1360 1556 1381 1607 in

337 1648 431 1701 eodem
451 1657 490 1700 est
507 1645 602 1697 audivi
620 1664 671 1717 pro
690 1645 786 1708 adimi,
803 1645 831 1697 in
851 1643 903 1701 Os.
922 1644 941 1697 l.
961 1646 1037 1715 eripi.
1073 1645 1212 1710 „Poenam
1230 1645 1260 1698 in
1281 1645 1382 1717 parrici-

338 1736 384 1789 das
401 1735 450 1804 (ita
469 1734 549 1805 Borg.
569 1733 597 1785 in
616 1731 721 1801 annot.)
739 1731 842 1803 legibus
869 1733 997 1786 Romanis
1015 1734 1199 1798 constitutam,
1231 1732 1323 1804 legant
1343 1732 1381 1784 ha·

337 1843 398 1878 rum
417 1841 508 1876 rerum
527 1821 624 1875 curiosi
642 1821 720 1874 Rosc.
746 1820 838 1873 rimer.
862 1823 897 1876 25
917 1821 975 1892 sq.“
1006 1819 1072 1873 Add.
1098 1819 1130 1872 11.
1153 1818 1184 1875 E.
1210 1817 1380 1872 Dirirseuii

337 1910 465 1964 Manuaie
488 1909 636 1962 Latinitatis
659 1907 788 1961 Fontium
822 1907 889 1960 iuris
914 1907 1004 1961 civitis
1038 1908 1117 1960 Rom.
1149 1927 1172 1958 r.
1199 1906 1381 1969 Parricidium,

338 2017 364 2068 p.
384 2000 445 2051 680.
464 1997 490 2049 1).
527 1996 606 2049 Nunc
624 1994 685 2048 add.
702 1994 734 2047 E.
753 1993 943 2061 Kaercher,
962 1996 990 2048 in
1011 1995 1091 2049 Beitr.
1109 2015 1131 2046 a.
1150 1994 1208 2049 Lat.
1229 1994 1344 2066 Etymoi.
1362 2012 1381 2045 u.

341 2084 478 2155 Lesicogr.
498 2080 517 2135 1.
533 2081 600 2135 Lief.
620 2086 645 2136 8.
681 2081 778 2155 stuttg.
797 2086 876 2138 1844.
910 2083 969 2138 ΜΓ.

410 2181 437 2221 et
456 2188 532 2223 servo
550 2189 629 2240 saepe
647 2171 704 2224 sine
721 2171 823 2223 iniuria
841 2190 894 2224 non
910 2173 1021 2241 potesn]
1059 2172 1160 2225 Vocem
1179 2183 1208 2223 et
1219 2170 1382 2225 omittitCod.

339 2256 398 2311 Cra.
418 2259 450 2320 1;
468 2254 540 2308 idem
558 2275 620 2310 cum
637 2256 716 2312 Drsd.
733 2263 761 2312 4.
781 2257 879 2313 omittit
896 2277 991 2329 scopu
1019 2258 1099 2311 Drsd.
1116 2260 1141 2310 1.
1161 2269 1188 2311 et
1205 2263 1231 2314 3.
1251 2260 1346 2313 babent
1361 2267 1382 2308 et

339 2362 442 2414 saepe
460 2363 569 2397 servo.
605 2342 670 2396 On.
683 2344 702 2396 1.
723 2366 747 2414 η.
768 2346 844 2399 vita
860 2347 956 2416 eripi
974 2365 1029 2399 non
1046 2356 1136 2416 potest
1155 2365 1218 2399 cum
1236 2346 1382 2400 Drsd.4.-·

341 2432 480 2504 „Antiqno
498 2431 557 2484 inre
576 2433 761 2486 Romanorum
781 2433 883 2486 domini
903 2432 930 2486 in
957 2452 1093 2486 servorum
1119 2452 1215 2488 necem
1234 2444 1381 2506 potestatem

340 2520 499 2574 babuerunt.
537 2525 654 2574 Auctore
672 2521 825 2575 Modestino
845 2521 915 2574 libro
933 2521 1097 2593 Digestis.
1123 2522 1156 2574 ad
1180 2521 1269 2594 legem
1289 2525 1381 2576 Corne·

315 2609 402 2665 (iiam
421 2611 455 2664 de
473 2609 596 2676 Sicaniis,
615 2620 673 2680 post
692 2608 778 2680 legem
796 2608 952 2662 Petroniam
971 2621 996 2662 et
1015 2608 1128 2663 Senatus
1148 2609 1271 2664 consulta
1291 2611 1380 2662 adeam

339 2699 425 2769 legem
444 2698 614 2769 pertinentia,
634 2697 749 2751 dominis
768 2708 882 2769 potestas
900 2697 987 2750 ablata
1006 2709 1052 2764 est,
1071 2698 1104 2750 ad
1123 2697 1220 2751 bestias
1233 2697 1381 2769 depugnan-

341 2786 386 2840 das
408 2806 456 2840 suo
475 2785 586 2840 arbitrio
606 2805 693 2838 serios
710 2784 824 2838 tradere.
859 2783 961 2838 Oblato
980 2797 1068 2838 tamen
1084 2785 1165 2840 iudici
1183 2805 1270 2852 serso,
1289 2787 1309 2837 si
1327 2785 1381 2836 insta

340 2874 443 2926 domini
463 2871 571 2944 querela
591 2871 638 2934 sit,
659 2890 761 2940 poenae
781 2873 908 2926 tradetur.
955 2873 1121 2939 Hadrianus,
1151 2885 1181 2928 ut
1208 2875 1236 2927 in
1264 2875 1319 2926 eius
1341 2871 1380 2923 vite

340 2958 431 3011 Aelius
449 2956 608 3027 Spartianus
627 2957 718 3023 tradit,
748 2959 782 3024 [c.
801 2961 844 3011 18.
870 2978 896 3028 p.
916 2962 959 3011 81.
987 2961 1027 3013 ed.
1047 2959 1180 3014 Schrerei.
1206 2961 1272 3032 ibiq.
1291 2959 1380 3014 Casan-

340 3044 416 3110 bon]
437 3061 525 3094 servos
550 3061 570 3093 a
594 3042 706 3096 dominis
725 3045 809 3096 occidi
833 3046 937 3112 vetuit,
964 3067 1060 3120 eosque
1083 3049 1165 3101 iussit
1195 3050 1320 3101 dantncri
1340 3063 1380 3115 per

339 3130 453 3195 iudices,
472 3129 496 3180 ei
514 3129 589 3200 digni
606 3136 720 3183 essent.“
738 3132 760 3183 F
768 3153 811 3187 rc.
830 3133 891 3204 Syl
902 3155 923 3186 v.
961 3135 1029 3189 Add.
1047 3133 1170 3190 Dirtsen.
1189 3136 1207 3189 1.
1226 3137 1243 3190 l.
1263 3158 1288 3209 p.
1298 3139 1352 3190 884.
1361 3151 1379 3183 a.

341 3214 394 3269 Sed
414 3215 464 3267 vid.
480 3235 549 3287 quae
567 3207 698 3288 c‘ongessit
716 3220 749 3272 de
768 3223 849 3274 serris
867 3242 1016 3296 eorumque
1045 3225 1116 3296 apud
1135 3226 1275 3278 Romanos
1299 3221 1379 3278 condi·

340 3306 413 3358 tione
433 3306 630 3359 Crencerus
648 3307 676 3360 in
695 3307 838 3381 Antiquitt.
856 3311 963 3364 Romm.
985 3333 1010 3382 p.
1031 3315 1159 3366 34-74.
1183 3313 1226 3366 ed.
1245 3317 1271 3365 2.
1290 3309 1379 3384 praeci·

340 3412 393 3465 pue
419 3393 452 3447 de
472 3394 645 3448 dominorum
664 3395 692 3449 in
711 3416 799 3451 servos
817 3398 875 3450 iure
896 3420 922 3471 p.
931 3403 966 3454 64
975 3420 1012 3471 sq.
1033 3411 1058 3452 et
1075 3399 1105 3451 F.
1125 3397 1296 3454 Creuaers
1308 3398 1379 3451 Deut-

340 3480 402 3534 scire
427 3480 561 3536 Schriften
580 3481 626 3549 w,
646 3486 671 3536 1.
721 3485 778 3549 Zur
801 3486 896 3539 Roem.
922 3486 1018 3542 Gesch.
1043 3487 1099 3540 und
1124 3484 1378 3545 Altertbumsiunde3

340 3570 404 3642 ibiq.
424 3568 444 3622 1.
463 3569 554 3625 Bticte
573 3571 623 3624 aui
637 3572 679 3625 die
698 3570 831 3626 Sttaverei
849 3574 887 3626 im
906 3573 977 3627 alten
995 3575 1074 3627 Rom.
1092 3596 1119 3646 p.
1138 3573 1247 3629 1424.
1285 3577 1336 3628 Mc.

410 3659 504 3724 Servo]
525 3657 690 3726 ,Quamvis
713 3659 830 3713 dominis
853 3661 882 3713 in
908 3680 1045 3715 serrorum
1074 3663 1137 3717 vitas
1164 3663 1206 3716 ius
1231 3674 1309 3729 esset,
1333 3675 1377 3712 ¹10n

340 3753 430 3796 tamen
450 3762 482 3796 eo
499 3744 557 3797 inre
574 3747 631 3798 sine
650 3764 740 3798 caussa
755 3757 782 3799 et
800 3747 903 3807 ratione
923 3750 960 3802 nti
980 3752 1132 3821 poterant.‘¹
1167 3749 1263 3805 Facc.

413 3832 504 3882 Causa
522 3832 609 3902 igitur
627 3833 710 3898 haec,
740 3853 792 3885 non
810 3846 912 3888 natura
932 3838 1077 3911 distinguit
1086 3840 1106 3905 t]
1143 3837 1207 3902 „Est
1229 3838 1306 3892 huius
1327 3851 1376 3888 scn-

341 3915 438 3969 tentiae
455 3915 522 3970 haec
539 3918 588 3971 vis:
617 3919 699 3974 Recte
718 3941 769 3975 nec
795 3943 830 3976 ne
849 3925 909 3996 quis
928 3937 1065 3997 parentem
1084 3925 1241 3994 interficiat,
1266 3944 1318 3981 non
1340 3938 1377 3995 ptr

340 4004 425 4076 ipsam
445 4016 568 4060 naturam
586 4007 761 4064 iudicandum
780 4024 831 4077 est,
850 4014 867 4066 i.
888 4034 910 4067 e.
932 4014 1004 4067 nude
1023 4025 1049 4068 et
1067 4014 1095 4067 in
1113 4014 1264 4080 abstracto,
1280 4013 1323 4068 sed
1338 4026 1376 4082 per

339 4111 455 4147 causam.
504 4092 590 4148 Causa
614 4107 702 4152 autem
729 4100 781 4155 hoc
809 4103 870 4157 ioco
899 4102 977 4155 habet
1002 4101 1137 4173 duplicem
1163 4102 1377 4173 significationen·

339 4181 461 4235 Primum
481 4182 553 4234 enim
572 4195 647 4238 notat
663 4186 706 4252 id,
738 4190 810 4260 quod
828 4188 907 4260 vulgo
928 4189 1025 4243 dicitur
1043 4191 1241 4245 circumstantia
1262 4191 1279 4243 i.
1298 4209 1320 4242 e·
1332 4194 1376 4238 ’311-

340 4279 382 4321 tus
400 4282 425 4323 et
444 4270 562 4324 conditio
583 4292 688 4341 rerum,
707 4276 735 4328 in
754 4297 806 4348 qua
825 4277 921 4349 aliquis
939 4289 977 4331 est
995 4279 1027 4332 de
1046 4278 1177 4332 eiusmodi
1195 4278 1268 4333 iacto
1292 4271 1375 4330 detite·

340 4371 416 4422 rans,
444 4357 524 4411 veluti
553 4359 674 4431 exemplo
698 4362 732 4416 de
757 4363 912 4435 Saguntinis
937 4385 991 4419 non
1021 4365 1178 4438 simpliciter
1206 4364 1374 4438 quaerebatur.

340 4440 404 4510 quid
424 4453 518 4496 natura
537 4445 656 4508 iuberet,
691 4467 753 4501 nam
772 4449 837 4504 baec
864 4453 982 4508 vetabat:
1010 4454 1055 4506 sed
1075 4473 1168 4520 causa,
1199 4456 1216 4509 i.
1236 4474 1258 4507 e.
1279 4462 1374 4520 tempta
