3450 5342
338 657 387 731 42
664 680 837 728 rensuum
864 679 1059 729 eroruonuu.

338 839 403 895 dicit
420 839 600 910 recusastis,
617 839 646 891 id
662 839 777 910 opponit
790 839 922 910 superiori
939 840 1025 904 verbo,
1043 849 1073 893 ut
1086 846 1157 892 recte
1171 839 1278 893 monuit
1289 840 1384 896 chsn.

337 929 394 983 Ecl.
412 927 466 982 cte
486 947 513 999 p.
525 931 588 982 tot.
605 927 750 999 laudatque
768 925 825 980 Cic
843 928 940 983 Tuscc.
954 928 975 992 1,
993 932 1038 982 25.
1056 927 1103 979 ubi
1121 928 1271 998 opponitur
1289 949 1342 980 non
1354 949 1384 992 re,

336 1018 384 1068 sed
401 1015 537 1068 vocabulo.
572 1014 627 1068 sed
646 1035 708 1069 cum
726 1013 752 1068 b.
766 1016 784 1068 l.
801 1014 980 1086 reprehendet
998 1013 1095 1068 Cicero
1114 1015 1238 1079 maiores,
1257 1015 1307 1086 qui
1324 1016 1384 1067 bono

335 1104 541 1177 appellaverint,
560 1123 629 1176 quse
646 1114 733 1159 essent
751 1103 952 1158 commutabilia
970 1113 997 1156 et
1015 1104 1133 1168 incerte,
1151 1103 1182 1154 in
1197 1110 1234 1155 eo
1252 1122 1311 1156 non
1332 1102 1384 1155 illos

335 1192 418 1245 modo
436 1190 578 1262 vituperat,
607 1192 652 1244 sed
671 1192 825 1247 universum
844 1193 902 1246 lere'
921 1211 1007 1263 genus
1030 1189 1194 1254 humanum,
1222 1199 1249 1243 el
1271 1190 1383 1260 pbiloso-

335 1280 403 1353 phos
420 1280 488 1333 odeo
505 1278 657 1351 plerosque.
694 1279 755 1348 Qus
774 1280 809 1333 de
827 1299 857 1332 re
882 1284 944 1333 'cum
970 1280 998 1332 in
1023 1270 1220 1333 commentario
1242 1297 1294 1329 suo
1312 1277 1381 1330 ruris·

335 1367 404 1420 simo
423 1367 524 1437 optime
543 1367 715 1437 disputaverit
726 1367 825 1439 Xystus
838 1365 982 1432 Betuleius,
1002 1367 1059 1418 eius
1075 1367 1280 1420 annotationem
1300 1365 1382 1436 paullo

334 1455 487 1526 longiorem
505 1455 639 1508 coniicere
663 1454 765 1525 placuit
785 1455 813 1507 in
832 1457 986 1507 Excursum
1003 1454 1171 1511 secundum(
1188 1454 1234 1506 cui
1251 1453 1381 1514 riddemm,

290 1587 293 1594 ,
337 1563 406 1614 quae
424 1543 548 1596 oddeuds
564 1543 726 1597 ridebuntur
738 1563 781 1615 en
793 1541 927 1598 Cicerone
942 1543 1011 1614 ipso,
1031 1542 1086 1612 qui,
1103 1541 1150 1594 ubi
1169 1561 1225 1593 non
1243 1541 1301 1612 ogit
1318 1540 1381 1593 Stoi·

337 1649 409 1696 cum,
428 1630 484 1702 ipse
502 1630 582 1684 liuius
600 1630 735 1702 praecepti
753 1629 793 1683 rel
812 1629 1027 1702 reprehensionis
1045 1630 1095 1682 luit
1113 1629 1267 1682 immemor.
1297 1629 1354 1681 Mr.

409 1721 537 1773 Potestne
555 1719 650 1771 bonum
669 1718 796 1790 cuiquam
813 1718 885 1771 malo
902 1717 989 1786 esee?]
1006 1716 1057 1784 „ln
1077 1716 1170 1770 codice
1186 1717 1302 1788 antiquo
1316 1717 1381 1770 aliter

335 1805 467 1877 scriptum
491 1805 614 1872 invenio,
643 1805 690 1860 sed
714 1805 807 1859 eadem
834 1804 974 1859 sententia.
1017 1804 1056 1858 lto
1083 1804 1155 1856 enim
1179 1804 1313 1875 scriptum
1338 1814 1380 1856 est:

335 1897 463 1946 Potestne
481 1895 609 1966 cuiquam
627 1895 723 1946 bonum
740 1894 793 1946 nisi
811 1892 878 1946 bono
895 1891 1003 1945 inesse?
1044 1888 1085 1944 Ab
1103 1891 1284 1944 efficientibus
1301 1901 1380 1944 autem

336 1980 438 2048 arguit,
463 1979 530 2033 baec
547 1983 618 2034 bona
637 2000 694 2034 non
713 2000 778 2035 esse.
812 1981 859 2034 His
876 1990 965 2034 sutem
985 1981 1066 2033 rebus
1086 1978 1163 2032 multi
1185 1978 1257 2033 frunt
1273 1979 1380 2033 deterio-

336 2083 388 2119 res.
423 2067 543 2121 Auctore
557 2067 743 2136 Quinctiliaoo
756 2068 801 2122 ΙΙΙ.
814 2073 841 2135 l,
853 2073 916 2124 tur.
936 2067 1055 2132 dvitiae,
1069 2067 1201 2138 potentio,
1219 2068 1317 2137 gratio
1331 2084 1381 2118 cuns

334 2154 482 2224 plurimum
506 2150 607 2208 virium¹
629 2157 692 2208 dent
716 2158 745 2209 in
770 2168 913 2230 utromque
935 2160 1060 2228 portem‚'
1085 2154 1262 2207 certissimum
1274 2155 1381 2225 faciunt

338 2260 441 2292 morum
458 2243 682 2311 experimentum:
706 2255 757 2296 aut
774 2246 843 2296 enim
856 2244 981 2297 meliores
992 2248 1104 2313 propter
1120 2243 1201 2305 hoec,
1220 2253 1273 2294 aut
1290 2244 1381 2312 peiores

337 2334 456 2384 sumus.“
480 2331 503 2382 F
509 2350 553 2385 rc.
573 2330 663 2404 Sylr.
698 2332 871 2400 „Haecsunt
889 2332 945 2385 fere
964 2331 1000 2384 in'
1015 2330 1146 2402 improbis
1169 2329 1341 2395 bominibus,
1361 2333 1382 2380 et

338 2428 438 2471 nocent
455 2420 561 2489 probis:
585 2438 641 2474 uon
660 2432 773 2492 possunt
793 2420 1067 2493 igitur·dici·-bona.“
1092 2417 1189 2471 Fac‘c.
1225 2417 1293 2484 „Est
1309 2434 1381 2486 orgu-

338 2514 460 2557 mentum
477 2505 610 2574 Stoicum,
630 2508 731 2562 malum
749 2509 887 2562 bominem
906 2507 944 2561 nil
963 2526 1039 2578 posse
1057 2505 1156 2559 babere
1174 2506 1256 2559 boni:
1277 2502 1380 2576 ergo,si

338 2592 425 2646 molus
442 2593 522 2649 babet
539 2595 656 2649 diritius:
674 2597 850 2669 consequitur
866 2595 968 2649 divitias
986 2614 1042 2648 non
1061 2613 1116 2648 esse
1131 2594 1267 2646 bonum;“
1287 2593 1380 2663 Wytt

337 2678 369 2732 ln
387 2678 454 2734 cod.
472 2681 531 2736 Cre.
548 2685 575 2739 3.
594 2695 654 2756 post
669 2695 792 2754 potestus
810 2683 906 2737 bonum
925 2702 1012 2735 uuum
1030 2682 1103 2736 deest
1123 2681 1248 2749 tonum,-
1264 2681 1379 2750 idemque

337 2770 424 2841 pergit
443 2790 501 2843 cap.
521 2776 546 2824 2.
565 2785 623 2843 post
641 2773 769 2825 medium.
788 2801 821 2813 -
852 2770 920 2824 Cod.
939 2771 1018 2823 Drsd.
1036 2774 1061 2824 5.
1082 2769 1162 2823 habet
1179 2779 1303 2840 potestne
1320 2764 1380 2819 cul-

337 2877 436 2929 quam
454 2858 576 2910 bonurn
593 2861 664 2911 molo
681 2878 775 2920 esses
794 2857 863 2913 Cod.
882 2857 954 2911 Gud.
973 2858 1005 2911 A.
1024 2858 1140 2927 cuipiam
1148 2877 1158 2918 ,·
1178 2855 1247 2909 cod.
1264 2856 1344 2909 Beru.
1361 2863 1380 2905 et

243 3004 247 3014 .
337 2963 359 2996 r.
375 2943 392 2997 l.
411 2945 543 3015 Magnoli,
561 2945 642 3000 Drsd.
662 2952 688 3000 ².
705 2946 772 3000 Osr.
788 2946 820 2999 E.
837 2947 871 3000 N.
890 2968 915 3016 p.
933 2948 1057 3018 cuiquam
1075 2945 1147 2997 molo
1162 2946 1297 2996 inesse:
1316 2940 1379 3014 quod

338 3050 398 3084 rere
414 3033 479 3086 dicit
492 3031 595 3085 Gerub.
614 3034 648 3086 ab
667 3044 790 3087 externae
803 3035 841 3086 rei
858 3035 1022 3105 possessione
1036 3033 1195 3104 discrepare.
1231 3032 1262 3084 ln
1275 3026 1379 3087 Gurtt.

338 3128 451 3171 estesse
468 3120 556 3180 mulos
583 3119 611 3172 in
634 3119 693 3174 (irs.
713 3126 738 3174 l.
758 3122 886 3175 malum
908 3141 972 3176 esse.
991 3150 1026 3162 --
1054 3120 1105 3175 Or.
1123 3140 1152 3173 ex
1170 3119 1221 3172 Ed.
1241 3138 1299 3190 prc.
1316 3115 1381 3184 Meg*

338 3208 418 3260 146⁵.
440 3216 466 3259 et
483 3206 588 3261 Manut.
606 3211 685 3263 15⁵9.
703 3211 819 3265 enotavit
837 3211 981 3266 lectionem
998 3214 1093 3262 Potest
1110 3208 1200 3261 enim
1218 3227 1270 3278 pro
1284 3214 1380 3276 potest-

338 3311 393 3345 ne:
412 3294 485 3364 quod
504 3295 532 3347 in
552 3307 704 3350 nostrarum
723 3300 796 3352 nullo
816 3312 862 3354 est.
898 3300 958 3352 ΜΓ.
1345 3340 1347 3345 -

357 3414 359 3419 -
410 3384 535 3456 cuiquam
553 3385 624 3438 malo
642 3385 730 3454 eusci]
761 3387 802 3440 td
820 3386 846 3442 b.
864 3387 882 3441 l.
901 3384 1110 3440 Wetselius:
1137 3381 1274 3449 „Divitiae
1291 3391 1378 3440 autem,

336 3468 468 3540 honores,
486 3473 587 3539 forma,
609 3474 735 3528 nobilitas
752 3475 824 3530 malo
843 3496 922 3548 saepe
940 3477 1058 3529 luerunt.
1095 3472 1168 3542 Ergo
1187 3471 1281 3525 omnia
1297 3469 1340 3522 itta
1357 3465 1379 3518 iu

337 3558 415 3611 bonis
438 3561 605 3615 numeranda
619 3564 688 3617 ¹non
710 3568 802 3618 sunt.“
845 3565 896 3620 llic
913 3565 994 3637 igitur
1011 3563 1082 3615 malo
1101 3561 1205 3613 ridetur
1222 3558 1322 3612 babere
1339 3572 1380 3627 pto

325 3640 452 3701 ¹Neutro:
469 3670 519 3720 pro
531 3650 683 3705 Masculino
700 3652 869 3707 babentFrc.
881 3652 986 3724 Sylvius
1000 3646 1269 3721 etWyttenbacbius.
1303 3641 1379 3697 chs·

337 3753 419 3786 nerus
437 3736 465 3787 in
485 3736 598 3808 Eclogg.
616 3758 643 3809 p.
660 3742 722 3793 362.
743 3741 805 3793 coll.
822 3762 848 3813 p.
867 3745 927 3797 363.
946 3740 1064 3805 dubitat,
1089 3739 1124 3790 ita
1144 3748 1250 3800 tamen,
1277 3744 1307 3787 ut
1324 3725 1380 3784 ittut

338 3822 486 3892 presserat,
505 3823 584 3877 addat
603 3835 708 3893 tamen,
727 3829 748 3881 si
768 3828 819 3883 boc
836 3830 869 3883 sit
887 3828 1107 3900 intelligendum,
1125 3825 1154 3876 in
1172 3843 1249 3895 seqq.
1266 3819 1345 3874 malle
1360 3832 1381 3869 st

337 3909 465 3980 scriptum
484 3910 575 3963 obsint
593 3931 643 3983 pro
662 3914 757 3970 obsint.
793 3919 860 3972 Mibi
890 3918 998 3990 quidem
1022 3934 1098 3969 secus
1116 3911 1228 3966 ridetur.
1264 3902 1382 3963 maseuli·

338 4014 403 4047 num
421 3996 541 4068 intelligo
556 4019 619 4052 cum
631 4003 853 4075 Wyttenbacbio:
871 4026 922 4060 nec
940 4024 1001 4058 vero
1020 4003 1111 4056 obsint
1127 3998 1299 4064 correxerim,
1319 3989 1381 4068 quoti

339 4102 373 4135 ne
393 4093 465 4137 recte
488 4085 596 4156 quidem
618 4089 751 4146 diceretur
776 4113 827 4165 pro
847 4094 967 4158 desint:,
997 4111 1085 4164 neque
1108 4090 1187 4143 etiam
1214 4088 1237 4141 si
1261 4078 1382 4142 cumillis

338 4170 432 4239 lacius,
451 4176 627 4230 necessarium
646 4179 755 4234 ridetur.
791 4181 850 4233 Mr.

409 4264 471 4314 Aut
485 4275 577 4333 potest
596 4269 738 4339 quisquam
754 4269 924 4336 -]··Vocem
941 4278 993 4318 cut
1011 4267 1109 4320 omittit
1126 4264 1207 4319 Drsd.
1225 4269 1252 4318 5.
1290 4265 1382 4316 vocem

339 4349 481 4418 quisquam
499 4365 559 4424 post
574 4355 631 4422 ipse
648 4357 774 4410 reiectam
793 4355 892 4409 babent
909 4354 995 4409 Codd.
1011 4355 1092 4409 Drsd.
1112 4356 1137 4407 1.
1155 4362 1181 4406 et
1198 4355 1231 4417 ὃς
1256 4352 1285 4405 iu
1305 4359 1383 4423 poste·

340 4433 411 4490 riore
428 4450 516 4494 autem
536 4459 582 4495 ros
600 4443 657 4513 ipse
675 4445 757 4500 eiecta
776 4445 896 4513 ridetur,
921 4457 949 4501 ut
967 4446 1110 4518 quisquam
1128 4451 1189 4514 post
1202 4439 1334 4496 bonorum
1349 4455 1383 4491 se·
