3450 5342
298 686 301 693 .
375 629 425 702 74
695 652 867 701 umsouxs
894 650 1087 701 srotcunue.
1124 704 1127 709 ,

374 813 474 879 lienus,
494 824 520 867 et
536 814 599 867 item
619 833 633 866 u
653 812 738 866 deleta
758 809 920 881 Cartbagine
940 810 1032 882 Scipio
1060 809 1202 865 Africanus
1228 809 1326 865 minor
1353 811 1428 865 dictus

374 904 440 957 est.“
458 901 633 972 Wyttenb.
669 900 712 953 Ad
728 899 969 968 v.propugnucu1a
989 899 1094 952 confert
1112 897 1194 970 Borg.
1214 896 1277 952 Cic.
1290 898 1321 953 in
1337 899 1388 953 Pis.
1402 903 1426 953 t:

374 988 468 1059 [Leges
485 987 560 1042 Aelia
579 999 606 1042 et
623 987 712 1056 Fufia]
729 985 936 1056 propugnacula
954 987 1168 1058 tranquillitatis
1185 996 1213 1038 et
1232 988 1285 1039 otii
1302 987 1426 1042 dicuutur.

375 1075 416 1129 Ad
434 1095 509 1148 seqq.
529 1076 562 1129 de
580 1078 646 1129 Seu.
663 1080 710 1129 ²⁰:
728 1074 872 1143 Scipiones,
890 1072 938 1144 qui
955 1075 1009 1126 iter
1026 1075 1124 1127 Poenis
1140 1075 1183 1127 uel
1201 1074 1362 1144 corporibus
1378 1074 1424 1127 mis

373 1164 510 1219 obstruere
526 1165 687 1217 voluerunt:
705 1162 774 1216 Phil.
795 1160 840 1228 Vl,
859 1164 892 1217 8:
911 1171 943 1213 ut
959 1179 1046 1231 poene
1062 1180 1171 1232 corpore
1187 1182 1239 1215 auo
1257 1162 1357 1214 Guliiu
1371 1179 1423 1230 pro·

372 1251 473 1304 niteret
491 1252 657 1313 Antonium
676 1252 714 1305 ib.
725 1251 782 1317 xtl,
799 1255 831 1305 t:
866 1250 960 1302 cattia
978 1251 1137 1307 crudelitati
1153 1253 1195 1304 tt.
1214 1251 1339 1303 Antonii
1356 1268 1422 1302 suun

373 1348 461 1392 totum
482 1357 579 1408 corpus
602 1337 704 1391 obiecit.
746 1338 829 1406 Quod
847 1338 878 1391 1..
905 1337 981 1392 Valla
1006 1337 1128 1410 Elegaut.
1147 1338 1176 1392 1..
1191 1338 1226 1404 V,
1247 1341 1294 1392 69.
1313 1349 1422 1392 nostrum

375 1425 467 1481 locum
485 1425 596 1479 laudans
614 1426 655 1497 (p.
673 1425 749 1495 ast.)
768 1426 805 1480 ita
823 1425 932 1481 scribit:
957 1427 1012 1496 Qui
1035 1427 1088 1478 iter
1111 1444 1306 1496 poenorum
1332 1427 1422 1478 codu-

374 1513 517 1565 veribus
534 1533 673 1583 corporum
690 1533 801 1567 suorum
825 1515 1058 1567 intercludendum
1072 1523 1261 1583 putaverunt:
1289 1514 1356 1569 inde
1378 1513 1421 1566 noli

373 1601 503 1672 suspicari
522 1621 584 1655 eum
602 1602 679 1656 aliter
696 1602 763 1657 baec
781 1602 874 1674 legisse
892 1602 921 1656 iu
939 1602 1056 1674 quodam
1073 1621 1122 1656 suo
1140 1601 1219 1655 libro.
1270 1601 1310 1654 Ex
1331 1620 1419 1655 memo·

374 1690 413 1742 ria
432 1689 504 1743 enim
521 1690 612 1744 laudat
628 1691 735 1758 locum,
760 1710 823 1746 curn
842 1691 870 1744 iu
890 1691 1047 1763 explicando
1066 1690 1148 1745 serbo
1164 1691 1349 1742 intercludere
1372 1709 1420 1743 sen-

374 1778 455 1832 tentia
474 1778 497 1830 ei
516 1779 696 1836 succurrisset.
733 1777 860 1834 Ceterum
885 1779 1057 1851 Scipionum,
1076 1777 1127 1833 Cu.
1142 1789 1168 1831 et
1177 1778 1220 1842 P.‚
1239 1778 1349 1850 saepius
1360 1794 1421 1830 men·

374 1869 474 1921 tionem
494 1868 584 1922 iniecit
603 1867 712 1923 Cicero:
730 1869 768 1922 sic
780 1866 837 1922 Cat.
856 1867 896 1921 M.
904 1871 929 1933 9,
941 1871 987 1932 29;
1007 1867 1040 1919 de
1059 1865 1118 1920 Osi.
1130 1864 1176 1932 ΙΙΙ,
1194 1869 1223 1931 4,
1243 1869 1296 1929 16;
1317 1866 1351 1918 de
1359 1865 1421 1934 -Rep

373 1955 394 2019 Ι,
413 1960 440 2021 1,
459 1961 490 2010 1:
530 1958 681 2008 incendium
705 1957 767 2008 belli
791 1956 891 2008 Punici
914 1957 1047 2026 sunguine
1070 1955 1353 2013 contemnentium
1383 1971 1420 2022 pru

375 2042 460 2095 Balbo
477 2046 525 2096 lb:
545 2047 591 2096 Cn.
610 2054 637 2094 et
657 2047 690 2095 Ρ.
708 2044 858 2112 Scipiones,
878 2044 932 2096 duo
945 2043 1068 2114 suintino
1086 2041 1173 2093 nostri
1190 2041 1299 2108 imperii
1306 2062 1317 2101 ,·
1336 2041 1420 2093 Tusce.

374 2127 396 2196 Ι,
413 2131 458 2194 et,
479 2133 523 2184 89.
542 2129 607 2200 ibiq.
624 2141 708 2183 nostr.
726 2150 790 2185 ann.
811 2151 836 2201 p.
854 2134 917 2186 306.
936 2130 970 2184 de
988 2130 1021 2183 N.
1039 2129 1075 2183 D.
1093 2127 1140 2193 Ill,
1159 2130 1202 2192 st,
1223 2132 1269 2183 8⁰.
1307 2129 1374 2183 Eius
1390 2128 1421 2181 la·
1472 2184 1474 2189 ,

375 2216 464 2270 miliae
481 2228 618 2270 stemmata
637 2218 808 2289 genealogica
828 2218 951 2272 exhibent
969 2216 1066 2272 tabulis
1091 2215 1222 2288 descripto
1249 2215 1328 2288 Xyst.
1353 2216 1422 2269 Betu-

374 2303 441 2357 leius
457 2303 485 2356 iu
504 2303 704 2359 Commentario
731 2306 764 2359 ad
786 2305 811 2359 b.
830 2306 848 2358 l.
866 2326 891 2377 p.
911 2308 959 2368 23,
977 2305 1015 2358 lo.
1033 2304 1183 2374 Glandorp.
1205 2305 1233 2357 iu
1255 2303 1422 2359 Onomastico

373 2391 438 2446 llist.
456 2392 534 2445 Rom.
552 2414 577 2464 p.
586 2396 648 2450 949.
668 2393 727 2448 coll.
747 2414 773 2466 p.
793 2398 855 2449 257.
875 2404 901 2446 et
918 2391 1003 2447 Orell.
1019 2393 1048 2445 in
1057 2391 1199 2446 Onomast.
1219 2391 1277 2447 Cic.
1298 2413 1326 2464 p.
1336 2395 1422 2460 lssisq·

375 2479 488 2550 Egregie
507 2491 611 2546 autem,
630 2493 660 2536 ut
678 2480 743 2534 nibil
762 2479 877 2552 amplius
894 2479 1042 2546 desideres,
1069 2481 1102 2533 de
1130 2480 1259 2534 iratribus
1286 2480 1341 2537 Cn.
1360 2493 1385 2535 et
1400 2480 1422 2532 P.

374 2566 545 2638 Scipionibus
556 2569 608 2640 egit
617 2569 642 2622 A
650 2569 666 2622 Ι.
675 2567 720 2623 Ca
729 2569 943 2643 pellmanuus
957 2569 984 2622 iu
994 2569 1088 2640 Progr.
1096 2568 1196 2640 Gymn.
1208 2567 1422 2644 Dusseldorpiaui

374 2659 452 2710 1841.
469 2656 525 2727 (De
552 2657 724 2730 Scipionibus
750 2656 991 2712 commentationis
1016 2657 1158 2728 particulo)
1183 2661 1335 2728 pti-ta.
1378 2654 1421 2709 Sel

374 2754 467 2810 restat,
494 2756 523 2798 ut
549 2745 581 2798 de
605 2746 737 2801 librorum
756 2747 916 2802 lectionibus
940 2746 1042 2800 dicam:
1070 2744 1140 2799 Gud.
1159 2745 1192 2798 A.
1211 2745 1294 2799 babet
1313 2748 1386 2798 Gnei’
1401 2753 1422 2794 et

373 2833 468 2901 scipio,
487 2831 544 2886 Cre.
563 2838 589 2887 1.
607 2836 687 2904 Gneij
704 2846 732 2886 et
750 2835 845 2903 Pubttj
862 2835 1006 2904 Scipiones,
1026 2833 1086 2886 Cre.
1105 2838 1130 2887 2.
1157 2833 1223 2885 Gnei
1241 2844 1271 2884 et
1291 2839 1325 2889 P.
1346 2834 1421 2902 Cipio

374 2919 430 2982 nis,
448 2920 526 2972 Drsd.
545 2924 572 2973 4.
591 2925 632 2972 Μ.
650 2933 677 2972 et
697 2927 728 2976 P.
747 2924 836 2992 Scipio
854 2922 987 2994 exigebat.
1006 2922 1125 2977 Desii-5.
1155 2926 1183 2973 0.
1212 2930 1239 2971 et
1261 2921 1357 2974 Publii
1372 2921 1419 2972 Sci-

371 3007 489 3074 pionum.
526 3007 597 3058 Tum
616 3007 674 3060 Cre.
693 3013 720 3062 4.
740 3007 1294 3082 Cartagineneiumcumllrsd.1.Gud.
1314 3008 1346 3062 C.
1370 3027 1419 3058 cur·

374 3093 589 3163 thoginensium5
609 3094 681 3149 Gud.
701 3097 731 3148 B.
751 3099 799 3149 Gn.
818 3101 859 3152 M.
878 3108 904 3148 et
919 3117 949 3166 p.
962 3099 1104 3166 Scipionis,·
1124 3096 1184 3150 Cro.
1199 3100 1226 3152 1.
1244 3097 1347 3152 omittit
1365 3096 1420 3147 suis·

374 3179 404 3230 ln
423 3179 475 3232 Ox.
494 3197 524 3241 ψ.
551 3192 589 3235 est
612 3183 665 3234 iter
692 3183 883 3250 claudendum,
918 3186 945 3239 in
974 3185 1054 3240 Drsd.
1075 3190 1101 3240 5.
1127 3185 1185 3237 suis
1204 3184 1374 3254 cerporibus,
1398 3184 1419 3235 in

374 3263 433 3319 Cn.
449 3272 474 3320 2.
492 3268 711 3324 intercluserunt.
729 3270 790 3326 Mr.

438 3355 519 3423 'Quid
545 3356 699 3427 Africanus
726 3358 836 3425 maior?
863 3363 931 3433 quid
955 3362 1072 3431 minor?]
1097 3360 1154 3414 Cre.
1173 3365 1198 3413 l.
1217 3365 1243 3413 2.
1268 3362 1418 3430 uffiicunus.

375 3444 452 3497 verba
473 3443 578 3497 maior?
596 3447 663 3517 quid
685 3432 813 3502 absunta
833 3449 906 3504 Gud.
927 3450 959 3503 Α.
980 3451 1035 3502 Pro
1054 3447 1161 3517 major?
1180 3448 1247 3520 quid
1265 3447 1371 3501 minor?
1388 3454 1418 3499 est
1503 3483 1504 3505 ,

373 3530 480 3584 minor?
504 3533 571 3604 quid
587 3536 672 3588 maior
689 3537 718 3589 iu
737 3535 823 3592 codd.
845 3536 904 3591 Cre.
921 3544 947 3593 ἱ.
963 3542 989 3593 3.
1006 3537 1180 3592 Βειη.Ι)τε(Ι.
1200 3539 1226 3591 1.
1245 3539 1272 3591 3.
1310 3536 1353 3589 De
1370 3533 1419 3587 Soi-

371 3621 449 3688 pione
466 3622 603 3692 Africano
620 3627 721 3689 majore
739 3624 790 3681 vid.
821 3645 890 3697 quos
919 3626 1051 3696 congessit
1075 3625 1150 3679 locos
1178 3621 1301 3676 Orellius
1329 3623 1419 3677 Ouum·
1503 3662 1504 3679 .

374 3703 460 3758 Cicer.
478 3707 508 3758 P.
523 3706 557 3761 Il.
576 3728 602 3779 p.
609 3713 661 3764 186
675 3730 715 3781 sq.
750 3711 793 3764 De
813 3713 912 3764 minore
930 3713 1001 3766 idem
1016 3713 1056 3793 ib.
1066 3729 1092 3787 p.
1102 3715 1267 3767 tet-tut.
1301 3712 1335 3766 Et
1352 3711 1419 3764 buius

374 3791 482 3862 quidem
502 3793 580 3846 vium
598 3797 761 3867 scripserunt
786 3798 840 3851 duo
857 3797 978 3852 homiues
996 3792 1071 3865 tun,
1090 3798 1238 3852 Carolus
1256 3798 1419 3870 Sigonius

373 3881 420 3948 (de
440 3882 507 3934 Vita
524 3891 552 3932 et
569 3881 647 3934 rebus
664 3885 749 3954 gestie
773 3889 806 3940 Ρ.
824 3887 955 3956 Scipionis
973 3889 1121 3941 Aemiliani
1138 3888 1206 3941 liber
1225 3886 1258 3939 ad
1279 3887 1347 3940 calc.
1364 3883 1419 3937 Edi·

375 3969 454 4021 tionis
473 3969 667 4024 Aruteenianae
684 3971 787 4027 Aurelii
806 3974 929 4029 Victoris.
955 3975 1040 4030 Amst.
1060 3978 1139 4030 etet.
1157 3978 1184 4028 4.
1207 3995 1235 4045 p.
1254 3971 1419 4032 list-illl

375 4066 401 4109 et
419 4056 541 4111 Anton.
561 4058 792 4114 Bendinellus
810 4045 856 4126 (Ρ.
867 4065 981 4115 Cornelii
996 4064 1127 4133 Scipionis
1140 4055 1420 4134 AemilianiAsricanl

376 4146 483 4198 minoris
499 4146 566 4199 vitu.
585 4145 671 4200 Eut.
690 4167 747 4204 cur.
761 4149 982 4205 lsidor.Biancbi.
998 4152 1123 4205 llavniae.
1135 4154 1216 4205 titt.
1235 4154 1261 4205 8.
1281 4153 1317 4205 ⁹5
1327 4146 1420 4221 pp·)‘

377 4233 406 4285 ln
425 4254 500 4305 seqq.
517 4233 584 4290 cod.
604 4233 684 4290 Drsd.
704 4240 730 4291 1.
749 4237 847 4292 omittit
864 4240 944 4304 inter,
962 4260 977 4292 a
996 4238 1068 4294 Gud.
1087 4239 1119 4292 A.
1137 4240 1213 4292 abest
1230 4240 1337 4307 borum,
1355 4235 1421 4292 cuius

375 4319 436 4371 loco
457 4320 528 4373 Gud.
545 4321 577 4376 C.
595 4321 674 4379 babet
692 4345 799 4387 eorum
818 4337 876 4381 tum
894 4325 966 4382 Gud.
986 4328 1018 4383 B.
1035 4331 1126 4388 etate]
1146 4326 1197 4381 Or.
1215 4327 1247 4380 E:
1263 4329 1420 4396 interceptu

380 4423 429 4476 pro
448 4409 612 4468 interiectus.
630 4412 689 4467 ΜΓ.
