3450 5342
362 639 435 714 302
688 661 860 711 1111111111
888 661 1082 711 srorcouuu.

360 828 514 900 defendam,
542 844 594 877 non
611 843 681 878 nos.
717 823 772 876 cte.
790 823 823 877 de
843 823 928 877 Amic.
948 827 997 876 25:
1015 823 1063 875 sed
1080 822 1152 876 nteit
1170 824 1208 875 de
1228 842 1290 876 me:
1309 825 1341 875 de
1357 827 1408 876 Sci·

359 921 437 990 pione
457 918 543 968 dicam
561 914 696 968 libentius.
732 911 790 965 Mr.

431 1007 461 1058 Si
479 1004 609 1058 censenda
626 1001 701 1054 nobie
720 1011 803 1073 atque
824 1000 995 1053 aestimanda
1015 1018 1057 1052 ree
1076 1001 1137 1068 sit]
1176 1001 1349 1066 „Censenda,
1366 1001 1408 1052 de-

363 1112 421 1149 cem
440 1104 549 1164 septem.
573 1091 652 1143 Unus
667 1089 816 1159 pensanda.
842 1088 914 1142 Alias
932 1088 1120 1142 recensenda.“
1140 1088 1217 1142 Ald.
1239 1088 1328 1141 Man.
1362 1089 1407 1140 Ha·

362 1185 406 1237 bet
424 1182 491 1235 cod.
511 1179 569 1232 Cre.
586 1183 611 1232 2.
647 1178 713 1232 Sed
729 1178 772 1238 si‚·
796 1176 863 1230 Cod.
889 1175 968 1230 Suer.
991 1176 1146 1246 pensando,
1174 1195 1264 1247 marg.
1293 1174 1363 1229 Crat.
1386 1186 1407 1228 et

361 1289 416 1324 var.
433 1267 492 1323 lect.
511 1266 543 1318 H.
561 1264 657 1318 Wotfii
677 1264 849 1316 recensenda
856 1283 867 1324 ,·
886 1262 936 1317 Ox.
955 1281 984 1326 ψ.
1005 1260 1103 1318 omittit
1121 1265 1205 1318 nobis.
1246 1264 1306 1320 Cre.
1322 1269 1346 1319 3.
1365 1284 1406 1316 na-

362 1357 422 1408 bilis
440 1355 518 1407 habet
536 1372 587 1424 pro
605 1351 688 1404 nabis.
726 1351 755 1403 111
775 1351 869 1404 eodem
888 1352 1009 1426 sequitur
1026 1353 1062 1404 sit
1074 1353 1230 1424 postnabis,
1249 1365 1279 1407 ut
1291 1356 1319 1407 iu
1331 1354 1403 1406 codd.

361 1441 426 1496 011.
444 1441 475 1493 E.
495 1440 515 1492 1.
533 1439 566 1491 Ν.
584 1438 656 1491 Gud.
673 1437 704 1493 Β.
722 1437 801 1492 Suer.
820 1439 899 1493 Drsd.
910 1443 935 1492 2.
953 1443 979 1495 4.
999 1439 1116 1512 itemque
1134 1440 1163 1493 in
1183 1440 1235 1494 Ed.
1258 1441 1326 1494 Ven.
1337 1443 1404 1494 1491.

358 1532 522 1603 (quaecum
544 1526 603 1580 Cra.
621 1529 645 1581 3.
680 1537 769 1580 tamen
796 1524 873 1580 habet
900 1536 941 1578 eat
965 1538 1026 1599 post
1049 1526 1222 1579 aestimanda
1247 1527 1305 1597 res)
1323 1538 1348 1581 et
1362 1527 1402 1581 Ed.

363 1636 419 1689 prc.
436 1617 522 1670 Habet
540 1616 618 1669 etiam
638 1615 710 1668 Gud.
731 1614 762 1669 B.
787 1614 825 1666 sit
844 1625 904 1685 post
921 1624 989 1670 aest.
1009 1634 1050 1668 res
1067 1615 1219 1687 repetitum.
1268 1615 1358 1688 Neque
1372 1616 1402 1667 sit

361 1725 449 1778 neque
467 1716 508 1756 eet
526 1702 625 1773 habent
642 1702 692 1758 Ox.
711 1702 746 1756 U.
766 1702 835 1757 vin.
853 1703 923 1757 Rob.
941 1702 1032 1775 steph.
1051 1702 1134 1757 Suffr.
1154 1704 1244 1771 Petu,
1264 1703 1293 1757 in
1310 1703 1401 1757 suerin.

361 1796 459 1867 legitur
476 1792 674 1846 extimenda
694 1809 754 1851 res‚·
773 1791 801 1844 iu
820 1790 901 1845 Drsd.
920 1795 945 1844 5.
967 1809 1010 1843 res
1033 1792 1070 1844 sit
1087 1790 1176 1856 notis,
1203 1792 1234 1844 io
1254 1791 1346 1845 Duisb.
1363 1811 1401 1843 no-

362 1885 402 1936 bie
420 1903 462 1936 res
480 1884 532 1946 sit,
550 1881 578 1933 in
597 1879 662 1934 Oxx.
683 1878 713 1933 F..
732 1877 769 1939 U.
786 1877 858 1931 Gud.
879 1877 910 1931 B.
929 1879 1110 1930 existimanda
1134 1879 1175 1948 (et
1202 1878 1252 1933 lin.
1279 1898 1333 1951 seq.
1350 1897 1400 1932 oum

362 1970 413 2026 Or.
430 1987 460 2032 ψ.
485 1971 679 2033 existimemus)
703 1966 822 2036 itemque
848 1965 876 2018 in
898 1968 956 2020 Cra.
976 1970 1001 2020 2.
1027 1965 1084 2036 (hic
1102 1966 1147 2021 liu.
1167 1986 1224 2040 seq.
1251 1969 1400 2030 extimemus,

362 2058 413 2113 Ox.
432 2078 456 2118 o.
476 2059 654 2121 existimam)
683 2054 800 2125 denique
826 2071 869 2104 res
886 2055 940 2107 est
968 2053 1067 2126 legitur
1081 2055 1120 2108 *in
1146 2054 1216 2110 Edd.
1241 2055 1321 2110 fldtb.
1345 2057 1399 2108 Ven.

362 2150 442 2203 1514.
460 2145 521 2200 Par.
540 2149 620 2199 15111.
642 2147 720 2196 1512.
738 2141 803 2213 Arg.
822 2140 908 2212 Lugd.
927 2141 1016 2196 Herw.
1043 2144 1118 2199 Cam.
1140 2142 1284 2198 Praestare
1311 2145 1345 2198 ait
1359 2143 1398 2196 Or.

361 2234 567 2288 Coniunctivum
586 2233 614 2284 in
634 2230 772 2285 eiusmodi
783 2229 964 2284 aestimatione
983 2230 1096 2302 exempli
1121 2242 1228 2286 tantum
1251 2235 1329 2286 causa
1353 2250 1399 2282 me·

361 2332 472 2374 morata.
509 2318 638 2373 Praetulit
656 2330 745 2372 tamen
762 2329 804 2370 est
822 2316 1005 2372 Gernhardns.
1046 2318 1113 2393 Mox¹
1131 2321 1223 2388 pluris
1246 2322 1397 2374 aestima-

361 2408 473 2460 bimus
491 2408 588 2479 legitur
605 2408 632 2460 in
650 2407 717 2460 Edd.
736 2406 808 2460 Crat.
825 2405 900 2461 Man.
918 2405 1010 2479 Magn.
1029 2407 1122 2463 Lamb.
1142 2406 1229 2462 Suffr.
1248 2410 1333 2477 Petu,
1358 2427 1398 2460 no·

361 2499 421 2554 stn's
447 2499 614 2551 ventsse.
634 2500 712 2551 1514.
740 2496 800 2549 Par.
819 2499 899 2550 1501.
916 2498 993 2549 1512.
1013 2499 1091 2551 1543.
1107 2496 1173 2568 Arg.
1197 2496 1285 2570 Logd.
1311 2495 1399 2551 Aldinis

362 2590 462 2650 tribus,
480 2586 593 2639 Lambb.
609 2584 689 2639 Goth.
707 2583 764 2638 cot
783 2583 858 2656 Sytb.
878 2583 909 2640 H.
930 2584 1017 2639 Wolf.
1035 2583 1136 2638 Sturm.
1157 2587 1220 2639 Car.
1237 2585 1329 2658 Steph.
1341 2584 1396 2638 tut.

256 2695 259 2701 '
360 2678 419 2731 Tat.
436 2676 525 2729 Herw.
545 2673 620 2727 Cam.
656 2673 687 2726 M
693 2693 714 2726 r.

429 2764 532 2834 Pyrrhi
556 2792 591 2801 -
609 2761 744 2829 Fabricio]
789 2762 947 2830 „Fabricius
969 2761 1098 2816 Luscinus
1123 2760 1294 2834 temporibus
1317 2759 1398 2833 Pyrrhi

361 2855 431 2906 dona
450 2852 498 2906 sibi
517 2852 550 2904 ab
570 2871 602 2903 eo
621 2849 725 2914 oblata,
744 2851 920 2921 quibuscum
941 2861 1135 2922 corrumperet,
1153 2850 1315 2921 repudiavit.
1350 2849 1398 2901 Vid.

361 2940 496 2993 Plutarch.
514 2940 541 2990 in
561 2939 623 2990 Vita
637 2937 736 3008 Pyrrhi
756 2942 799 2991 20.
817 2938 874 2992 Cic.
892 2940 925 2992 de
945 2939 1002 2992 011.
1021 2939 1042 3005 1,
1062 2941 1105 2993 te.
1123 2938 1335 3006 Trecentos.
1354 2937 1398 2990 vat.

359 3026 428 3079 Max.
449 3027 495 3090 lV,
513 3027 539 3079 3.
582 3025 627 3077 Est
652 3034 741 3076 autem
767 3024 793 3088 11.
812 3024 829 3077 1.
859 3027 976 3081 notanda
1000 3027 1126 3098 exquisita
1154 3028 1317 3099 significatio
1341 3026 1399 3080 vocis

360 3115 424 3164 dare
443 3132 492 3183 pro
512 3112 625 3177 oiferre,
652 3130 719 3182 quae
746 3111 904 3183 significatio
929 3115 992 3169 item
1015 3117 1043 3167 in
1068 3114 1175 3168 Graeco
1202 3117 1286 3170 verbo
1312 3109 1400 3168 audiam

360 3199 435 3254 valet.
472 3200 514 3252 Ad
535 3220 558 3253 v.
578 3201 769 3252 continentiam
789 3200 821 3253 H.
839 3200 970 3254 Woisrus:
990 3198 1166 3272 „aeirdpesme
1187 3204 1295 3258 videtur
1311 3203 1351 3256 hic
1366 3201 1399 3253 di-

361 3307 437 3355 cere,
467 3309 522 3342 non
545 3285 701 3360 tyuprirnas.
749 3290 916 3343 Abstinentia
934 3310 1002 3344 nero
1034 3291 1114 3343 virtus
1140 3291 1205 3345 huic
1226 3304 1340 3363 cognata
1363 3301 1399 3354 est,

302 3382 305 3392 “
361 3396 423 3431 cum
443 3397 498 3431 non
517 3377 671 3449 accipimus,
689 3377 760 3430 unde
779 3397 834 3430 nou
854 3378 943 3431 decet:
963 3397 1032 3450 quae
1050 3377 1160 3433 Graecis
1179 3390 1219 3432 est
1239 3377 1401 3447 α’διαφθορία,

361 3461 391 3516 ei
410 3462 554 3519 α’δὲκαστον
573 3470 617 3517 καὶ
632 3462 859 3534 α’δωροδὸῃητον.“
906 3465 968 3519 Non
995 3466 1170 3532 narrationis,
1196 3468 1244 3521 sed
1273 3467 1401 3522 seutentia-

361 3571 421 3606 rum
444 3573 521 3608 causa
541 3553 731 3620 adscribimus,
757 3571 825 3624 quae
844 3563 907 3606 sunt
924 3553 1024 3607 Valerii
1042 3554 1150 3608 Maximi
1169 3554 1188 3609 1.
1207 3575 1246 3611 c.:
1274 3557 1400 3610 Continen-

360 3642 415 3713 tiae
433 3660 499 3692 suae
517 3640 642 3710 beneficio
660 3643 717 3693 sine
725 3643 842 3710 pecnnia
856 3643 1009 3710 praedives,
1028 3643 1084 3694 sine
1097 3661 1149 3694 usu
1165 3643 1299 3713 familiae
1310 3641 1400 3694 abunde

361 3728 513 3789 comitatus,
532 3729 596 3797 quia
613 3728 770 3796 locupletem
788 3729 866 3778 illum
880 3728 1005 3799 faciebat
1024 3749 1076 3781 non
1094 3731 1182 3780 inulta
1199 3734 1346 3801 possidere,
1362 3729 1402 3780 sed

360 3811 463 3862 modica
481 3812 638 3867 desiderare.
680 3817 755 3884 Ergo
773 3815 866 3866 1111111111
884 3818 957 3884 eius,
984 3816 1205 3889 quemadmodum
1230 3837 1293 3872 aere
1314 3828 1338 3869 et
1360 3835 1401 3867 ar-

358 3908 439 3969 genta
456 3909 482 3949 et
501 3899 641 3968 mancipiis
657 3902 819 3953 Samnitium
836 3922 938 3970 vacua,
965 3906 1006 3956 ita
1029 3905 1169 3976 gloriare
1188 3907 1233 3958 leis
1258 3906 1402 3973 contemptis

358 3997 443 4056 parta
462 3978 567 4058 referto
582 3988 653 4059 fuit.
690 3990 744 4043 Pro
762 3993 866 4062 Pyrrhi
884 4004 921 4046 est
937 3994 1007 4063 pirri
1024 3993 1052 4046 iu
1071 3995 1130 4045 Crz.
1150 3998 1192 4061 2.,
1209 3996 1277 4064 puri
1294 3994 1321 4047 in
1339 3991 1400 4045 Gud.

360 4076 405 4141 B.;
424 4076 452 4128 in
472 4075 551 4129 Drsd.
570 4081 595 4131 5.
615 4088 666 4129 aut
685 4097 734 4149 pro
753 4098 805 4145 on,
829 4082 857 4133 in
876 4079 926 4136 Ox.
946 4081 978 4134 N.
998 4081 1086 4134 anima
1105 4101 1156 4151 pro
1173 4081 1261 4134 illam.
1312 4076 1400 4134 Gernh.

359 4163 387 4215 in
407 4183 462 4216 uno
481 4164 530 4217 01.
550 4166 598 4234 [ep]
619 4176 644 4219 et
662 4185 717 4220 uno
736 4168 807 4239 apud
828 4170 1009 4241 Verburgium
1034 4170 1119 4222 omitti
1146 4189 1239 4223 vocem
1255 4170 1399 4241 pecuniam.-

269 4266 272 4271 ·
359 4253 432 4305 unde
452 4264 522 4324 patet
541 4252 775 4309 Gernhardonou
793 4257 873 4310 fuisse
892 4258 924 4310 ad
951 4277 1061 4311 manum
1081 4258 1149 4315 Edd.
1168 4259 1298 4331 Gruteri,
1314 4257 1400 4312 Schre·

360 4337 418 4390 velii
437 4351 463 4392 et
480 4340 624 4410 Gronovii,
642 4363 711 4416 quae
729 4343 827 4398 habent
845 4346 914 4400 hanc
932 4346 1042 4400 Gruteri
1059 4348 1277 4402 annotationem:
1304 4342 1399 4415 „Dictio

359 4426 500 4494 pecuniam
518 4448 573 4482 non
592 4443 630 4484 est
648 4432 676 4482 in
696 4433 761 4486 cod.
780 4434 863 4488 Palat.
886 4446 943 4489 tert.
971 4445 997 4487 et
1016 4445 1120 4504 poterat
1137 4437 1229 4490 abesse
1255 4435 1323 4490 saiva
1345 4450 1399 4486 sen·
