3450 5342
337 703 440 752 xxxvi
501 697 739 746 rnotooouttttt
766 696 808 740 ΑΙ)
837 692 1006 739 ctcEnorus
1033 690 1220 737 Psutooxs.

336 888 452 932 sesntur.
489 873 569 926 Vides
587 871 792 935 Gerubardum,
821 886 983 940 quamquam
1008 865 1117 932 dixerit,
1145 882 1279 936 apparere
1307 885 1388 936 quen·

337 966 397 1017 dam
416 964 444 1015 in
461 960 604 1014 Paradoxis
618 959 740 1013 ordinem
761 967 907 1022 servatum,
940 973 995 1009 oon
1015 964 1105 1008 tamen
1124 951 1197 1006 bunc
1213 951 1342 1004 ordinem
1360 953 1387 1005 ti-

338 1052 420 1125 quido
438 1060 464 1104 et
481 1048 585 1102 disertis
602 1047 689 1100 serbis
707 1045 943 1109 demonstravisse,
963 1043 1025 1114 qui,
1045 1041 1146 1094 etiamsi
1165 1039 1281 1111 reperiri
1303 1039 1386 1111 possit,

336 1157 391 1192 non
413 1149 500 1191 tamen
521 1137 555 1190 ita
574 1136 601 1188 in
621 1145 713 1206 aperto
738 1144 791 1198 est,
816 1141 846 1184 ut
864 1149 926 1183 eum
954 1130 1136 1183 demonstrare
1161 1146 1387 1199 supervacaneum

338 1244 392 1279 esse
411 1224 538 1276 rideatur.
581 1223 669 1276 Restat
687 1221 784 1292 igitur,
802 1230 846 1285 ut,
866 1238 934 1289 quae
956 1218 1033 1270 nobis
1054 1236 1116 1285 prae
1135 1214 1231 1269 ceteris
1252 1215 1387 1286 probatur,

339 1310 614 1384 Morgensternii
641 1310 798 1381 seutentiam
824 1306 966 1369 addamus,
993 1305 1039 1376 qui
1065 1302 1216 1374 diligentius
1246 1302 1344 1355 ceteris
1365 1301 1387 1352 in

338 1398 408 1452 hanc
427 1417 483 1450 rem
502 1397 664 1469 inquisivisse
683 1396 799 1459 ridetur,
824 1412 988 1465 quamquam
1016 1410 1104 1462 neque
1130 1389 1325 1463 Gernbardum
1349 1406 1388 1442 sua

340 1485 419 1539 laude
436 1484 589 1538 fraudatum
609 1484 677 1537 solo.
712 1484 806 1554 Neque
826 1502 887 1534 vero
907 1481 939 1534 ad
959 1480 1069 1534 verbum
1090 1479 1166 1533 nobis
1185 1477 1387 1531 describendum

341 1575 494 1638 visumst,
513 1571 585 1642 quod
604 1571 709 1642 scripsit
728 1570 766 1622 vir
784 1569 828 1622 itte
846 1570 874 1621 in
894 1568 1000 1634 libello,
1028 1587 1107 1638 quem
1132 1566 1260 1630 diximus,
1287 1564 1335 1618 sed
1360 1563 1387 1615 ad

331 1660 498 1715 ¹sententiam
517 1659 679 1724 exhibemus,
709 1676 778 1729 quae
804 1657 959 1728 excogitavit
977 1656 1061 1728 probe
1089 1654 1250 1724 ponderata:
1279 1652 1341 1706 Non
1360 1655 1387 1704 iu

341 1745 420 1816 (baec
438 1757 476 1800 est
493 1745 626 1801 dictorum
645 1744 763 1813 summa)
782 1743 879 1798 Cicero
901 1755 994 1798 tractat
1011 1743 1077 1797 baec
1086 1741 1231 1807 paradoxa,
1253 1752 1283 1797 ut
1301 1742 1331 1793 in
1344 1751 1388 1793 tots

342 1834 423 1886 libelii
443 1834 644 1889 continuatione
662 1852 805 1904 agnoscas,
835 1851 904 1903 quae
928 1831 955 1884 in
973 1829 1070 1885 Stoicis
1097 1829 1241 1883 laudantur
1267 1829 1301 1883 de
1318 1828 1389 1880 Finn.

342 1919 388 1986 IN,
409 1917 661 1974 iterumiterum
679 1920 892 1989 compositionem
910 1915 1082 1990 disciplinae,
1105 1917 1338 1989 incredibilemque
1354 1935 1389 1967 re·

344 2026 403 2057 rum
423 2004 554 2058 ordinem.-
581 2007 616 2059 ita
636 2018 740 2074 tamen,
763 2018 867 2060 utnon
892 2007 970 2077 piane
989 2005 1079 2059 nullus
1098 2016 1226 2077 appareat
1250 2025 1333 2058 nexus
1348 2003 1389 2056 ad·

345 2112 432 2164 eoque
451 2093 568 2165 primum
586 2093 743 2147 Paradoxon
762 2113 817 2146 non
843 2094 939 2147 eodem
957 2094 1016 2148 iure
1039 2092 1164 2147 ultimum
1189 2091 1283 2146 iocum
1308 2103 1390 2146 tenere

345 2181 462 2250 potuisse
480 2181 606 2234 rideatur.
649 2181 824 2253 Posteaquam
845 2182 995 2251 primum
1021 2178 1122 2253 posuits
1154 2179 1235 2250 Quod
1258 2180 1390 2232 honestum

346 2269 399 2334 sit,
417 2269 448 2319 id
463 2269 572 2321 solum
591 2269 711 2321 bonurn
735 2287 805 2333 esse,
831 2268 916 2323 facilis
939 2280 996 2323 erat
1022 2267 1148 2323 innotus
1169 2267 1204 2321 sd
1228 2268 1389 2319 alterum:

347 2358 382 2404 In
400 2374 453 2425 quo
471 2356 560 2407 virtus
577 2356 629 2419 sit,
653 2356 678 2406 ei
695 2355 789 2408 nilril
816 2355 934 2408 deesse
957 2356 1002 2409 od
1025 2354 1124 2409 boote
1148 2354 1350 2413 vivendum:
1373 2352 1390 2404 si

347 2440 429 2493 modo
447 2442 649 2511 interposueris,
668 2443 741 2514 quod
760 2461 815 2496 non
835 2443 932 2513 poterit
951 2464 1006 2497 non
1026 2443 1150 2499 concedi:
1168 2442 1207 2498 uii
1228 2443 1278 2498 nisi
1298 2445 1390 2496 bonurn

347 2548 402 2581 esse
421 2530 612 2600 expetendum,
637 2531 710 2602 quod
729 2542 818 2584 autem
837 2532 1029 2603 expetendum,
1054 2531 1191 2586 bominem
1211 2532 1320 2585 beatum
1338 2530 1391 2582 red-

348 2616 420 2669 dere.
458 2617 500 2669 Ad
520 2620 609 2671 terti
616 2639 665 2671 um
684 2619 779 2672 deinde
798 2620 833 2673 ita
854 2631 957 2692 poterat
975 2620 1114 2685 accedere,
1133 2619 1341 2690 utsignificaret,
1358 2617 1390 2668 ιεΙ

348 2702 476 2756 levissime
497 2708 634 2777 peccando
655 2709 741 2779 perire
759 2709 895 2775 virtutem,
923 2709 941 2761 i.
960 2729 984 2763 e.
1011 2709 1095 2762 solam
1114 2709 1146 2761 ad
1166 2709 1243 2762 beate
1260 2707 1389 2768 visendum

350 2789 434 2856 siam,
461 2793 500 2846 vel
519 2796 607 2867 potius
625 2797 703 2850 vitam
722 2797 826 2851 beatam
840 2798 944 2867 ipsam:
976 2797 1048 2867 quod
1075 2797 1095 2848 si
1123 2795 1253 2849 levissimo
1278 2795 1324 2848 fiat
1346 2794 1388 2846 iarn

349 2890 475 2950 peccato,
495 2883 660 2952 gravioribus
674 2884 737 2938 item
754 2883 811 2939 fieri
830 2884 944 2947 debere;
967 2902 1032 2952 ergo
1055 2883 1183 2955 nequalia
1200 2901 1258 2934 esee
1274 2891 1388 2952 peccota:

351 2969 424 3039 quod
452 2968 472 3021 si
500 2969 611 3024 firmiter
636 2982 703 3024 esset
727 2991 880 3041 persuasum
901 2971 1067 3039 bominibus,
1095 2990 1142 3025 eos
1166 2971 1280 3023 maxime
1304 2987 1389 3040 apec-

351 3053 439 3107 nudo
458 3055 614 3109 deterritum
634 3057 676 3112 iri.
717 3056 853 3126 Quoniam
881 3077 942 3112 vero
968 3079 1027 3112 rere
1046 3060 1127 3112 bono·
1147 3057 1212 3111 nibil
1238 3070 1322 3130 potest
1345 3074 1389 3110 esse

351 3140 460 3209 melius,
479 3155 574 3217 sponte
592 3145 671 3197 etiam
692 3145 826 3215 sequitur,
845 3165 915 3216 quae
934 3146 1005 3199 bona
1031 3147 1082 3200 sint
1108 3146 1224 3218 beneque
1243 3146 1328 3217 sacta
1344 3158 1388 3194 esse
1430 3182 1432 3187 .

352 3230 521 3303 aequalio').
565 3230 648 3298 Quod
675 3233 696 3284 si
723 3252 784 3285 sero
810 3233 986 3300 concesseris,
1018 3246 1126 3305 peccata
1145 3255 1159 3287 a
1179 3253 1239 3287 rere
1258 3235 1332 3286 beata
1349 3230 1387 3281 sits
1430 3226 1432 3243 '

353 3314 501 3382 abducere,
519 3319 596 3372 facite
615 3319 761 3387 concedas,
786 3321 895 3374 stultum
914 3321 1036 3393 adeoque
1054 3323 1176 3375 insanum
1196 3342 1266 3387 esse,
1295 3322 1387 3394 quito·
1430 3360 1432 3389 ,

354 3401 412 3455 lens
429 3403 567 3475 sciensque
586 3425 601 3458 a
621 3405 716 3461 virtute
733 3409 881 3476 recesserit,
901 3408 917 3462 i.
935 3429 958 3463 e.
978 3410 1141 3480 peccaverit,
1167 3409 1285 3481 itemque
1303 3421 1386 3461 conce·
1430 3406 1432 3473 !

355 3490 415 3556 des,
443 3492 516 3563 quod
536 3504 574 3547 est
598 3495 625 3546 in
648 3506 793 3567 quarto:
818 3516 906 3550 omnes
930 3496 1031 3550 stultos
1057 3497 1227 3550 insanire.
1277 3489 1386 3565 Quamvis

356 3598 418 3632 sero
436 3599 492 3632 non
511 3580 563 3634 boc
582 3584 733 3651 probaverit
750 3583 846 3638 Cicero
864 3604 896 3637 eo
915 3584 994 3652 loco,
1012 3585 1057 3637 sed
1078 3585 1164 3637 solum
1182 3574 1328 3654 sapientem
1343 3593 1385 3632 esst

356 3666 451 3729 civem,
469 3666 494 3717 id
514 3678 601 3721 tamen
621 3688 683 3720 cum
702 3670 748 3722 ilto
767 3671 801 3724 ita
821 3672 964 3727 cohaerere
989 3685 1061 3727 recte
1078 3670 1187 3738 dixeris,
1216 3685 1262 3737 ut,
1293 3669 1336 3744 qni
1356 3668 1387 3718 io·

357 3769 423 3802 sano
442 3770 531 3803 rerum
551 3754 720 3807 fortuitarum
740 3768 765 3810 et
785 3770 951 3812 externarum
979 3779 1070 3812 amore
1095 3768 1230 3824 teneatur,
1259 3776 1344 3812 sersus
1366 3750 1389 3802 sit
1430 3752 1432 3789 Ι

359 3837 533 3907 cupiditatum
551 3859 669 3907 suarum,
688 3843 722 3895 ila
739 3865 773 3897 ue
784 3845 860 3927 tiber
877 3850 985 3920 quidem
1005 3846 1180 3918 appellandus
1196 3848 1334 3918 solumque
1350 3839 1389 3911 igi·

359 3934 403 3976 tur
420 3927 565 3995 sapientem
584 3949 639 3982 esse
657 3930 780 3999 liberum,
799 3934 884 3988 solum
901 3937 971 3999 item,
991 3953 1073 4007 quum
1090 3953 1179 3987 servus
1198 3933 1260 3985 ciris
1278 3952 1331 3986 esse
1348 3940 1390 3981 not¹

362 4064 569 4076 Ἣ

431 4162 455 4232 )
474 4164 532 4217 Atia
551 4180 588 4221 est
607 4167 685 4221 buius
703 4171 831 4224 Paradoxi
850 4170 964 4223 sorma'
958 4189 984 4220 ιιι
1004 4169 1074 4222 libro
1095 4170 1229 4223 Plutarchi
1250 4171 1282 4222 de
1301 4166 1396 4221 Stoico

361 4250 421 4284 rum
450 4236 572 4327 Repugn.
604 4260 628 4331 p.
647 4244 725 4294 1⁰38.
751 4240 781 4293 C.
806 4241 855 4306 D.,
892 4241 936 4292 ubi
968 4240 1065 4293 dicitur
1094 4244 1219 4312 probasse
1245 4239 1398 4335 Cbrpsipp'us

361 4299 442 4391 {fidu
445 4316 537 4358 nanim
556 4320 663 4372 κακίας,
690 4333 705 4380 η
726 4307 857 4378 ἁμαρτίαν
884 4307 1014 4395 duuppiuc
1039 4307 1212 4382 ὑπερέχουσαν
1238 4319 1316 4375 ιῖ,ναι
1342 4305 1400 4372 utin

362 4369 457 4441 ιὶριτήν
474 4376 582 4448 «imerii,
605 4383 625 4451 η’
647 4382 813 4450 κατόρθωσιν
839 4378 1037 4445 κατορθώσεως.
1088 4382 1167 4437 Conf.
1192 4384 1222 4437 F.
1243 4383 1277 4439 N.
1296 4380 1330 4435 G.
1349 4377 1407 4430 ΒΥ

363 4455 443 4508 gnet
460 4447 532 4502 de
510 4448 660 4522 Chrysippo
678 4453 790 4520 (Lorau
811 4455 890 4507 1822.
909 4453 992 4524 d)p.
1011 4456 1061 4508 161
1080 4475 1119 4524 sq.
1402 4467 1408 4477 '
