3450 5342
399 666 473 741 176
734 690 907 739 rintooxn
931 688 1125 737 srorconuu.

397 856 435 906 les
453 851 626 904 adiuverunt.
677 849 769 902 Voluit
794 848 840 899 ille
866 857 990 901 senatum
1015 848 1178 916 interficere,
1207 868 1255 903 vos
1282 851 1447 904 sustulistis:

393 942 463 1011 leges
478 938 629 990 incendere:
650 955 696 988 vos
721 935 892 1007 abrogastisr
919 934 1031 991 interire
1055 936 1190 1005 patrium,
1220 957 1268 990 uos
1297 940 1447 996 adiuvistis.

392 1030 418 1082 X
425 1037 488 1099 yst.
507 1023 621 1078 Betul.
640 1023 739 1091 [Locus
758 1034 795 1076 est
813 1021 842 1075 in
861 1020 913 1077 Or.
929 1023 957 1075 in
975 1022 1066 1077 Pison.
1085 1042 1109 1077 c.
1128 1025 1175 1091 7.].
1193 1053 1229 1063 --
1266 1023 1404 1079 Scribitur
1421 1026 1444 1078 in

393 1116 443 1171 Os.
463 1134 488 1167 o·
506 1114 651 1185 reliquae
674 1112 897 1164 coniurationes·
933 1111 1031 1165 Dresd.
1046 1115 1074 1167 4.
1092 1111 1190 1165 omittit
1207 1130 1235 1167 α.
1256 1112 1341 1167 Drsd.
1356 1117 1382 1168 5.
1404 1113 1446 1167 ba·

393 1207 438 1259 bet
456 1220 489 1255 oe
520 1201 654 1285 qutilinue
670 1199 778 1272 sorice.
824 1200 951 1257 Drusi-1.
979 1200 1144 1264 Catulinae,
1168 1198 1228 1253 Cri.
1246 1205 1271 1253 2.
1304 1203 1445 1265 cotheline,

392 1293 465 1348 Gud.
485 1290 517 1346 A.
536 1289 672 1343 enectine.-
699 1286 771 1341 idem
791 1286 890 1343 omittit
906 1286 995 1341 sulus
1007 1286 1194 1359 furoremque.
1230 1287 1316 1340 Drsd.
1335 1293 1364 1342 5.
1391 1308 1446 1340 con-

393 1381 483 1434 versi.
518 1376 611 1439 Os,E.
629 1394 771 1428 conversae
789 1386 884 1429 sunt.
921 1372 1036 1429 Confert
1052 1374 1134 1446 Borg.
1154 1375 1203 1428 Or.
1215 1374 1245 1427 in
1258 1375 1314 1428 Pis.
1328 1380 1354 1429 t.
1374 1387 1445 1430 estc:

393 1465 473 1535 Quod
488 1462 597 1515 eundern
617 1480 726 1514 manum
736 1481 769 1513 ex
787 1463 972 1515 intermortuis
992 1463 1175 1517 Catilinae
1194 1463 1371 1535 reliquiis
1389 1484 1445 1515 con-

394 1553 516 1605 citastis:
536 1548 598 1604 coll.
615 1568 640 1605 c.
659 1552 685 1605 0.
705 1561 731 1603 el
748 1554 792 1603 1⁰.
816 1561 842 1602 et
861 1569 911 1620 pro
933 1549 999 1603 Sest.
1020 1552 1063 1604 19.
1109 1550 1202 1602 Scelus
1227 1560 1255 1601 et
1278 1551 1367 1620 furor
1389 1551 1444 1602 iun-

396 1651 497 1712 guntur
516 1640 573 1691 Cat.
594 1640 614 1705 l,
633 1640 658 1692 6.
686 1657 736 1709 pro
764 1636 831 1691 Sest.
851 1641 877 1691 6.
903 1634 972 1691 Pbil.
989 1640 1024 1704 X,
1043 1642 1073 1693 3:
1102 1655 1171 1711 quus
1196 1638 1317 1709 legiones
1340 1639 1386 1690 ille
1410 1638 1444 1688 ab

394 1727 510 1782 Antonii
527 1726 660 1779 scelere
678 1727 827 1778 avertit.
868 1725 928 1779 ΜΓ.

465 1835 517 1868 non
535 1815 634 1867 ciuitas
651 1816 732 1882 erut]
770 1814 856 1868 codd.
877 1813 926 1868 01.
946 1814 966 1867 l.
986 1825 1012 1868 et
1035 1813 1093 1867 Crz.
1114 1818 1139 1868 1.
1164 1834 1216 1867 non
1233 1814 1354 1887 igitur
1385 1816 1442 1866 rivi-

394 1917 440 1959 tos
457 1915 527 1959 erut,
562 1903 642 1956 Drsd.
653 1908 678 1957 2.
696 1922 748 1955 non
763 1904 862 1954 civitas
880 1912 982 1956 esset.
1019 1901 1092 1955 Gud.
1103 1903 1136 1955 A.
1155 1921 1208 1953 non
1220 1912 1283 1953 erat
1302 1904 1442 1954 civitas.-

396 1998 426 2046 N
430 2014 481 2045 um
499 1990 597 2044 civitas
615 1989 700 2042 erat?
719 1991 798 2044 duo.“
818 1989 892 2042 Ald.
912 1989 1001 2042 Man.
1037 1989 1143 2042 Habent
1160 1988 1226 2041 illud
1246 2009 1312 2040 num
1330 2008 1379 2060 pro
1397 2008 1443 2040 non

395 2081 462 2135 Edd.
480 2079 553 2135 Crat.
571 2078 661 2149 Magn.
679 2077 753 2131 Man.
773 2097 802 2130 ex
821 2077 919 2130 nostris
938 2076 999 2129 Par.
1017 2076 1442 2132 s.a.et1543.Sturm.Lambb.

395 2169 476 2222 Goth.
494 2168 563 2221 Aut.
582 2167 640 2220 Tal.
660 2178 712 2220 tres
733 2163 812 2219 Aldd.
829 2165 915 2218 llerw.
935 2166 1040 2218 Camer.
1060 2166 1121 2218 Asc.
1140 2167 1221 2219 1⁵11.
1232 2175 1258 2218 et
1277 2168 1357 2218 teto.
1374 2163 1445 2216 Boul.

396 2260 457 2311 Car.
476 2256 567 2327 Stepb.
585 2255 692 2309 Miceris
710 2265 815 2318 autem,
842 2253 870 2304 in
898 2262 1025 2322 quattuor
1051 2250 1119 2304 Edd.
1143 2250 1224 2304 Grut.
1250 2249 1335 2304 Gron.
1353 2249 1445 2301 Graes.

395 2345 460 2400 Ern.
480 2356 519 2412 et,
549 2363 617 2415 quae
635 2344 667 2396 ab
691 2342 722 2394 iis
740 2341 873 2413 pendent,
900 2341 982 2393 Verb.
1002 2341 1089 2393 Wetz.
1115 2339 1240 2411 adeoque
1258 2337 1375 2392 Scbuteii
1393 2337 1445 2389 edi-

395 2434 482 2500 tione,
518 2451 585 2504 quae
615 2450 709 2483 omnes
734 2429 833 2482 habent
857 2447 923 2492 non,
957 2440 1046 2482 tamen
1075 2427 1102 2479 in
1121 2427 1175 2480 sine
1194 2446 1250 2480 esse
1268 2423 1444 2495 interrogandi

398 2520 518 2592 signum,
537 2520 611 2591 quasi
630 2529 774 2572 servassent
792 2537 864 2572 num.
903 2516 961 2570 ΜΓ.

466 2614 565 2680 Itaque
582 2608 678 2678 pulsus
695 2626 744 2678 ego
763 2607 876 2658 civitate
894 2626 946 2658 non
964 2607 1050 2673 sum,]
1071 2606 1160 2658 Verba
1179 2607 1281 2675 Itaque
1298 2601 1396 2672 pulsus
1413 2628 1441 2637 -

396 2698 474 2749 nulla
491 2706 550 2747 erut
570 2696 723 2749 exciderunt
741 2695 769 2748 in
789 2694 876 2748 Codd.
894 2694 951 2748 Crz.
970 2700 996 2748 2.
1017 2706 1041 2747 et
1060 2694 1111 2747 Or.
1129 2693 1161 2745 N.
1188 2691 1310 2762 itemque
1331 2688 1399 2742 Gud.
1416 2688 1443 2740 Α.

395 2783 426 2835 ln
446 2783 553 2836 Suerin.
572 2794 609 2836 est
627 2788 726 2853 Itaque
744 2783 840 2852 pulsus
858 2803 906 2854 ego
925 2803 977 2836 non
996 2802 1055 2835 sum
1074 2782 1186 2832 civitate
1196 2799 1206 2838 ‚¹
1226 2779 1256 2831 in
1274 2776 1338 2830 Crz.
1356 2781 1382 2830 1.
1394 2777 1443 2827 ito-

396 2890 448 2942 que
462 2870 561 2940 pulsus
579 2890 631 2921 uon
648 2889 707 2921 sum
725 2889 773 2939 ego
802 2871 933 2932 civitute;
957 2873 985 2924 in
1005 2870 1086 2924 Drsd.
1104 2873 1130 2923 4.
1158 2886 1207 2939 ego
1232 2884 1247 2917 e
1272 2865 1393 2920 civitate.
1413 2893 1441 2903 -

397 2956 479 3023 Quod
500 2954 525 3009 lt.
544 2955 562 3007 l.
580 2973 607 3006 se
625 2955 736 3006 civitate
754 2975 807 3006 non
825 2976 882 3008 esse
905 2959 1015 3028 pulsum
1033 2959 1112 3023 dicit,
1136 2975 1199 3009 curn
1226 2966 1318 3008 tamen
1345 2953 1374 3006 in
1397 2953 1442 3005 exi-

396 3040 461 3094 lium
481 3041 592 3107 abierit,
617 3059 680 3093 cum
700 3060 732 3093 eo
751 3041 890 3108 convenit,
916 3045 989 3115 quod
1008 3046 1079 3099 idern
1098 3043 1204 3097 exilium
1224 3043 1288 3096 alibi
1317 3043 1380 3096 dicit
1395 3041 1443 3091 dis-

397 3145 499 3179 cessum
516 3148 611 3188 suum5
631 3128 684 3182 vid.
701 3127 751 3181 Or.
774 3149 824 3199 pro
841 3128 910 3184 Sest.
928 3136 970 3184 22.
990 3163 1024 3171 —
1079 3131 1161 3199 Quod
1190 3130 1272 3184 babet
1292 3130 1318 3182 b.
1345 3130 1362 3185 l.
1383 3126 1442 3180 Cod.

397 3215 492 3269 Duisb.
528 3220 575 3266 Ita
595 3234 658 3286 ego,
676 3217 702 3268 id
722 3236 749 3269 se
768 3218 907 3289 praeferre
933 3219 961 3272 in
980 3220 1049 3274 Add.
1069 3219 1132 3273 dixit
1151 3216 1271 3285 Gernh„
1291 3219 1354 3289 quia
1373 3233 1443 3286 supe-

397 3303 468 3357 riora
499 3302 569 3356 hanc
589 3305 746 3358 sententiam
774 3308 1004 3378 praeparaverint,
1032 3308 1176 3378 laudatque
1193 3325 1271 3359 suam
1300 3317 1391 3359 annot.
1413 3303 1442 3356 ad

398 3387 478 3444 offic„
496 3389 517 3457 I,
536 3396 561 3457 2,
581 3395 611 3457 6,
632 3393 657 3444 id
678 3413 721 3445 me
740 3393 849 3466 quidem
869 3414 925 3447 nou
944 3396 1029 3467 magis
1047 3415 1128 3468 quam
1147 3393 1284 3448 Orellium
1313 3391 1442 3466 permovit,

396 3489 426 3532 ut
447 3480 526 3532 unius
543 3479 603 3532 libri
623 3481 796 3552 scriptionem
825 3503 881 3536 non
909 3485 1003 3555 optimi
1029 3483 1192 3555 praeferrem
1220 3482 1364 3553 scriptioni
1389 3480 1444 3533 reli·

397 3587 513 3638 quorum
543 3569 673 3621 omnium.
721 3567 803 3636 Quod
828 3590 889 3625 vero
916 3571 940 3623 h.
969 3572 986 3623 Ι.
1012 3583 1037 3624 et
1067 3568 1253 3641 compluribus
1281 3568 1342 3621 aliis
1368 3565 1446 3620 laudat

398 3653 554 3709 Anemoecii
574 3657 717 3709 editionem
732 3657 800 3723 0r.,
822 3658 849 3710 id
869 3657 901 3710 de
915 3678 974 3711 vera
990 3669 1015 3712 et
1030 3658 1115 3729 prima
1135 3676 1219 3728 eaque
1238 3658 1358 3727 genuina
1380 3655 1445 3708 Ane-

398 3742 493 3793 moecii
508 3742 623 3794 editione
636 3744 687 3795 dici
698 3763 751 3796 non
771 3755 864 3814 potest,
886 3765 948 3798 curn
967 3767 996 3800 ea
1008 3747 1096 3799 Editio
1114 3745 1179 3800 nibil
1192 3745 1291 3798 babeat
1306 3746 1356 3798 nisi
1374 3744 1446 3796 libros

399 3825 432 3877 de
449 3826 569 3893 Officiis,
596 3847 685 3900 neque
703 3829 768 3882 alios
785 3829 909 3885 habuerit
928 3833 984 3886 eius
1002 3833 1109 3900 Codex,
1140 3831 1212 3886 unde
1238 3832 1278 3886 illi
1308 3832 1369 3885 libri
1394 3838 1446 3882 suut

399 3912 538 3985 descripti:
556 3914 607 3968 vid.
628 3916 710 3987 ipsius
728 3917 896 3974 Onomastici
914 3922 985 3976 Part.
1005 3920 1025 3973 l.
1053 3942 1079 3993 p.
1098 3924 1150 3976 34⁵
1170 3938 1210 3991 sq.
1257 3919 1314 3973 Sed
1334 3917 1447 3972 sumsisse

384 3998 512 4064 nitetur,
539 4001 566 4054 id
584 4003 656 4074 quod
681 4005 709 4058 in
727 4006 884 4077 Paradoxis,
911 4013 968 4064 Cat.
996 4010 1059 4063 mai.
1082 4020 1107 4062 et
1123 4008 1213 4061 Laelio
1239 4008 1273 4060 de
1295 4003 1445 4062 Anemoecii

398 4087 520 4144 editionis
544 4089 702 4147 lectionibus
731 4096 826 4164 refert,
853 4118 882 4151 ex
906 4097 1075 4151 Editionibus
1100 4095 1268 4162 Gernhardi,
1297 4089 1446 4166 qui-babuit

399 4174 549 4232 Editionem
561 4199 616 4234 non
627 4182 714 4237 minus
724 4185 1047 4239 Pseudoanemoecianam
1055 4184 1165 4256 (Colon.
1180 4184 1297 4255 Agripp.
1309 4172 1445 4245 1563.’8.)ι

400 4280 496 4331 quam,
517 4287 584 4337 quoe
600 4271 635 4323 ita
654 4272 804 4342 appellatur
821 4274 882 4328 loco
902 4273 972 4327 laud.
992 4294 1018 4345 p.
1037 4277 1098 4329 351.
1118 4274 1152 4326 ab
1171 4271 1277 4326 Orellio
1296 4271 1372 4342 ipso,
1399 4267 1446 4320 Ba-

398 4346 515 4405 sileensis
532 4373 575 4425 ap.
594 4357 627 4411 N.
643 4359 832 4432 Brylingerum
851 4382 875 4414 a.
900 4366 979 4416 1⁵60.
1000 4366 1025 4415 8.
1052 4360 1128 4414 edita.
1180 4361 1253 4414 Vere
1281 4360 1367 4430 igitur
1392 4355 1446 4409 insit

399 4428 425 4481 h·
443 4431 461 4484 Ι.
480 4435 507 4489 in
527 4438 570 4493 illa
588 4442 637 4498 Ed.
655 4447 740 4516 (etin
760 4449 843 4517 ttub.)
862 4467 930 4521 quae
947 4461 1015 4503 tunt
1034 4449 1126 4502 nulla:
1152 4459 1225 4503 certe
1244 4467 1276 4501 ea
1295 4446 1377 4502 lectio
1394 4460 1443 4497 non
