<?xml version="1.0" encoding="UTF-8"?>
<!DOCTYPE html PUBLIC "-//W3C//DTD XHTML 1.0 Transitional//EN"
    "http://www.w3.org/TR/xhtml1/DTD/xhtml1-transitional.dtd">
<html xmlns="http://www.w3.org/1999/xhtml" xml:lang="en" lang="en">
 <head>
  <title>
</title>
<meta http-equiv="Content-Type" content="text/html;charset=utf-8" />
  <meta name='ocr-system' content='tesseract 3.04.00' />
  <meta name='ocr-capabilities' content='ocr_page ocr_carea ocr_par ocr_line ocrx_word'/>
</head>
<body>
  <div class='ocr_page' id='page_1' title='image "./paradoxa00wyttgoog_0266.png"; bbox 0 0 3450 5342; ppageno 0'>
   <div class='ocr_carea' id='block_1_1' title="bbox 419 649 1144 724">
    <p class='ocr_par' dir='ltr' id='par_1_1' title="bbox 419 649 1144 724">
     <span class='ocr_line' id='line_1_1' title="bbox 419 649 1144 724; baseline -0.004 0"><span class='ocrx_word' id='word_1_1' title='bbox 419 649 490 724; x_wconf 85' lang='grc'>188</span> <span class='ocrx_word' id='word_1_2' title='bbox 750 674 923 721; x_wconf 66' lang='grc' dir='ltr'>νωυου</span> <span class='ocrx_word' id='word_1_3' title='bbox 949 672 1144 721; x_wconf 78' lang='lat' dir='ltr'>ororcouou.</span> 
     </span>
    </p>
   </div>
   <div class='ocr_carea' id='block_1_2' title="bbox 413 830 1467 994">
    <p class='ocr_par' dir='ltr' id='par_1_2' title="bbox 413 830 1467 994">
     <span class='ocr_line' id='line_1_2' title="bbox 413 830 1467 907; baseline -0.002 -19"><span class='ocrx_word' id='word_1_4' title='bbox 413 833 648 907; x_wconf 81' lang='lat' dir='ltr'><em>(quemadmodum</em></span> <span class='ocrx_word' id='word_1_5' title='bbox 672 833 753 886; x_wconf 86' lang='lat' dir='ltr'>multi</span> <span class='ocrx_word' id='word_1_6' title='bbox 779 834 807 885; x_wconf 82' lang='lat' dir='ltr'>in</span> <span class='ocrx_word' id='word_1_7' title='bbox 825 843 941 898; x_wconf 80' lang='lat' dir='ltr'>senatu,</span> <span class='ocrx_word' id='word_1_8' title='bbox 965 851 1005 884; x_wconf 87' lang='lat' dir='ltr'>me</span> <span class='ocrx_word' id='word_1_9' title='bbox 1028 830 1153 899; x_wconf 81' lang='lat' dir='ltr'>absente,</span> <span class='ocrx_word' id='word_1_10' title='bbox 1180 832 1324 900; x_wconf 79' lang='lat' dir='ltr'>dixerant)</span> <span class='ocrx_word' id='word_1_11' title='bbox 1350 835 1467 904; x_wconf 83' lang='lat' dir='ltr'>periculo</span> 
     </span>
     <span class='ocr_line' id='line_1_3' title="bbox 414 918 1466 994; baseline -0.004 -19"><span class='ocrx_word' id='word_1_12' title='bbox 414 924 453 975; x_wconf 86' lang='lat' dir='ltr'>rei</span> <span class='ocrx_word' id='word_1_13' title='bbox 470 922 594 994; x_wconf 78' lang='lat' dir='ltr'>publicos</span> <span class='ocrx_word' id='word_1_14' title='bbox 614 918 747 980; x_wconf 76' lang='lat' dir='ltr'>vivebam,</span> <span class='ocrx_word' id='word_1_15' title='bbox 771 920 872 991; x_wconf 83' lang='lat' dir='ltr'>quique</span> <span class='ocrx_word' id='word_1_16' title='bbox 899 918 931 971; x_wconf 86' lang='lat' dir='ltr'>ob</span> <span class='ocrx_word' id='word_1_17' title='bbox 949 937 1008 970; x_wconf 82' lang='lat' dir='ltr'>eom</span> <span class='ocrx_word' id='word_1_18' title='bbox 1026 936 1139 971; x_wconf 82' lang='lat' dir='ltr'>causam</span> <span class='ocrx_word' id='word_1_19' title='bbox 1156 919 1349 973; x_wconf 83' lang='lat' dir='ltr'>consularibus</span> <span class='ocrx_word' id='word_1_20' title='bbox 1371 920 1466 971; x_wconf 83' lang='lat' dir='ltr'>litteris</span> 
     </span>
    </p>
   </div>
   <div class='ocr_carea' id='block_1_3' title="bbox 410 1006 1466 2311">
    <p class='ocr_par' dir='ltr' id='par_1_3' title="bbox 411 1006 1466 1767">
     <span class='ocr_line' id='line_1_4' title="bbox 413 1006 1466 1075; baseline -0.004 -14"><span class='ocrx_word' id='word_1_21' title='bbox 413 1011 445 1061; x_wconf 86' lang='lat' dir='ltr'>de</span> <span class='ocrx_word' id='word_1_22' title='bbox 468 1020 579 1063; x_wconf 77' lang='lat' dir='ltr'>senatus</span> <span class='ocrx_word' id='word_1_23' title='bbox 603 1009 739 1061; x_wconf 81' lang='lat' dir='ltr'>sententio</span> <span class='ocrx_word' id='word_1_24' title='bbox 767 1008 868 1060; x_wconf 76' lang='lat' dir='ltr'>exteris</span> <span class='ocrx_word' id='word_1_25' title='bbox 893 1007 1048 1059; x_wconf 83' lang='lat' dir='ltr'>nationibus</span> <span class='ocrx_word' id='word_1_26' title='bbox 1072 1006 1291 1075; x_wconf 74' lang='lat' dir='ltr'>commendabat,</span> <span class='ocrx_word' id='word_1_27' title='bbox 1317 1027 1419 1071; x_wconf 82' lang='lat' dir='ltr'>nonme,</span> <span class='ocrx_word' id='word_1_28' title='bbox 1445 1010 1466 1060; x_wconf 86' lang='lat' dir='ltr'>si</span> 
     </span>
     <span class='ocr_line' id='line_1_5' title="bbox 412 1080 1464 1164; baseline -0.002 -14"><span class='ocrx_word' id='word_1_29' title='bbox 412 1118 496 1151; x_wconf 79' lang='lat' dir='ltr'>rocam</span> <span class='ocrx_word' id='word_1_30' title='bbox 513 1080 599 1150; x_wconf 78' lang='lat' dir='ltr'>vitam</span> <span class='ocrx_word' id='word_1_31' title='bbox 617 1095 804 1161; x_wconf 75' lang='lat' dir='ltr'>deseruissem,</span> <span class='ocrx_word' id='word_1_32' title='bbox 832 1093 1039 1164; x_wconf 83' lang='lat' dir='ltr'>rempublicam</span> <span class='ocrx_word' id='word_1_33' title='bbox 1059 1094 1243 1164; x_wconf 72' lang='lat' dir='ltr'>prodidissem.</span> <span class='ocrx_word' id='word_1_34' title='bbox 1270 1093 1361 1160; x_wconf 54' lang='lat' dir='ltr'>,Ado</span> <span class='ocrx_word' id='word_1_35' title='bbox 1386 1115 1409 1147; x_wconf 87' lang='lat' dir='ltr'>c.</span> <span class='ocrx_word' id='word_1_36' title='bbox 1425 1099 1464 1160; x_wconf 77' lang='lat' dir='ltr'>ot,</span> 
     </span>
     <span class='ocr_line' id='line_1_6' title="bbox 412 1181 1465 1256; baseline -0.007 -16"><span class='ocrx_word' id='word_1_37' title='bbox 412 1190 478 1240; x_wconf 81' lang='lat'><strong>128:</strong></span> <span class='ocrx_word' id='word_1_38' title='bbox 496 1189 580 1256; x_wconf 84' lang='lat' dir='ltr'>Quem</span> <span class='ocrx_word' id='word_1_39' title='bbox 596 1186 665 1237; x_wconf 82' lang='lat' dir='ltr'>enim</span> <span class='ocrx_word' id='word_1_40' title='bbox 684 1202 804 1256; x_wconf 84' lang='lat' dir='ltr'>uuquam</span> <span class='ocrx_word' id='word_1_41' title='bbox 820 1192 932 1235; x_wconf 79' lang='lat' dir='ltr'>senatus</span> <span class='ocrx_word' id='word_1_42' title='bbox 953 1183 1048 1249; x_wconf 80' lang='lat' dir='ltr'>civem,</span> <span class='ocrx_word' id='word_1_43' title='bbox 1068 1182 1121 1234; x_wconf 82' lang='lat' dir='ltr'>uisi</span> <span class='ocrx_word' id='word_1_44' title='bbox 1138 1201 1193 1240; x_wconf 79' lang='lat' dir='ltr'>me,</span> <span class='ocrx_word' id='word_1_45' title='bbox 1216 1181 1378 1234; x_wconf 66' lang='lat' dir='ltr'>notorious</span> <span class='ocrx_word' id='word_1_46' title='bbox 1396 1193 1465 1233; x_wconf 79' lang='lat' dir='ltr'>exte-</span> 
     </span>
     <span class='ocr_line' id='line_1_7' title="bbox 412 1269 1465 1341; baseline -0.006 -15"><span class='ocrx_word' id='word_1_47' title='bbox 412 1274 450 1326; x_wconf 83' lang='lat' dir='ltr'>ris</span> <span class='ocrx_word' id='word_1_48' title='bbox 468 1271 683 1325; x_wconf 74' lang='lat' dir='ltr'>commodavit?</span> <span class='ocrx_word' id='word_1_49' title='bbox 701 1272 779 1323; x_wconf 85' lang='lat' dir='ltr'>euius</span> <span class='ocrx_word' id='word_1_50' title='bbox 798 1288 919 1341; x_wconf 80' lang='lat' dir='ltr'>uuquam</span> <span class='ocrx_word' id='word_1_51' title='bbox 934 1279 1045 1339; x_wconf 79' lang='lat' dir='ltr'>propter</span> <span class='ocrx_word' id='word_1_52' title='bbox 1063 1270 1195 1334; x_wconf 82' lang='lat' dir='ltr'>salutem,</span> <span class='ocrx_word' id='word_1_53' title='bbox 1219 1269 1274 1321; x_wconf 82' lang='lat' dir='ltr'>nisi</span> <span class='ocrx_word' id='word_1_54' title='bbox 1301 1288 1402 1335; x_wconf 80' lang='lat' dir='ltr'>meum,</span> <span class='ocrx_word' id='word_1_55' title='bbox 1427 1289 1465 1322; x_wconf 83' lang='lat' dir='ltr'>se·</span> 
     </span>
     <span class='ocr_line' id='line_1_8' title="bbox 411 1356 1463 1430; baseline -0.004 -17"><span class='ocrx_word' id='word_1_56' title='bbox 411 1372 495 1414; x_wconf 82' lang='lat' dir='ltr'>natus</span> <span class='ocrx_word' id='word_1_57' title='bbox 511 1359 618 1430; x_wconf 81' lang='lat' dir='ltr'>publice</span> <span class='ocrx_word' id='word_1_58' title='bbox 635 1359 714 1411; x_wconf 77' lang='lat' dir='ltr'>sociis</span> <span class='ocrx_word' id='word_1_59' title='bbox 729 1357 826 1429; x_wconf 86' lang='lat' dir='ltr'>populi</span> <span class='ocrx_word' id='word_1_60' title='bbox 842 1359 957 1410; x_wconf 84' lang='lat' dir='ltr'>Romani</span> <span class='ocrx_word' id='word_1_61' title='bbox 973 1359 1083 1429; x_wconf 78' lang='lat' dir='ltr'>gratioe</span> <span class='ocrx_word' id='word_1_62' title='bbox 1103 1356 1181 1429; x_wconf 83' lang='lat' dir='ltr'>egit?</span> <span class='ocrx_word' id='word_1_63' title='bbox 1199 1377 1250 1429; x_wconf 88' lang='lat' dir='ltr'>pro</span> <span class='ocrx_word' id='word_1_64' title='bbox 1263 1356 1360 1412; x_wconf 80' lang='lat' dir='ltr'>Plane.</span> <span class='ocrx_word' id='word_1_65' title='bbox 1369 1360 1413 1425; x_wconf 79' lang='lat'>32,</span> <span class='ocrx_word' id='word_1_66' title='bbox 1421 1361 1463 1410; x_wconf 82' lang='lat' dir='ltr'>l8:</span> 
     </span>
     <span class='ocr_line' id='line_1_9' title="bbox 413 1445 1464 1518; baseline -0.005 -17"><span class='ocrx_word' id='word_1_67' title='bbox 413 1448 669 1501; x_wconf 67' lang='lat' dir='ltr'>senatusconsulto</span> <span class='ocrx_word' id='word_1_68' title='bbox 687 1475 722 1487; x_wconf 96' lang='lat'>—</span> <span class='ocrx_word' id='word_1_69' title='bbox 740 1465 798 1497; x_wconf 69' lang='lat' dir='ltr'>noea</span> <span class='ocrx_word' id='word_1_70' title='bbox 820 1445 898 1498; x_wconf 80' lang='lat' dir='ltr'>eolus</span> <span class='ocrx_word' id='word_1_71' title='bbox 917 1445 1037 1498; x_wconf 82' lang='lat' dir='ltr'>omnibus</span> <span class='ocrx_word' id='word_1_72' title='bbox 1060 1456 1101 1498; x_wconf 82' lang='lat' dir='ltr'>est</span> <span class='ocrx_word' id='word_1_73' title='bbox 1118 1446 1246 1518; x_wconf 80' lang='lat' dir='ltr'>gentibus</span> <span class='ocrx_word' id='word_1_74' title='bbox 1271 1449 1464 1499; x_wconf 78' lang='lat' dir='ltr'>commendata.</span> 
     </span>
     <span class='ocr_line' id='line_1_10' title="bbox 412 1532 1461 1608; baseline -0.002 -20"><span class='ocrx_word' id='word_1_75' title='bbox 412 1535 503 1605; x_wconf 82' lang='lat' dir='ltr'>ldem,</span> <span class='ocrx_word' id='word_1_76' title='bbox 534 1535 607 1608; x_wconf 87' lang='lat' dir='ltr'>quod</span> <span class='ocrx_word' id='word_1_77' title='bbox 632 1535 723 1607; x_wconf 84' lang='lat' dir='ltr'>priore</span> <span class='ocrx_word' id='word_1_78' title='bbox 748 1551 799 1605; x_wconf 90' lang='lat' dir='ltr'>pro</span> <span class='ocrx_word' id='word_1_79' title='bbox 826 1533 914 1587; x_wconf 86' lang='lat' dir='ltr'>Sestio</span> <span class='ocrx_word' id='word_1_80' title='bbox 937 1532 1014 1599; x_wconf 83' lang='lat' dir='ltr'>loco,</span> <span class='ocrx_word' id='word_1_81' title='bbox 1043 1535 1126 1587; x_wconf 90' lang='lat' dir='ltr'>relert</span> <span class='ocrx_word' id='word_1_82' title='bbox 1152 1535 1180 1587; x_wconf 91' lang='lat' dir='ltr'>in</span> <span class='ocrx_word' id='word_1_83' title='bbox 1206 1533 1257 1587; x_wconf 90' lang='lat' dir='ltr'>Or.</span> <span class='ocrx_word' id='word_1_84' title='bbox 1282 1535 1313 1587; x_wconf 87' lang='lat' dir='ltr'>iu</span> <span class='ocrx_word' id='word_1_85' title='bbox 1343 1535 1461 1587; x_wconf 84' lang='lat' dir='ltr'>Pisonem</span> 
     </span>
     <span class='ocr_line' id='line_1_11' title="bbox 412 1621 1460 1693; baseline -0.006 -13"><span class='ocrx_word' id='word_1_86' title='bbox 412 1643 436 1680; x_wconf 87' lang='lat' dir='ltr'>c.</span> <span class='ocrx_word' id='word_1_87' title='bbox 454 1628 498 1692; x_wconf 85' lang='grc'>15,</span> <span class='ocrx_word' id='word_1_88' title='bbox 517 1628 561 1680; x_wconf 82' lang='grc'><strong>32.</strong></span> <span class='ocrx_word' id='word_1_89' title='bbox 579 1622 666 1679; x_wconf 85' lang='lat' dir='ltr'>Codd.</span> <span class='ocrx_word' id='word_1_90' title='bbox 684 1621 744 1677; x_wconf 84' lang='lat' dir='ltr'>Crz.</span> <span class='ocrx_word' id='word_1_91' title='bbox 761 1621 834 1675; x_wconf 90' lang='lat' dir='ltr'>Gud.</span> <span class='ocrx_word' id='word_1_92' title='bbox 853 1623 885 1675; x_wconf 83' lang='lat' dir='ltr'>A.</span> <span class='ocrx_word' id='word_1_93' title='bbox 905 1621 1005 1677; x_wconf 76' lang='lat' dir='ltr'>hebent</span> <span class='ocrx_word' id='word_1_94' title='bbox 1022 1623 1140 1675; x_wconf 80' lang='lat' dir='ltr'>externis</span> <span class='ocrx_word' id='word_1_95' title='bbox 1160 1641 1210 1693; x_wconf 86' lang='lat' dir='ltr'>pro</span> <span class='ocrx_word' id='word_1_96' title='bbox 1228 1623 1341 1676; x_wconf 78' lang='lat' dir='ltr'>exteris.</span> <span class='ocrx_word' id='word_1_97' title='bbox 1361 1621 1460 1676; x_wconf 89' lang='lat' dir='ltr'>Suerin.</span> 
     </span>
     <span class='ocr_line' id='line_1_12' title="bbox 411 1712 663 1767; baseline 0 -3"><span class='ocrx_word' id='word_1_98' title='bbox 411 1715 440 1764; x_wconf 85' lang='lat' dir='ltr'>in</span> <span class='ocrx_word' id='word_1_99' title='bbox 458 1714 567 1767; x_wconf 83' lang='lat' dir='ltr'>exteris.</span> <span class='ocrx_word' id='word_1_100' title='bbox 604 1712 663 1765; x_wconf 80' lang='lat' dir='ltr'>Mc.</span> 
     </span>
    </p>

    <p class='ocr_par' dir='ltr' id='par_1_4' title="bbox 410 1795 1459 2311">
     <span class='ocr_line' id='line_1_13' title="bbox 483 1795 1459 1869; baseline -0.003 -18"><span class='ocrx_word' id='word_1_101' title='bbox 483 1800 555 1852; x_wconf 79' lang='lat' dir='ltr'>Civis</span> <span class='ocrx_word' id='word_1_102' title='bbox 574 1801 677 1869; x_wconf 79' lang='lat' dir='ltr'>optim]</span> <span class='ocrx_word' id='word_1_103' title='bbox 697 1803 759 1865; x_wconf 86' lang='lat' dir='ltr'>„Ut</span> <span class='ocrx_word' id='word_1_104' title='bbox 777 1799 899 1854; x_wconf 87' lang='lat' dir='ltr'>additum</span> <span class='ocrx_word' id='word_1_105' title='bbox 911 1799 941 1853; x_wconf 90' lang='lat' dir='ltr'>io</span> <span class='ocrx_word' id='word_1_106' title='bbox 959 1818 1026 1867; x_wconf 87' lang='lat' dir='ltr'>uuo,</span> <span class='ocrx_word' id='word_1_107' title='bbox 1044 1817 1106 1852; x_wconf 89' lang='lat' dir='ltr'>cum</span> <span class='ocrx_word' id='word_1_108' title='bbox 1121 1797 1194 1869; x_wconf 87' lang='lat' dir='ltr'>prius</span> <span class='ocrx_word' id='word_1_109' title='bbox 1208 1816 1264 1850; x_wconf 92' lang='lat' dir='ltr'>non</span> <span class='ocrx_word' id='word_1_110' title='bbox 1278 1799 1376 1851; x_wconf 82' lang='lat' dir='ltr'>esset.“</span> <span class='ocrx_word' id='word_1_111' title='bbox 1395 1795 1459 1849; x_wconf 79' lang='lat' dir='ltr'>Ald.</span> 
     </span>
     <span class='ocr_line' id='line_1_14' title="bbox 410 1883 1458 1956; baseline -0.005 -17"><span class='ocrx_word' id='word_1_112' title='bbox 410 1887 495 1943; x_wconf 86' lang='lat' dir='ltr'>Man.</span> <span class='ocrx_word' id='word_1_113' title='bbox 532 1886 575 1955; x_wconf 80' lang='lat' dir='ltr'>„A</span> <span class='ocrx_word' id='word_1_114' title='bbox 594 1887 699 1940; x_wconf 90' lang='lat' dir='ltr'>duobus</span> <span class='ocrx_word' id='word_1_115' title='bbox 717 1887 894 1940; x_wconf 82' lang='lat' dir='ltr'>vetustissimis</span> <span class='ocrx_word' id='word_1_116' title='bbox 917 1886 993 1941; x_wconf 75' lang='lat' dir='ltr'>tibris</span> <span class='ocrx_word' id='word_1_117' title='bbox 1016 1885 1090 1939; x_wconf 78' lang='lat' dir='ltr'>abest</span> <span class='ocrx_word' id='word_1_118' title='bbox 1117 1884 1246 1956; x_wconf 76' lang='lat' dir='ltr'>particule</span> <span class='ocrx_word' id='word_1_119' title='bbox 1272 1896 1321 1950; x_wconf 83' lang='lat' dir='ltr'>ut,</span> <span class='ocrx_word' id='word_1_120' title='bbox 1352 1897 1379 1938; x_wconf 90' lang='lat' dir='ltr'>et</span> <span class='ocrx_word' id='word_1_121' title='bbox 1397 1883 1458 1936; x_wconf 84' lang='lat' dir='ltr'>houd</span> 
     </span>
     <span class='ocr_line' id='line_1_15' title="bbox 411 1973 1458 2040; baseline -0.006 -10"><span class='ocrx_word' id='word_1_122' title='bbox 411 1977 465 2030; x_wconf 81' lang='lat' dir='ltr'>scio</span> <span class='ocrx_word' id='word_1_123' title='bbox 482 1994 517 2029; x_wconf 80' lang='lat' dir='ltr'>an</span> <span class='ocrx_word' id='word_1_124' title='bbox 536 1975 618 2028; x_wconf 85' lang='lat' dir='ltr'>male:</span> <span class='ocrx_word' id='word_1_125' title='bbox 644 1975 746 2028; x_wconf 83' lang='lat' dir='ltr'>videtur</span> <span class='ocrx_word' id='word_1_126' title='bbox 770 1975 843 2027; x_wconf 88' lang='lat' dir='ltr'>euim</span> <span class='ocrx_word' id='word_1_127' title='bbox 873 1995 902 2027; x_wconf 80' lang='lat' dir='ltr'>ex</span> <span class='ocrx_word' id='word_1_128' title='bbox 927 1973 1044 2027; x_wconf 74' lang='lat' dir='ltr'>formula</span> <span class='ocrx_word' id='word_1_129' title='bbox 1071 1993 1138 2027; x_wconf 85' lang='lat' dir='ltr'>esse:</span> <span class='ocrx_word' id='word_1_130' title='bbox 1167 1973 1239 2025; x_wconf 79' lang='lat' dir='ltr'>Civis</span> <span class='ocrx_word' id='word_1_131' title='bbox 1263 1973 1365 2040; x_wconf 77' lang='lat' dir='ltr'>boreus,</span> <span class='ocrx_word' id='word_1_132' title='bbox 1394 1975 1458 2024; x_wconf 82' lang='lat' dir='ltr'>Civis</span> 
     </span>
     <span class='ocr_line' id='line_1_16' title="bbox 410 2058 1458 2132; baseline -0.003 -18"><span class='ocrx_word' id='word_1_133' title='bbox 410 2064 552 2132; x_wconf 84' lang='lat' dir='ltr'>optimus.“</span> <span class='ocrx_word' id='word_1_134' title='bbox 571 2060 601 2115; x_wconf 88' lang='lat' dir='ltr'>C.</span> <span class='ocrx_word' id='word_1_135' title='bbox 621 2063 720 2132; x_wconf 81' lang='lat' dir='ltr'>Laug.</span> <span class='ocrx_word' id='word_1_136' title='bbox 766 2061 915 2129; x_wconf 77' lang='lat' dir='ltr'><strong>„Nonnulli</strong></span> <span class='ocrx_word' id='word_1_137' title='bbox 943 2062 1003 2115; x_wconf 81' lang='lat' dir='ltr'>libri</span> <span class='ocrx_word' id='word_1_138' title='bbox 1029 2073 1129 2114; x_wconf 82' lang='lat' dir='ltr'>veteres</span> <span class='ocrx_word' id='word_1_139' title='bbox 1147 2080 1201 2113; x_wconf 87' lang='lat' dir='ltr'>non</span> <span class='ocrx_word' id='word_1_140' title='bbox 1229 2058 1330 2113; x_wconf 85' lang='lat' dir='ltr'>babent</span> <span class='ocrx_word' id='word_1_141' title='bbox 1348 2060 1458 2131; x_wconf 88' lang='lat' dir='ltr'>particu-</span> 
     </span>
     <span class='ocr_line' id='line_1_17' title="bbox 411 2149 1459 2223; baseline -0.006 -18"><span class='ocrx_word' id='word_1_142' title='bbox 411 2153 464 2205; x_wconf 91' lang='lat' dir='ltr'>lam</span> <span class='ocrx_word' id='word_1_143' title='bbox 482 2161 530 2216; x_wconf 83' lang='lat' dir='ltr'>ut,</span> <span class='ocrx_word' id='word_1_144' title='bbox 549 2170 617 2223; x_wconf 89' lang='lat' dir='ltr'>quos</span> <span class='ocrx_word' id='word_1_145' title='bbox 634 2161 740 2204; x_wconf 85' lang='lat' dir='ltr'>secutus</span> <span class='ocrx_word' id='word_1_146' title='bbox 758 2162 797 2203; x_wconf 79' lang='lat' dir='ltr'>esl</span> <span class='ocrx_word' id='word_1_147' title='bbox 814 2151 939 2222; x_wconf 73' lang='lat' dir='ltr'>Longius.</span> <span class='ocrx_word' id='word_1_148' title='bbox 982 2152 1013 2204; x_wconf 90' lang='lat' dir='ltr'>ln</span> <span class='ocrx_word' id='word_1_149' title='bbox 1042 2169 1097 2203; x_wconf 90' lang='lat' dir='ltr'>uno</span> <span class='ocrx_word' id='word_1_150' title='bbox 1117 2168 1167 2219; x_wconf 87' lang='lat' dir='ltr'>pro</span> <span class='ocrx_word' id='word_1_151' title='bbox 1194 2150 1261 2200; x_wconf 83' lang='lat' dir='ltr'>civis</span> <span class='ocrx_word' id='word_1_152' title='bbox 1287 2149 1380 2217; x_wconf 81' lang='lat' dir='ltr'>optimi</span> <span class='ocrx_word' id='word_1_153' title='bbox 1397 2149 1459 2201; x_wconf 86' lang='lat' dir='ltr'>scri-</span> 
     </span>
     <span class='ocr_line' id='line_1_18' title="bbox 410 2235 1457 2311; baseline -0.002 -20"><span class='ocrx_word' id='word_1_154' title='bbox 410 2250 486 2311; x_wconf 88' lang='lat' dir='ltr'>ptum</span> <span class='ocrx_word' id='word_1_155' title='bbox 501 2251 538 2292; x_wconf 89' lang='lat' dir='ltr'>est</span> <span class='ocrx_word' id='word_1_156' title='bbox 554 2239 620 2290; x_wconf 83' lang='lat' dir='ltr'>civis</span> <span class='ocrx_word' id='word_1_157' title='bbox 637 2239 762 2307; x_wconf 82' lang='lat' dir='ltr'>optimus.</span> <span class='ocrx_word' id='word_1_158' title='bbox 775 2239 910 2291; x_wconf 83' lang='lat' dir='ltr'>mendose.</span> <span class='ocrx_word' id='word_1_159' title='bbox 929 2238 1038 2291; x_wconf 70' lang='lat' dir='ltr'>lramh.</span> <span class='ocrx_word' id='word_1_160' title='bbox 1075 2237 1174 2304; x_wconf 88' lang='lat' dir='ltr'>„Deest</span> <span class='ocrx_word' id='word_1_161' title='bbox 1193 2237 1272 2290; x_wconf 89' lang='lat' dir='ltr'>etiam</span> <span class='ocrx_word' id='word_1_162' title='bbox 1288 2248 1320 2288; x_wconf 77' lang='lat' dir='ltr'>ut</span> <span class='ocrx_word' id='word_1_163' title='bbox 1333 2237 1360 2288; x_wconf 88' lang='lat' dir='ltr'>io</span> <span class='ocrx_word' id='word_1_164' title='bbox 1376 2235 1457 2290; x_wconf 83' lang='lat' dir='ltr'>Pitlt.“</span> 
     </span>
    </p>
   </div>
   <div class='ocr_carea' id='block_1_4' title="bbox 405 2323 1456 4498">
    <p class='ocr_par' dir='ltr' id='par_1_5' title="bbox 408 2323 1456 2749">
     <span class='ocr_line' id='line_1_19' title="bbox 410 2323 1456 2379; baseline -0.003 -1"><span class='ocrx_word' id='word_1_165' title='bbox 410 2325 529 2379; x_wconf 71' lang='lat' dir='ltr'>Graes.</span> <span class='ocrx_word' id='word_1_166' title='bbox 575 2328 679 2379; x_wconf 84' lang='lat' dir='ltr'><strong>Vocem</strong></span> <span class='ocrx_word' id='word_1_167' title='bbox 698 2336 730 2378; x_wconf 79' lang='lat' dir='ltr'>ut</span> <span class='ocrx_word' id='word_1_168' title='bbox 749 2326 876 2379; x_wconf 86' lang='lat' dir='ltr'>omittunt</span> <span class='ocrx_word' id='word_1_169' title='bbox 896 2326 980 2378; x_wconf 86' lang='lat' dir='ltr'>Codd.</span> <span class='ocrx_word' id='word_1_170' title='bbox 999 2326 1059 2379; x_wconf 89' lang='lat' dir='ltr'>Bas.</span> <span class='ocrx_word' id='word_1_171' title='bbox 1090 2324 1181 2379; x_wconf 86' lang='lat' dir='ltr'>Guell.</span> <span class='ocrx_word' id='word_1_172' title='bbox 1210 2325 1283 2379; x_wconf 89' lang='lat' dir='ltr'>Gud.</span> <span class='ocrx_word' id='word_1_173' title='bbox 1302 2324 1334 2378; x_wconf 83' lang='grc' dir='ltr'><strong>Α.</strong></span> <span class='ocrx_word' id='word_1_174' title='bbox 1360 2323 1456 2377; x_wconf 80' lang='lat' dir='ltr'>Crz.2</span> 
     </span>
     <span class='ocr_line' id='line_1_20' title="bbox 409 2411 1456 2486; baseline -0.001 -21"><span class='ocrx_word' id='word_1_175' title='bbox 409 2412 476 2466; x_wconf 87' lang='lat' dir='ltr'>Edd.</span> <span class='ocrx_word' id='word_1_176' title='bbox 496 2434 552 2486; x_wconf 81' lang='lat' dir='ltr'>prc.</span> <span class='ocrx_word' id='word_1_177' title='bbox 570 2417 649 2468; x_wconf 75' lang='lat'><strong>1465.</strong></span> <span class='ocrx_word' id='word_1_178' title='bbox 669 2414 738 2468; x_wconf 86' lang='lat' dir='ltr'>Vict.</span> <span class='ocrx_word' id='word_1_179' title='bbox 757 2414 827 2469; x_wconf 86' lang='lat' dir='ltr'>Rob.</span> <span class='ocrx_word' id='word_1_180' title='bbox 846 2415 937 2485; x_wconf 85' lang='lat' dir='ltr'>steph.</span> <span class='ocrx_word' id='word_1_181' title='bbox 957 2413 1044 2468; x_wconf 91' lang='lat' dir='ltr'>Bentl.</span> <span class='ocrx_word' id='word_1_182' title='bbox 1075 2415 1104 2466; x_wconf 91' lang='lat' dir='ltr'>ln</span> <span class='ocrx_word' id='word_1_183' title='bbox 1124 2412 1193 2467; x_wconf 89' lang='lat' dir='ltr'>Cod.</span> <span class='ocrx_word' id='word_1_184' title='bbox 1212 2411 1271 2466; x_wconf 77' lang='lat' dir='ltr'>Cro.</span> <span class='ocrx_word' id='word_1_185' title='bbox 1290 2418 1316 2470; x_wconf 88' lang='lat'>2.</span> <span class='ocrx_word' id='word_1_186' title='bbox 1338 2412 1456 2466; x_wconf 73' lang='lat' dir='ltr'>scribitur</span> 
     </span>
     <span class='ocr_line' id='line_1_21' title="bbox 410 2500 1455 2573; baseline 0 -21"><span class='ocrx_word' id='word_1_187' title='bbox 410 2503 503 2571; x_wconf 85' lang='lat' dir='ltr'>optimi</span> <span class='ocrx_word' id='word_1_188' title='bbox 529 2503 581 2554; x_wconf 82' lang='lat' dir='ltr'>oiri</span> <span class='ocrx_word' id='word_1_189' title='bbox 605 2502 679 2558; x_wconf 78' lang='lat' dir='ltr'>ciuis.</span> <span class='ocrx_word' id='word_1_190' title='bbox 725 2502 832 2573; x_wconf 79' lang='lat' dir='ltr'>Reliqui</span> <span class='ocrx_word' id='word_1_191' title='bbox 859 2502 921 2555; x_wconf 81' lang='lat' dir='ltr'><strong>libri</strong></span> <span class='ocrx_word' id='word_1_192' title='bbox 948 2513 1053 2556; x_wconf 83' lang='lat' dir='ltr'>servant</span> <span class='ocrx_word' id='word_1_193' title='bbox 1084 2513 1123 2554; x_wconf 85' lang='lat' dir='ltr'>ut.</span> <span class='ocrx_word' id='word_1_194' title='bbox 1171 2500 1290 2568; x_wconf 80' lang='lat' dir='ltr'>„Carere</span> <span class='ocrx_word' id='word_1_195' title='bbox 1318 2521 1351 2555; x_wconf 90' lang='lat' dir='ltr'>eo</span> <span class='ocrx_word' id='word_1_196' title='bbox 1376 2520 1455 2573; x_wconf 85' lang='lat' dir='ltr'>posses</span> 
     </span>
     <span class='ocr_line' id='line_1_22' title="bbox 408 2588 1454 2662; baseline -0.001 -21"><span class='ocrx_word' id='word_1_197' title='bbox 408 2588 514 2658; x_wconf 91' lang='lat' dir='ltr'>(monet</span> <span class='ocrx_word' id='word_1_198' title='bbox 530 2588 654 2657; x_wconf 63' lang='lat' dir='ltr'>Germe),</span> <span class='ocrx_word' id='word_1_199' title='bbox 672 2591 694 2643; x_wconf 89' lang='lat' dir='ltr'>si</span> <span class='ocrx_word' id='word_1_200' title='bbox 712 2590 857 2662; x_wconf 79' lang='lat' dir='ltr'>scripsisset</span> <span class='ocrx_word' id='word_1_201' title='bbox 873 2589 984 2647; x_wconf 84' lang='lat' dir='ltr'>Cicero:</span> <span class='ocrx_word' id='word_1_202' title='bbox 1004 2609 1095 2655; x_wconf 78' lang='lat' dir='ltr'>ruram,</span> <span class='ocrx_word' id='word_1_203' title='bbox 1115 2591 1182 2641; x_wconf 86' lang='lat' dir='ltr'>civis</span> <span class='ocrx_word' id='word_1_204' title='bbox 1201 2591 1304 2659; x_wconf 82' lang='lat' dir='ltr'>optimi,</span> <span class='ocrx_word' id='word_1_205' title='bbox 1324 2589 1454 2642; x_wconf 83' lang='lat' dir='ltr'>salutem.“</span> 
     </span>
     <span class='ocr_line' id='line_1_23' title="bbox 410 2674 1271 2749; baseline 0.003 -22"><span class='ocrx_word' id='word_1_206' title='bbox 410 2674 456 2730; x_wconf 86' lang='lat' dir='ltr'>Sic</span> <span class='ocrx_word' id='word_1_207' title='bbox 474 2676 525 2730; x_wconf 92' lang='lat' dir='ltr'>Or.</span> <span class='ocrx_word' id='word_1_208' title='bbox 543 2698 593 2749; x_wconf 90' lang='lat' dir='ltr'>pro</span> <span class='ocrx_word' id='word_1_209' title='bbox 613 2677 705 2732; x_wconf 86' lang='lat' dir='ltr'>Plane.</span> <span class='ocrx_word' id='word_1_210' title='bbox 724 2681 774 2731; x_wconf 78' lang='lat'>1⁰:</span> <span class='ocrx_word' id='word_1_211' title='bbox 793 2697 879 2743; x_wconf 83' lang='lat' dir='ltr'>meae,</span> <span class='ocrx_word' id='word_1_212' title='bbox 895 2680 1059 2749; x_wconf 82' lang='lat' dir='ltr'>praesentis,</span> <span class='ocrx_word' id='word_1_213' title='bbox 1075 2697 1174 2747; x_wconf 81' lang='lat' dir='ltr'>preces.</span> <span class='ocrx_word' id='word_1_214' title='bbox 1210 2677 1242 2728; x_wconf 85' lang='grc' dir='ltr'><strong>Μ</strong></span> <span class='ocrx_word' id='word_1_215' title='bbox 1250 2698 1271 2730; x_wconf 90' lang='lat' dir='ltr'>r.</span> 
     </span>
    </p>

    <p class='ocr_par' dir='ltr' id='par_1_6' title="bbox 407 2763 1452 3713">
     <span class='ocr_line' id='line_1_24' title="bbox 480 2763 1451 2837; baseline -0.002 -21"><span class='ocrx_word' id='word_1_216' title='bbox 480 2775 526 2829; x_wconf 80' lang='lat' dir='ltr'>tu,</span> <span class='ocrx_word' id='word_1_217' title='bbox 543 2784 576 2816; x_wconf 84' lang='lat' dir='ltr'>ue</span> <span class='ocrx_word' id='word_1_218' title='bbox 593 2785 664 2818; x_wconf 82' lang='lat' dir='ltr'>nunc</span> <span class='ocrx_word' id='word_1_219' title='bbox 682 2767 809 2837; x_wconf 68' lang='lat' dir='ltr'>quidem]</span> <span class='ocrx_word' id='word_1_220' title='bbox 830 2766 981 2830; x_wconf 86' lang='lat' dir='ltr'>Editiones,</span> <span class='ocrx_word' id='word_1_221' title='bbox 1009 2767 1035 2818; x_wconf 89' lang='lat' dir='ltr'>in</span> <span class='ocrx_word' id='word_1_222' title='bbox 1056 2767 1154 2837; x_wconf 84' lang='lat' dir='ltr'>qulbus</span> <span class='ocrx_word' id='word_1_223' title='bbox 1172 2765 1258 2835; x_wconf 78' lang='lat' dir='ltr'>glossa</span> <span class='ocrx_word' id='word_1_224' title='bbox 1284 2785 1314 2819; x_wconf 88' lang='lat' dir='ltr'>es</span> <span class='ocrx_word' id='word_1_225' title='bbox 1339 2765 1403 2818; x_wconf 80' lang='lat' dir='ltr'>civis</span> <span class='ocrx_word' id='word_1_226' title='bbox 1421 2763 1451 2815; x_wconf 86' lang='lat' dir='ltr'>rel</span> 
     </span>
     <span class='ocr_line' id='line_1_25' title="bbox 410 2851 1452 2922; baseline 0 -20"><span class='ocrx_word' id='word_1_227' title='bbox 410 2852 476 2904; x_wconf 78' lang='lat' dir='ltr'>‹r&#39;ois</span> <span class='ocrx_word' id='word_1_228' title='bbox 494 2851 615 2919; x_wconf 76' lang='lat' dir='ltr'>additur,</span> <span class='ocrx_word' id='word_1_229' title='bbox 643 2871 722 2922; x_wconf 87' lang='lat' dir='ltr'>supra</span> <span class='ocrx_word' id='word_1_230' title='bbox 743 2853 896 2906; x_wconf 86' lang='lat' dir='ltr'>memoravi.</span> <span class='ocrx_word' id='word_1_231' title='bbox 945 2854 1025 2908; x_wconf 91' lang='lat' dir='ltr'>Nunc</span> <span class='ocrx_word' id='word_1_232' title='bbox 1057 2855 1089 2906; x_wconf 89' lang='lat' dir='ltr'>de</span> <span class='ocrx_word' id='word_1_233' title='bbox 1117 2853 1263 2913; x_wconf 71' lang='lat' dir='ltr'>codicibus</span> <span class='ocrx_word' id='word_1_234' title='bbox 1290 2857 1452 2907; x_wconf 86' lang='lat' dir='ltr'>monendum.</span> 
     </span>
     <span class='ocr_line' id='line_1_26' title="bbox 408 2938 1450 3010; baseline 0.002 -20"><span class='ocrx_word' id='word_1_235' title='bbox 408 2939 441 2992; x_wconf 87' lang='lat' dir='ltr'>Et</span> <span class='ocrx_word' id='word_1_236' title='bbox 462 2938 560 2993; x_wconf 81' lang='lat' dir='ltr'>lrabe&#39;nt</span> <span class='ocrx_word' id='word_1_237' title='bbox 580 2939 688 3010; x_wconf 92' lang='lat' dir='ltr'>quidem</span> <span class='ocrx_word' id='word_1_238' title='bbox 705 2959 734 2990; x_wconf 83' lang='lat' dir='ltr'>es</span> <span class='ocrx_word' id='word_1_239' title='bbox 753 2941 819 2990; x_wconf 80' lang='lat' dir='ltr'>ciris</span> <span class='ocrx_word' id='word_1_240' title='bbox 837 2939 901 2992; x_wconf 78' lang='lat' dir='ltr'>On.</span> <span class='ocrx_word' id='word_1_241' title='bbox 912 2940 947 2993; x_wconf 93' lang='lat' dir='ltr'>U.</span> <span class='ocrx_word' id='word_1_242' title='bbox 957 2958 985 3002; x_wconf 89' lang='grc' dir='ltr'><strong>ψ.</strong></span> <span class='ocrx_word' id='word_1_243' title='bbox 1005 2944 1063 2994; x_wconf 83' lang='lat' dir='ltr'>Cro.</span> <span class='ocrx_word' id='word_1_244' title='bbox 1084 2945 1108 2994; x_wconf 86' lang='lat'>1.</span> <span class='ocrx_word' id='word_1_245' title='bbox 1126 2945 1152 2996; x_wconf 75' lang='grc'><strong>3.</strong></span> <span class='ocrx_word' id='word_1_246' title='bbox 1169 2941 1227 3008; x_wconf 85' lang='lat' dir='ltr'>(hic</span> <span class='ocrx_word' id='word_1_247' title='bbox 1245 2942 1326 2995; x_wconf 88' lang='lat' dir='ltr'>etiam</span> <span class='ocrx_word' id='word_1_248' title='bbox 1345 2961 1394 2993; x_wconf 85' lang='lat' dir='ltr'>nae</span> <span class='ocrx_word' id='word_1_249' title='bbox 1409 2959 1450 3010; x_wconf 88' lang='lat' dir='ltr'>pro</span> 
     </span>
     <span class='ocr_line' id='line_1_27' title="bbox 408 3026 1451 3100; baseline 0.001 -23"><span class='ocrx_word' id='word_1_250' title='bbox 408 3033 453 3090; x_wconf 84' lang='lat' dir='ltr'>ue)</span> <span class='ocrx_word' id='word_1_251' title='bbox 472 3026 554 3079; x_wconf 86' lang='lat' dir='ltr'>Drsd.</span> <span class='ocrx_word' id='word_1_252' title='bbox 572 3031 614 3091; x_wconf 80' lang='lat'>5.;</span> <span class='ocrx_word' id='word_1_253' title='bbox 634 3026 687 3079; x_wconf 83' lang='lat' dir='ltr'>Ox.</span> <span class='ocrx_word' id='word_1_254' title='bbox 706 3026 737 3079; x_wconf 85' lang='lat' dir='ltr'>E.</span> <span class='ocrx_word' id='word_1_255' title='bbox 766 3026 896 3080; x_wconf 82' lang='lat' dir='ltr'>habetne</span> <span class='ocrx_word' id='word_1_256' title='bbox 915 3039 981 3080; x_wconf 82' lang='lat' dir='ltr'>tunc</span> <span class='ocrx_word' id='word_1_257' title='bbox 1000 3049 1050 3100; x_wconf 92' lang='lat' dir='ltr'>pro</span> <span class='ocrx_word' id='word_1_258' title='bbox 1070 3050 1102 3082; x_wconf 86' lang='lat' dir='ltr'>ue</span> <span class='ocrx_word' id='word_1_259' title='bbox 1120 3050 1224 3098; x_wconf 82' lang='lat' dir='ltr'>nuno,</span> <span class='ocrx_word' id='word_1_260' title='bbox 1255 3030 1308 3085; x_wconf 81' lang='lat' dir='ltr'>Ox.</span> <span class='ocrx_word' id='word_1_261' title='bbox 1327 3030 1359 3082; x_wconf 88' lang='lat' dir='ltr'>N.</span> <span class='ocrx_word' id='word_1_262' title='bbox 1383 3047 1451 3090; x_wconf 85' lang='lat' dir='ltr'>nuuc,</span> 
     </span>
     <span class='ocr_line' id='line_1_28' title="bbox 409 3113 1451 3190; baseline -0.001 -24"><span class='ocrx_word' id='word_1_263' title='bbox 409 3114 506 3166; x_wconf 88' lang='lat' dir='ltr'>omisso</span> <span class='ocrx_word' id='word_1_264' title='bbox 524 3132 572 3181; x_wconf 63' lang='grc' dir='ltr'>ηας</span> <span class='ocrx_word' id='word_1_265' title='bbox 590 3113 641 3166; x_wconf 80' lang='lat' dir='ltr'>Ox.</span> <span class='ocrx_word' id='word_1_266' title='bbox 656 3132 686 3175; x_wconf 86' lang='grc' dir='ltr'><strong>ψ.</strong></span> <span class='ocrx_word' id='word_1_267' title='bbox 703 3125 731 3165; x_wconf 78' lang='lat' dir='ltr'>er</span> <span class='ocrx_word' id='word_1_268' title='bbox 750 3125 824 3168; x_wconf 83' lang='lat' dir='ltr'>tuno.</span> <span class='ocrx_word' id='word_1_269' title='bbox 861 3117 941 3170; x_wconf 89' lang='lat' dir='ltr'>Drsd.</span> <span class='ocrx_word' id='word_1_270' title='bbox 959 3120 984 3170; x_wconf 90' lang='lat'>1.</span> <span class='ocrx_word' id='word_1_271' title='bbox 1003 3121 1028 3172; x_wconf 80' lang='lat'>3.</span> <span class='ocrx_word' id='word_1_272' title='bbox 1049 3131 1079 3171; x_wconf 83' lang='lat' dir='ltr'>tu</span> <span class='ocrx_word' id='word_1_273' title='bbox 1101 3138 1134 3171; x_wconf 83' lang='lat' dir='ltr'>ne</span> <span class='ocrx_word' id='word_1_274' title='bbox 1150 3138 1183 3171; x_wconf 88' lang='lat' dir='ltr'>es</span> <span class='ocrx_word' id='word_1_275' title='bbox 1200 3138 1274 3171; x_wconf 82' lang='lat' dir='ltr'>nunc</span> <span class='ocrx_word' id='word_1_276' title='bbox 1293 3120 1398 3190; x_wconf 84' lang='lat' dir='ltr'>quidem</span> <span class='ocrx_word' id='word_1_277' title='bbox 1413 3118 1451 3166; x_wconf 84' lang='lat' dir='ltr'>ci-</span> 
     </span>
     <span class='ocr_line' id='line_1_29' title="bbox 408 3200 1450 3276; baseline 0.003 -25"><span class='ocrx_word' id='word_1_278' title='bbox 408 3200 473 3264; x_wconf 81' lang='lat' dir='ltr'>vis,</span> <span class='ocrx_word' id='word_1_279' title='bbox 492 3200 572 3255; x_wconf 85' lang='lat' dir='ltr'>Drsd.</span> <span class='ocrx_word' id='word_1_280' title='bbox 592 3208 616 3255; x_wconf 79' lang='lat'>2.</span> <span class='ocrx_word' id='word_1_281' title='bbox 642 3213 673 3253; x_wconf 82' lang='lat' dir='ltr'>tu</span> <span class='ocrx_word' id='word_1_282' title='bbox 691 3214 805 3255; x_wconf 80' lang='lat' dir='ltr'>metune</span> <span class='ocrx_word' id='word_1_283' title='bbox 831 3206 937 3276; x_wconf 84' lang='lat' dir='ltr'>quidem</span> <span class='ocrx_word' id='word_1_284' title='bbox 961 3207 1041 3273; x_wconf 83' lang='lat' dir='ltr'>civis,</span> <span class='ocrx_word' id='word_1_285' title='bbox 1070 3207 1149 3260; x_wconf 88' lang='lat' dir='ltr'>Drsd.</span> <span class='ocrx_word' id='word_1_286' title='bbox 1166 3210 1193 3260; x_wconf 82' lang='lat'>4.</span> <span class='ocrx_word' id='word_1_287' title='bbox 1219 3217 1251 3258; x_wconf 83' lang='lat' dir='ltr'>tu</span> <span class='ocrx_word' id='word_1_288' title='bbox 1281 3226 1315 3258; x_wconf 85' lang='lat' dir='ltr'>ne</span> <span class='ocrx_word' id='word_1_289' title='bbox 1340 3225 1367 3258; x_wconf 86' lang='lat' dir='ltr'>es</span> <span class='ocrx_word' id='word_1_290' title='bbox 1391 3207 1450 3257; x_wconf 81' lang='lat' dir='ltr'>eires</span> 
     </span>
     <span class='ocr_line' id='line_1_30' title="bbox 408 3288 1450 3368; baseline 0.001 -28"><span class='ocrx_word' id='word_1_291' title='bbox 408 3288 467 3354; x_wconf 89' lang='lat' dir='ltr'>(sic)</span> <span class='ocrx_word' id='word_1_292' title='bbox 486 3309 539 3342; x_wconf 83' lang='lat' dir='ltr'>non</span> <span class='ocrx_word' id='word_1_293' title='bbox 557 3291 680 3363; x_wconf 86' lang='lat' dir='ltr'>quidem,·</span> <span class='ocrx_word' id='word_1_294' title='bbox 709 3292 788 3345; x_wconf 85' lang='lat' dir='ltr'>Drsd.</span> <span class='ocrx_word' id='word_1_295' title='bbox 808 3297 834 3348; x_wconf 82' lang='lat'>5.</span> <span class='ocrx_word' id='word_1_296' title='bbox 858 3294 901 3346; x_wconf 84' lang='lat' dir='ltr'>tu&#39;</span> <span class='ocrx_word' id='word_1_297' title='bbox 915 3315 947 3348; x_wconf 84' lang='lat' dir='ltr'>ne</span> <span class='ocrx_word' id='word_1_298' title='bbox 977 3296 1082 3368; x_wconf 82' lang='lat' dir='ltr'>quidem</span> <span class='ocrx_word' id='word_1_299' title='bbox 1101 3314 1171 3346; x_wconf 84' lang='lat' dir='ltr'>nuno</span> <span class='ocrx_word' id='word_1_300' title='bbox 1197 3313 1226 3346; x_wconf 88' lang='lat' dir='ltr'>es</span> <span class='ocrx_word' id='word_1_301' title='bbox 1245 3296 1333 3356; x_wconf 78' lang='lat' dir='ltr'>civis,·</span> <span class='ocrx_word' id='word_1_302' title='bbox 1360 3292 1413 3346; x_wconf 75' lang='lat' dir='ltr'>Cu.</span> <span class='ocrx_word' id='word_1_303' title='bbox 1429 3296 1450 3343; x_wconf 84' lang='lat'>2.</span> 
     </span>
     <span class='ocr_line' id='line_1_31' title="bbox 409 3379 1449 3451; baseline 0.001 -23"><span class='ocrx_word' id='word_1_304' title='bbox 409 3388 441 3428; x_wconf 73' lang='lat' dir='ltr'>tu</span> <span class='ocrx_word' id='word_1_305' title='bbox 459 3397 491 3430; x_wconf 86' lang='lat' dir='ltr'>ne</span> <span class='ocrx_word' id='word_1_306' title='bbox 510 3381 615 3451; x_wconf 81' lang='lat' dir='ltr'>quidem</span> <span class='ocrx_word' id='word_1_307' title='bbox 633 3380 716 3442; x_wconf 78' lang='lat' dir='ltr'>civis5</span> <span class='ocrx_word' id='word_1_308' title='bbox 736 3380 803 3439; x_wconf 79' lang='lat' dir='ltr'>Oxx.</span> <span class='ocrx_word' id='word_1_309' title='bbox 821 3383 851 3435; x_wconf 87' lang='grc' dir='ltr'>Ε.</span> <span class='ocrx_word' id='word_1_310' title='bbox 872 3385 890 3436; x_wconf 92' lang='grc' dir='ltr'><strong>Ι.</strong></span> <span class='ocrx_word' id='word_1_311' title='bbox 916 3386 986 3438; x_wconf 80' lang='lat' dir='ltr'>cives</span> <span class='ocrx_word' id='word_1_312' title='bbox 1003 3403 1074 3438; x_wconf 85' lang='lat' dir='ltr'>eras.</span> <span class='ocrx_word' id='word_1_313' title='bbox 1110 3383 1216 3436; x_wconf 89' lang='lat' dir='ltr'>Suerio.</span> <span class='ocrx_word' id='word_1_314' title='bbox 1240 3401 1273 3435; x_wconf 82' lang='lat' dir='ltr'>ne</span> <span class='ocrx_word' id='word_1_315' title='bbox 1298 3401 1371 3435; x_wconf 82' lang='lat' dir='ltr'>nuuc</span> <span class='ocrx_word' id='word_1_316' title='bbox 1393 3379 1449 3431; x_wconf 81' lang='lat' dir='ltr'>ciris</span> 
     </span>
     <span class='ocr_line' id='line_1_32' title="bbox 408 3466 1449 3545; baseline 0.008 -27"><span class='ocrx_word' id='word_1_317' title='bbox 408 3466 520 3536; x_wconf 86' lang='lat' dir='ltr'>quidem.</span> <span class='ocrx_word' id='word_1_318' title='bbox 558 3469 630 3522; x_wconf 87' lang='lat' dir='ltr'>Gud.</span> <span class='ocrx_word' id='word_1_319' title='bbox 646 3468 677 3524; x_wconf 90' lang='lat' dir='ltr'>B.</span> <span class='ocrx_word' id='word_1_320' title='bbox 695 3489 728 3522; x_wconf 85' lang='lat' dir='ltr'>ne</span> <span class='ocrx_word' id='word_1_321' title='bbox 746 3490 774 3523; x_wconf 88' lang='lat' dir='ltr'>es</span> <span class='ocrx_word' id='word_1_322' title='bbox 791 3472 858 3524; x_wconf 78' lang='lat' dir='ltr'>civis</span> <span class='ocrx_word' id='word_1_323' title='bbox 880 3492 952 3541; x_wconf 69' lang='lat' dir='ltr'>murro</span> <span class='ocrx_word' id='word_1_324' title='bbox 977 3474 1090 3545; x_wconf 82' lang='lat' dir='ltr'>quidem.</span> <span class='ocrx_word' id='word_1_325' title='bbox 1114 3472 1172 3526; x_wconf 66' lang='grc' dir='ltr'><strong>ΜΓ.</strong></span> <span class='ocrx_word' id='word_1_326' title='bbox 1192 3498 1226 3510; x_wconf 88' lang='grc'>-</span> <span class='ocrx_word' id='word_1_327' title='bbox 1265 3470 1375 3544; x_wconf 78' lang='lat' dir='ltr'>Vulgati</span> <span class='ocrx_word' id='word_1_328' title='bbox 1398 3470 1449 3541; x_wconf 81' lang='lat' dir='ltr'>qui·</span> 
     </span>
     <span class='ocr_line' id='line_1_33' title="bbox 408 3556 1448 3626; baseline 0.003 -21"><span class='ocrx_word' id='word_1_329' title='bbox 408 3556 464 3607; x_wconf 86' lang='lat' dir='ltr'>dem</span> <span class='ocrx_word' id='word_1_330' title='bbox 482 3576 511 3608; x_wconf 88' lang='lat' dir='ltr'>es</span> <span class='ocrx_word' id='word_1_331' title='bbox 530 3558 603 3611; x_wconf 81' lang='lat' dir='ltr'>ciris.</span> <span class='ocrx_word' id='word_1_332' title='bbox 641 3558 693 3611; x_wconf 88' lang='lat' dir='ltr'>Sed</span> <span class='ocrx_word' id='word_1_333' title='bbox 714 3559 796 3613; x_wconf 88' lang='lat' dir='ltr'>delevi</span> <span class='ocrx_word' id='word_1_334' title='bbox 815 3580 893 3614; x_wconf 78' lang='lat' dir='ltr'>suasu</span> <span class='ocrx_word' id='word_1_335' title='bbox 912 3559 968 3614; x_wconf 87' lang='lat' dir='ltr'>Pal.</span> <span class='ocrx_word' id='word_1_336' title='bbox 986 3561 1071 3626; x_wconf 86' lang='lat' dir='ltr'>tertii,</span> <span class='ocrx_word' id='word_1_337' title='bbox 1091 3560 1119 3613; x_wconf 84' lang='lat' dir='ltr'>S.</span> <span class='ocrx_word' id='word_1_338' title='bbox 1139 3559 1264 3626; x_wconf 89' lang='lat' dir='ltr'>Victoris,</span> <span class='ocrx_word' id='word_1_339' title='bbox 1284 3560 1351 3613; x_wconf 87' lang='lat' dir='ltr'>item</span> <span class='ocrx_word' id='word_1_340' title='bbox 1367 3567 1448 3612; x_wconf 87' lang='lat' dir='ltr'>aucto·</span> 
     </span>
     <span class='ocr_line' id='line_1_34' title="bbox 407 3642 1448 3713; baseline 0.007 -20"><span class='ocrx_word' id='word_1_341' title='bbox 407 3642 482 3695; x_wconf 83' lang='lat' dir='ltr'>ritate</span> <span class='ocrx_word' id='word_1_342' title='bbox 501 3643 550 3695; x_wconf 88' lang='lat' dir='ltr'>Ed.</span> <span class='ocrx_word' id='word_1_343' title='bbox 570 3645 658 3698; x_wconf 88' lang='lat' dir='ltr'>Vict.“</span> <span class='ocrx_word' id='word_1_344' title='bbox 677 3646 817 3700; x_wconf 88' lang='lat' dir='ltr'>Gruter.</span> <span class='ocrx_word' id='word_1_345' title='bbox 854 3646 942 3713; x_wconf 65' lang='lat' dir='ltr'>„Eds</span> <span class='ocrx_word' id='word_1_346' title='bbox 960 3667 988 3700; x_wconf 83' lang='lat' dir='ltr'>es</span> <span class='ocrx_word' id='word_1_347' title='bbox 1007 3650 1087 3713; x_wconf 80' lang='lat' dir='ltr'>civis,</span> <span class='ocrx_word' id='word_1_348' title='bbox 1106 3647 1193 3702; x_wconf 84' lang='lat' dir='ltr'>invitis</span> <span class='ocrx_word' id='word_1_349' title='bbox 1211 3647 1315 3702; x_wconf 83' lang='lat' dir='ltr'>Mss.“</span> <span class='ocrx_word' id='word_1_350' title='bbox 1340 3647 1448 3701; x_wconf 71' lang='lat' dir='ltr'>Graes.</span> 
     </span>
    </p>

    <p class='ocr_par' dir='ltr' id='par_1_7' title="bbox 405 3731 1449 4336">
     <span class='ocr_line' id='line_1_35' title="bbox 480 3731 1449 3805; baseline 0.007 -27"><span class='ocrx_word' id='word_1_351' title='bbox 480 3731 541 3780; x_wconf 87' lang='lat' dir='ltr'>Nisi</span> <span class='ocrx_word' id='word_1_352' title='bbox 552 3733 630 3800; x_wconf 84' lang='lat' dir='ltr'>forte</span> <span class='ocrx_word' id='word_1_353' title='bbox 648 3733 716 3783; x_wconf 81' lang='lat' dir='ltr'>idem</span> <span class='ocrx_word' id='word_1_354' title='bbox 734 3752 791 3785; x_wconf 84' lang='lat' dir='ltr'>esse</span> <span class='ocrx_word' id='word_1_355' title='bbox 807 3737 894 3787; x_wconf 78' lang='lat' dir='ltr'>hostis</span> <span class='ocrx_word' id='word_1_356' title='bbox 911 3748 937 3787; x_wconf 89' lang='lat' dir='ltr'>et</span> <span class='ocrx_word' id='word_1_357' title='bbox 957 3737 1023 3788; x_wconf 80' lang='lat' dir='ltr'>ciris</span> <span class='ocrx_word' id='word_1_358' title='bbox 1038 3737 1149 3805; x_wconf 84' lang='lat' dir='ltr'>potest.]</span> <span class='ocrx_word' id='word_1_359' title='bbox 1175 3739 1309 3799; x_wconf 81' lang='lat' dir='ltr'>„Hostem</span> <span class='ocrx_word' id='word_1_360' title='bbox 1326 3756 1379 3789; x_wconf 88' lang='lat' dir='ltr'>non</span> <span class='ocrx_word' id='word_1_361' title='bbox 1398 3748 1449 3787; x_wconf 81' lang='lat' dir='ltr'>eum</span> 
     </span>
     <span class='ocr_line' id='line_1_36' title="bbox 406 3814 1449 3896; baseline 0.011 -31"><span class='ocrx_word' id='word_1_362' title='bbox 406 3814 551 3884; x_wconf 78' lang='lat' dir='ltr'>significat,</span> <span class='ocrx_word' id='word_1_363' title='bbox 583 3818 626 3868; x_wconf 92' lang='lat' dir='ltr'>cui</span> <span class='ocrx_word' id='word_1_364' title='bbox 652 3819 691 3870; x_wconf 83' lang='lat' dir='ltr'>vel</span> <span class='ocrx_word' id='word_1_365' title='bbox 710 3819 810 3872; x_wconf 87' lang='lat' dir='ltr'>bellum</span> <span class='ocrx_word' id='word_1_366' title='bbox 829 3822 976 3888; x_wconf 88' lang='lat' dir='ltr'>indictum,</span> <span class='ocrx_word' id='word_1_367' title='bbox 1003 3825 1041 3877; x_wconf 84' lang='lat' dir='ltr'>vel</span> <span class='ocrx_word' id='word_1_368' title='bbox 1060 3825 1106 3896; x_wconf 88' lang='lat' dir='ltr'>qui</span> <span class='ocrx_word' id='word_1_369' title='bbox 1127 3824 1193 3895; x_wconf 90' lang='lat' dir='ltr'>reip.</span> <span class='ocrx_word' id='word_1_370' title='bbox 1212 3825 1352 3890; x_wconf 80' lang='lat' dir='ltr'>indixerit,</span> <span class='ocrx_word' id='word_1_371' title='bbox 1379 3839 1449 3895; x_wconf 83' lang='lat' dir='ltr'>quem</span> 
     </span>
     <span class='ocr_line' id='line_1_37' title="bbox 407 3884 1448 3983; baseline 0.005 -28"><span class='ocrx_word' id='word_1_372' title='bbox 407 3914 505 3956; x_wconf 80' lang='lat' dir='ltr'>veteres</span> <span class='ocrx_word' id='word_1_373' title='bbox 524 3904 687 3975; x_wconf 84' lang='lat' dir='ltr'>perduellem</span> <span class='ocrx_word' id='word_1_374' title='bbox 707 3908 847 3962; x_wconf 84' lang='lat' dir='ltr'>vocabant:</span> <span class='ocrx_word' id='word_1_375' title='bbox 868 3912 912 3963; x_wconf 89' lang='lat' dir='ltr'>sed</span> <span class='ocrx_word' id='word_1_376' title='bbox 932 3931 1004 3976; x_wconf 87' lang='lat' dir='ltr'>eum,</span> <span class='ocrx_word' id='word_1_377' title='bbox 1024 3913 1070 3983; x_wconf 87' lang='lat' dir='ltr'>qui</span> <span class='ocrx_word' id='word_1_378' title='bbox 1089 3911 1310 3982; x_wconf 78' lang='lat' dir='ltr'>tranquillitatem</span> <span class='ocrx_word' id='word_1_379' title='bbox 1323 3912 1361 3964; x_wconf 92' lang='lat' dir='ltr'>rei</span> <span class='ocrx_word' id='word_1_380' title='bbox 1372 3884 1448 3981; x_wconf 90' lang='lat' dir='ltr'>publi·</span> 
     </span>
     <span class='ocr_line' id='line_1_38' title="bbox 406 3994 1448 4071; baseline 0.002 -27"><span class='ocrx_word' id='word_1_381' title='bbox 406 4012 452 4045; x_wconf 84' lang='lat' dir='ltr'>cae</span> <span class='ocrx_word' id='word_1_382' title='bbox 472 4005 565 4046; x_wconf 85' lang='lat' dir='ltr'>contra</span> <span class='ocrx_word' id='word_1_383' title='bbox 585 3995 626 4047; x_wconf 88' lang='lat' dir='ltr'>ius</span> <span class='ocrx_word' id='word_1_384' title='bbox 644 3994 735 4067; x_wconf 86' lang='lat' dir='ltr'>sasque</span> <span class='ocrx_word' id='word_1_385' title='bbox 755 4009 780 4052; x_wconf 90' lang='lat' dir='ltr'>et</span> <span class='ocrx_word' id='word_1_386' title='bbox 798 4011 891 4052; x_wconf 87' lang='lat' dir='ltr'>contra</span> <span class='ocrx_word' id='word_1_387' title='bbox 912 4001 982 4071; x_wconf 79' lang='lat' dir='ltr'>leges</span> <span class='ocrx_word' id='word_1_388' title='bbox 999 4001 1153 4054; x_wconf 87' lang='lat' dir='ltr'>conturbat:</span> <span class='ocrx_word' id='word_1_389' title='bbox 1185 4019 1237 4070; x_wconf 79' lang='lat' dir='ltr'>qua</span> <span class='ocrx_word' id='word_1_390' title='bbox 1265 3997 1448 4071; x_wconf 83' lang='lat' dir='ltr'>significatione</span> 
     </span>
     <span class='ocr_line' id='line_1_39' title="bbox 406 4078 1447 4159; baseline 0.004 -27"><span class='ocrx_word' id='word_1_391' title='bbox 406 4078 502 4136; x_wconf 89' lang='lat' dir='ltr'>Cicero</span> <span class='ocrx_word' id='word_1_392' title='bbox 521 4101 599 4153; x_wconf 86' lang='lat' dir='ltr'>saepe</span> <span class='ocrx_word' id='word_1_393' title='bbox 619 4083 728 4136; x_wconf 84' lang='lat' dir='ltr'>utitur.“</span> <span class='ocrx_word' id='word_1_394' title='bbox 748 4087 773 4138; x_wconf 89' lang='lat' dir='ltr'>X</span> <span class='ocrx_word' id='word_1_395' title='bbox 780 4099 841 4156; x_wconf 88' lang='lat' dir='ltr'>yst.</span> <span class='ocrx_word' id='word_1_396' title='bbox 860 4086 972 4142; x_wconf 88' lang='lat' dir='ltr'>Betul.</span> <span class='ocrx_word' id='word_1_397' title='bbox 1009 4088 1119 4158; x_wconf 83' lang='lat' dir='ltr'>„ltaque</span> <span class='ocrx_word' id='word_1_398' title='bbox 1134 4086 1230 4141; x_wconf 85' lang='lat' dir='ltr'>Cicero</span> <span class='ocrx_word' id='word_1_399' title='bbox 1244 4089 1333 4159; x_wconf 89' lang='lat' dir='ltr'>prima</span> <span class='ocrx_word' id='word_1_400' title='bbox 1350 4083 1447 4140; x_wconf 81' lang='lat' dir='ltr'>invecti·</span> 
     </span>
     <span class='ocr_line' id='line_1_40' title="bbox 406 4171 1445 4248; baseline 0.005 -27"><span class='ocrx_word' id='word_1_401' title='bbox 406 4188 496 4223; x_wconf 84' lang='lat' dir='ltr'>varum</span> <span class='ocrx_word' id='word_1_402' title='bbox 522 4171 550 4223; x_wconf 91' lang='lat' dir='ltr'>in</span> <span class='ocrx_word' id='word_1_403' title='bbox 578 4171 720 4225; x_wconf 83' lang='lat' dir='ltr'>Calilioam</span> <span class='ocrx_word' id='word_1_404' title='bbox 747 4186 827 4246; x_wconf 75' lang='lat' dir='ltr'>negat</span> <span class='ocrx_word' id='word_1_405' title='bbox 853 4197 913 4241; x_wconf 88' lang='lat' dir='ltr'>eos,</span> <span class='ocrx_word' id='word_1_406' title='bbox 943 4176 989 4248; x_wconf 89' lang='lat' dir='ltr'>qui</span> <span class='ocrx_word' id='word_1_407' title='bbox 1015 4197 1029 4229; x_wconf 85' lang='lat' dir='ltr'>a</span> <span class='ocrx_word' id='word_1_408' title='bbox 1055 4197 1111 4248; x_wconf 91' lang='lat' dir='ltr'>rep.</span> <span class='ocrx_word' id='word_1_409' title='bbox 1131 4177 1305 4244; x_wconf 79' lang='lat' dir='ltr'>defecerunt,</span> <span class='ocrx_word' id='word_1_410' title='bbox 1339 4189 1445 4247; x_wconf 83' lang='lat' dir='ltr'>unquam</span> 
     </span>
     <span class='ocr_line' id='line_1_41' title="bbox 405 4255 1075 4336; baseline 0.01 -28"><span class='ocrx_word' id='word_1_411' title='bbox 405 4255 461 4310; x_wconf 85' lang='lat' dir='ltr'>iura</span> <span class='ocrx_word' id='word_1_412' title='bbox 482 4259 577 4312; x_wconf 80' lang='lat' dir='ltr'>civium</span> <span class='ocrx_word' id='word_1_413' title='bbox 596 4260 697 4314; x_wconf 85' lang='lat' dir='ltr'>Romae</span> <span class='ocrx_word' id='word_1_414' title='bbox 717 4264 856 4317; x_wconf 85' lang='lat' dir='ltr'>tenuisse.“</span> <span class='ocrx_word' id='word_1_415' title='bbox 893 4265 914 4316; x_wconf 89' lang='lat' dir='ltr'>F</span> <span class='ocrx_word' id='word_1_416' title='bbox 923 4284 966 4318; x_wconf 91' lang='lat' dir='ltr'>rc.</span> <span class='ocrx_word' id='word_1_417' title='bbox 985 4265 1075 4336; x_wconf 81' lang='lat' dir='ltr'>Sylv.</span> 
     </span>
    </p>

    <p class='ocr_par' dir='ltr' id='par_1_8' title="bbox 405 4344 1444 4498">
     <span class='ocr_line' id='line_1_42' title="bbox 474 4344 1444 4423; baseline 0.011 -29"><span class='ocrx_word' id='word_1_418' title='bbox 474 4349 543 4398; x_wconf 84' lang='lat' dir='ltr'>idem</span> <span class='ocrx_word' id='word_1_419' title='bbox 562 4349 647 4402; x_wconf 83' lang='lat' dir='ltr'>lrostis</span> <span class='ocrx_word' id='word_1_420' title='bbox 663 4369 719 4402; x_wconf 86' lang='lat' dir='ltr'>esse</span> <span class='ocrx_word' id='word_1_421' title='bbox 737 4362 764 4402; x_wconf 83' lang='lat' dir='ltr'>et</span> <span class='ocrx_word' id='word_1_422' title='bbox 784 4354 850 4408; x_wconf 77' lang='lat' dir='ltr'>ciuis</span> <span class='ocrx_word' id='word_1_423' title='bbox 862 4355 974 4422; x_wconf 61' lang='lat' dir='ltr'>potem]</span> <span class='ocrx_word' id='word_1_424' title='bbox 1021 4353 1068 4407; x_wconf 88' lang='lat' dir='ltr'>Sic</span> <span class='ocrx_word' id='word_1_425' title='bbox 1086 4353 1164 4417; x_wconf 87' lang='lat' dir='ltr'>(dicit</span> <span class='ocrx_word' id='word_1_426' title='bbox 1182 4352 1248 4418; x_wconf 88' lang='lat' dir='ltr'>Or.)</span> <span class='ocrx_word' id='word_1_427' title='bbox 1261 4352 1316 4405; x_wconf 86' lang='lat' dir='ltr'>Ed.</span> <span class='ocrx_word' id='word_1_428' title='bbox 1335 4370 1388 4423; x_wconf 65' lang='lat' dir='ltr'>pre.</span> <span class='ocrx_word' id='word_1_429' title='bbox 1405 4344 1444 4398; x_wconf 71' lang='lat' dir='ltr'>Ed·</span> 
     </span>
     <span class='ocr_line' id='line_1_43' title="bbox 405 4431 1443 4498; baseline 0.009 -17"><span class='ocrx_word' id='word_1_430' title='bbox 405 4431 546 4498; x_wconf 65' lang='lat' dir='ltr'>apuleus.</span> <span class='ocrx_word' id='word_1_431' title='bbox 566 4435 634 4488; x_wconf 83' lang='lat' dir='ltr'>Vict.</span> <span class='ocrx_word' id='word_1_432' title='bbox 653 4437 737 4489; x_wconf 85' lang='lat' dir='ltr'>Sullr.</span> <span class='ocrx_word' id='word_1_433' title='bbox 756 4439 827 4492; x_wconf 89' lang='lat' dir='ltr'>Petr.</span> <span class='ocrx_word' id='word_1_434' title='bbox 876 4439 912 4490; x_wconf 82' lang='lat' dir='ltr'>Ex</span> <span class='ocrx_word' id='word_1_435' title='bbox 941 4442 1037 4495; x_wconf 87' lang='lat' dir='ltr'>nostris</span> <span class='ocrx_word' id='word_1_436' title='bbox 1062 4439 1135 4493; x_wconf 89' lang='lat' dir='ltr'>libris</span> <span class='ocrx_word' id='word_1_437' title='bbox 1160 4439 1291 4495; x_wconf 83' lang='lat' dir='ltr'>accedunt</span> <span class='ocrx_word' id='word_1_438' title='bbox 1311 4439 1369 4493; x_wconf 81' lang='lat' dir='ltr'>Cre.</span> <span class='ocrx_word' id='word_1_439' title='bbox 1386 4443 1408 4490; x_wconf 80' lang='lat'>2.</span> <span class='ocrx_word' id='word_1_440' title='bbox 1424 4435 1443 4486; x_wconf 75' lang='grc'>3-</span> 
     </span>
    </p>
   </div>
   <div class='ocr_carea' id='block_1_5' title="bbox 0 0 1730 5342">
    <p class='ocr_par' dir='ltr' id='par_1_9' title="bbox 0 0 1730 5342">
     <span class='ocr_line' id='line_1_44' title="bbox 0 0 1730 5342; baseline 0 2"><span class='ocrx_word' id='word_1_441' title='bbox 0 0 1730 5342; x_wconf 95' lang='lat' dir='ltr'> </span> 
     </span>
    </p>
   </div>
  </div>
 </body>
</html>
