3450 5342
467 719 703 767 nnottccottnttt
732 718 773 764 ΑΒ
803 717 972 764 CICERONIS
1001 718 1184 765 Pantnoxt.
1257 721 1348 768 XXXV

294 881 357 935 insit
376 881 430 933 veri
450 881 477 932 in
497 900 526 933 ea
546 879 684 932 sententia.
721 880 827 947 Quarto
850 887 939 929 autem
958 878 1096 933 Paradoxo
1116 880 1193 950 plane
1212 900 1266 934 non
1284 903 1349 954 pro-

295 968 351 1021 bari
371 968 408 1020 ait
424 968 583 1021 sententiam
603 964 798 1038 praepositam,
816 963 862 1016 sed
883 963 954 1016 aliud
975 967 1056 1036 quid,
1078 987 1165 1038 neque
1184 967 1234 1020 hoc
1252 970 1285 1021 ad
1304 990 1349 1022 ve-

295 1056 399 1108 ritatem
418 1067 445 1110 et
462 1055 594 1115 rationem
613 1065 729 1107 certam:
758 1052 883 1122 quintum
910 1071 972 1105 vero
996 1064 1021 1105 et
1044 1055 1168 1125 explicari
1196 1055 1300 1109 acutius
1323 1069 1349 1111 et

294 1143 392 1196 certius
411 1141 566 1196 confirmari
586 1141 725 1206 concedit;
743 1140 770 1193 in
788 1150 865 1193 sexto
884 1139 1014 1211 denique,
1041 1140 1112 1211 quod
1139 1142 1225 1192 soleam
1244 1143 1351 1210 sopien-

294 1240 348 1281 tem
366 1230 511 1281 divitem
529 1249 586 1281 esse
605 1229 673 1294 rult,
701 1227 833 1303 ludimur,
859 1227 961 1298 inquit,
988 1227 1015 1280 in
1036 1229 1208 1300 ambiguitate
1228 1229 1350 1282 vocabuli

293 1317 376 1371 dives.
422 1317 543 1388 lpsorum
562 1315 763 1369 Paradoxorum
785 1313 854 1367 inter
875 1333 903 1367 se
922 1314 1140 1368 coniunctionem
1165 1326 1190 1368 et
1210 1317 1284 1387 quasi
1303 1335 1350 1371 co-

293 1403 459 1474 pulationem
480 1423 535 1456 non
556 1402 696 1474 qnaesivit,
715 1421 771 1454 non
793 1401 862 1454 vidit.

364 1506 609 1573 Gernlsardus,
629 1506 782 1579 ponderatis
800 1505 914 1563 Schiitaii
933 1507 1093 1571 rationibus,
1120 1527 1174 1561 non
1194 1508 1347 1562 existimavit

292 1595 318 1646 in
339 1595 465 1647 omnibus
482 1595 507 1648 ei
525 1615 579 1648 esse
597 1594 802 1648 assentiendum.
827 1594 875 1646 ·Et
894 1595 1010 1665 primum
1030 1596 1137 1666 quidem
1157 1598 1282 1662 ordinem,
1302 1598 1347 1662 ait,

290 1683 318 1733 in
345 1682 487 1736 Paradosis
513 1683 647 1754 quendam
678 1700 817 1753 apparere·
835 1693 981 1736 servatum:
1005 1685 1122 1751 primum
1148 1696 1173 1737 et
1203 1685 1347 1736 secundnm

290 1785 369 1839 posse
387 1768 479 1821 baberi
499 1789 548 1840 pro
575 1769 738 1841 reliquarum
757 1768 869 1823 thesium
895 1781 940 1822 aut
966 1770 1045 1823 totius
1070 1770 1225 1840 disciplinae
1249 1771 1346 1824 sunda·

289 1866 399 1920 mento,
419 1875 598 1927 quamquam,
623 1876 691 1927 quae
710 1857 815 1928 utrique
834 1857 960 1928 opposuit
979 1855 1133 1921 Schiitaius,
1163 1875 1217 1909 non
1236 1857 1345 1911 refellit:

288 1944 366 1994 tertii
384 1955 474 1996 autem
494 1963 657 2016 quamquam
677 1965 731 1997 non
751 1947 876 1998 omnibus
894 1945 1012 1998 numeris
1036 1945 1184 1999 absolutam
1209 1945 1346 1999 contendit

288 2049 345 2083 esse
364 2032 639 2102 argumentationem,
667 2031 821 2104 explicatius
844 2044 933 2086 tamen
959 2032 1088 2085 hocloco
1110 2032 1142 2084 de
1162 2052 1193 2085 eo
1212 2030 1345 2103 paradoxo

288 2118 365 2189 loqui
394 2119 457 2172 dicit
480 2118 641 2175 Ciceronem
667 2131 694 2174 et
719 2120 899 2192 probabilius,
928 2140 1008 2192 quam
1034 2117 1164 2172 Catonem
1190 2119 1344 2192 loquentem

288 2205 382 2260 lecerit
400 2207 469 2260 libro
488 2209 521 2261 de
539 2206 652 2263 finibus
668 2209 746 2262 tertio
764 2220 789 2262 et
810 2220 920 2281 quarto,
946 2228 1063 2279 eumque
1090 2219 1211 2278 suscepto
1238 2206 1344 2261 Stoico·

288 2313 350 2346 rum
376 2292 523 2366 patrocinio
548 2294 652 2351 acutior
675 2295 743 2349 adeo
769 2306 795 2349 et
820 2297 905 2349 serius
929 2316 1035 2350 causam
1055 2315 1194 2366 exponere.
1232 2294 1346 2348 Confert

289 2393 424 2452 praeterea
445 2382 478 2436 ad
496 2386 654 2439 sententiam
673 2382 764 2439 Horat
782 2382 907 2437 Sermon.
927 2384 946 2449 l,
966 2388 991 2439 3.
1018 2384 1045 2436 in
1074 2383 1166 2454 primis
1189 2403 1210 2434 v.
1227 2385 1262 2436 tn
1283 2401 1341 2453 sqq.

289 2469 415 2536 [debebat
433 2469 542 2526 laudare
561 2492 583 2527 r.
602 2475 638 2528 96
656 2493 716 2546 sqq.
738 2458 785 2526 u'ti
807 2490 882 2527 nunc
900 2472 949 2524 rid.
965 2472 1017 2524 ed.
1042 2469 1206 2536 Heindorsti,
1235 2481 1340 2523 auctam

287 2576 302 2609 a
323 2558 537 2625 Wiistemanno,
556 2579 582 2629 p.
600 2562 653 2614 122
670 2562 752 2632 sqq.].
798 2562 933 2630 Quartum
960 2559 1067 2631 quidem
1088 2563 1199 2622 (eirenem
1224 2558 1341 2609 stultum

285 2646 420 2711 irisanire)
445 2658 574 2699 nontam
600 2667 628 2700 ex
652 2648 733 2720 ipsius
758 2648 883 2702 stultitiae
909 2648 1017 2701 notione
1043 2645 1234 2711 demonstrari,
1259 2663 1339 2714 quam

284 2731 405 2804 aliquem
424 2732 616 2801 adversarium,
642 2735 727 2795 clodii
747 2736 876 2802 similem,
902 2735 1025 2787 insanum
1051 2752 1105 2785 esse
1125 2735 1216 2802 argui,
1240 2732 1340 2802 quippe

287 2817 333 2888 qui
354 2816 515 2871 Ciceronem
542 2839 575 2874 ne
593 2821 695 2875 civitate
720 2823 828 2894 quidem
851 2821 951 2895 pellere
975 2820 1104 2892 potuerit,
1131 2818 1259 2890 quoniam
1282 2829 1338 2870 turn

286 2923 342 2957 non
363 2905 452 2959 civitas
471 2907 565 2975 luerit,
583 2925 646 2961 cum
665 2908 737 2980 leges
754 2909 780 2960 in
801 2929 831 2961 ea
850 2908 916 2962 nihil
935 2907 1065 2961 valerent:
1089 2906 1133 2960 sed
1159 2924 1219 2958 cum
1246 2923 1339 2956 omnes

284 2990 367 3045 animi
382 2995 596 3063 perturbationes
606 2997 659 3051 sint
670 2999 772 3062 morlai;
792 2997 838 3069 qui
857 2998 885 3050 in
905 2998 1000 3050 morbo
1013 2997 1074 3062 sint,
1092 2995 1202 3047 sanitate
1220 3002 1337 3058 careant,
1394 3035 1397 3040 .

285 3099 356 3151 quae
373 3081 484 3134 sanitate
495 3094 584 3137 careat
595 3102 679 3155 mens,
699 3085 790 3138 insana
811 3086 892 3156 possit
910 3085 977 3138 dici:
996 3083 1034 3136 sic
1052 3103 1067 3135 a
1086 3083 1171 3135 verbis
1181 3081 1337 3134 Latinorum

283 3167 346 3221 duci
368 3188 383 3219 a
402 3166 534 3222 Cicerone
553 3183 711 3241 argumenta
730 3173 854 3227 stultitiae
874 3174 906 3226 ab
926 3171 1026 3225 insania
1047 3190 1102 3224 non
1121 3168 1335 3241 distinguendae:

282 3253 374 3325 itaque
393 3255 475 3309 thesin
495 3256 576 3323 illam,
597 3278 696 3310 omnem
714 3262 831 3312 stultum
847 3262 975 3327 insanire,
996 3259 1059 3312 ferri
1079 3279 1164 3330 posse,
1184 3259 1205 3311 si
1225 3257 1335 3310 verbum

282 3341 334 3394 lroc
362 3342 487 3396 latissimo
513 3364 590 3399 sensu
619 3347 782 3419 intelligatur
806 3349 896 3402 omnia
922 3348 982 3404 vitia
1013 3336 1173 3401 continere.⁴
1204 3346 1335 3414 Quintum

282 3428 437 3498 paradoxon
456 3432 598 3485 commode
616 3435 725 3505 probari
744 3444 770 3487 et
795 3455 880 3507 prope
906 3435 1010 3488 desiisse
1028 3454 1042 3487 a
1062 3447 1167 3487 nostrae
1186 3444 1257 3485 certe
1275 3431 1334 3501 plri-

281 3512 422 3584 losophiae
440 3535 489 3569 usu
507 3517 633 3589 loquendi
651 3521 811 3587 abhorrere,
837 3540 899 3575 cum
918 3521 1029 3574 rationis
1052 3520 1090 3572 vel
1110 3521 1197 3590 potins
1212 3519 1333 3571 volunta·

281 3603 313 3655 tis
330 3602 441 3655 libertas
462 3603 490 3656 in
510 3624 616 3661 morum
642 3610 780 3680 disciplina
810 3609 919 3682 proprie
947 3608 1064 3671 dicatur,
1093 3607 1211 3677 opposita
1238 3623 1331 3656 eorum

280 3691 411 3757 servituti,
438 3692 484 3765 qui
504 3697 776 3766 parentlibidinibus.
822 3701 934 3748 Sextum
953 3694 1069 3767 denique
1087 3692 1261 3757 Paradoxon,
1288 3711 1333 3743 so-

280 3777 336 3828 lum
352 3779 500 3848 sapientem
517 3800 574 3835 erae
592 3784 715 3851 divitem,
734 3805 766 3837 eo
785 3784 903 3852 inmari,
920 3784 993 3856 quod
1011 3783 1115 3854 sapiens
1133 3782 1165 3837 sit
1180 3781 1233 3834 suis
1252 3781 1331 3834 relxus

282 3875 437 3932 contentus,
457 3880 613 3924 contentum
633 3884 721 3926 antem
742 3874 821 3925 rebus
844 3873 899 3926 suis
917 3891 986 3938 esse,
1013 3891 1068 3924 non
1089 3871 1216 3923 maximae
1232 3868 1329 3935 solum,

278 3952 322 4004 sed
344 3955 423 4006 etiarn
443 3956 602 4009 certissimae
615 3959 667 4012 sint
677 3961 792 4014 divitiae:
812 3959 887 4032 sequi
899 3959 968 4012 idern
982 3958 1061 4012 etiarn
1073 3977 1101 4010 ex
1115 3957 1234 4011 secundo
1246 3956 1330 4010 Para-

279 4041 346 4093 doso
365 4044 507 4104 (virtatem
525 4047 647 4113 sufficere
665 4050 703 4098 orl
720 4050 827 4100 beatam
847 4048 959 4114 vitam),
987 4066 1048 4099 cum
1067 4045 1139 4098 solus
1155 4043 1258 4113 sapiens
1276 4043 1329 4093 vir-

279 4139 333 4181 tute
350 4129 382 4181 eit
400 4132 544 4200 praeditus,
564 4152 630 4205 ergo
645 4135 746 4201 beatus,
766 4136 858 4188 beatus
872 4145 960 4187 autern
972 4135 1003 4186 sit
1015 4133 1193 4193 felicissimus3
1209 4127 1329 4181 felicissi-

278 4233 351 4266 mum
368 4234 429 4268 enm
444 4217 564 4271 dicamus
579 4221 630 4274 frui
648 4223 725 4275 bonis
742 4223 876 4289 omnibus,
896 4222 923 4274 in
937 4222 1014 4275 bonis
1026 4208 1113 4275 autem
1130 4219 1280 4272 reserantur
1294 4215 1327 4266 ab

276 4302 401 4355 omnibus
419 4304 538 4370 divitiae,
559 4307 660 4362 divitias
678 4328 750 4364 veras
768 4311 839 4364 solus
857 4309 954 4363 habere
974 4310 1054 4379 possit
1072 4306 1182 4375 rapiens,
1202 4302 1263 4355 inde
1276 4302 1327 4373 igi-

278 4398 319 4440 tur
338 4388 404 4443 nihil
422 4392 553 4462 impedire
572 4394 715 4465 significat,
735 4419 790 4470 qno
810 4398 898 4451 minus
913 4405 1053 4467 sequatur,
1079 4404 1108 4445 ut
1133 4391 1204 4444 solus
1221 4390 1326 4461 sapiens

277 4474 482 4543 dicaturum,
509 4481 608 4534 etiamsi
630 4496 718 4538 careat
742 4487 773 4538 iis
798 4486 891 4547 rebus,
916 4482 1013 4554 quibus
1036 4479 1114 4552 vulgo
1139 4479 1242 4532 divitiae
1261 4498 1324 4532 cerr-
