3450 5342
647 703 842 753 ransooxon
865 704 911 753 iv.
943 706 1012 762 cir.
1035 705 1068 754 n.
1311 690 1384 763 195

333 863 427 916 lamb.
447 864 543 917 Calon.
561 864 621 917 Par.
641 885 660 917 s.
679 884 720 929 a.;
738 883 790 916 non
808 864 971 934 appellet
990 864 1137 919 inimicus?
1155 864 1223 919 Edd.
1235 869 1304 924 vict.
1316 871 1382 926 Rot.

333 951 426 1024 Steph.
445 953 505 1006 Ald.
521 956 605 1018 154&
626 956 685 1005 Non
703 953 853 1022 expelletur
868 953 908 1009 is,
929 952 996 1007 Edd.
1012 953 1089 1008 Face.
1110 953 1212 1006 Gernh.
1230 955 1318 1012 Nobb.
1353 960 1383 1013 ln

334 1037 420 1093 Codd.
440 1039 521 1095 MSS.
539 1041 588 1095 hae
611 1052 673 1094 sunt
699 1040 839 1095 lectiones:
868 1043 937 1093 Cum
957 1041 1078 1094 Victoria
1102 1041 1166 1095 lacit
1191 1040 1260 1097 Cod.
1283 1045 1385 1112 nullus;

334 1148 385 1180 non
404 1129 556 1199 appelletur
574 1129 699 1182 inimicus
718 1127 785 1183 Oxr.
803 1128 824 1183 l.
842 1128 875 1183 N.
895 1150 920 1197 η.
940 1147 964 1185 a.
986 1131 1043 1182 Cre..
1064 1134 1088 1182 2.
1109 1130 1221 1195 Duisb.;
1248 1140 1313 1182 nuni
1336 1152 1387 1203 ap-

331 1216 449 1286 pelletur
473 1217 596 1268 inimicus
622 1215 852 1271 Cataonas.
872 1220 898 1272 3.
918 1216 989 1271 Gud.
1009 1219 1041 1273 Α.
1063 1217 1129 1272 Oxr.
1148 1216 1178 1271 E.
1197 1234 1241 1282 ψ.;
1267 1221 1311 1268 Et
1336 1239 1386 1273 non

333 1303 490 1372 appellatur
521 1304 645 1356 inimicus
673 1303 759 1358 Codd.
787 1307 845 1358 Cra.
864 1306 889 1357 1.
914 1304 964 1358 Or.
982 1304 1034 1369 U.;
1070 1325 1122 1358 nan
1147 1305 1330 1375 appellent
1355 1321 1387 1361 te

333 1390 513 1443 inimicum
531 1382 643 1446 liade.
662 1412 726 1444 num
744 1393 903 1463 appellatur
920 1393 1045 1444 inimicus
1064 1393 1143 1446 Drsd.
1164 1399 1188 1447 2.
1207 1398 1247 1459 dn
1266 1415 1318 1449 non
1335 1416 1387 1469 ap-

332 1477 458 1544 pellent
475 1479 540 1549 (sic)
558 1491 585 1531 te
603 1480 746 1532 inienicum.
794 1478 929 1550 Borgersii
948 1479 1090 1534 Leidenses
1108 1501 1169 1535 cum
1191 1494 1276 1538 vetere
1295 1484 1386 1541 Caroli

333 1564 461 1637 Stephani
487 1567 590 1620 sariunt
614 1587 676 1621 curn
701 1568 781 1621 Drsd.
801 1573 824 1621 2.
852 1579 879 1621 et
897 1572 922 1623 5.
965 1567 1219 1641 Singularis'plane
1245 1584 1283 1627 est
1307 1573 1386 1629 lectio

334 1651 403 1706 Cod.
421 1652 528 1707 Suerin,
548 1648 684 1707 minime
703 1656 856 1726 appelletur
874 1656 898 1707 ie
916 1657 1050 1712 inimicus.
1086 1656 1117 1709 M
1123 1677 1145 1712 r.

409 1746 470 1795 Non
497 1743 646 1813 expelletur
669 1744 705 1810 is]
743 1743 852 1814 „Vulgo
874 1742 918 1795 alii
949 1744 1000 1816 leg.
1018 1765 1070 1797 non
1087 1746 1239 1814 appelletur
1256 1748 1387 1804 inimicus.

334 1828 445 1884 Scilicet
462 1849 524 1884 cum
545 1830 669 1883 librarius
686 1829 828 1901 indiligens
853 1831 997 1903 scripsisset
1020 1832 1186 1901 appelletur,
1211 1832 1386 1891 Grammatici

333 1936 431 1969 auxere
450 1936 542 1972 vocem
561 1920 599 1982 is,
623 1930 651 1971 ut
670 1937 775 1970 sensum
795 1917 912 1990 aliquem
930 1931 1070 1985 eruerent,
1090 1931 1158 1974 etex
1177 1941 1207 1974 ea
1226 1923 1316 1976 fecere
1334 1927 1387 1977 ini-

334 2009 427 2061 micus.
464 2006 517 2060 Sed
538 2027 625 2079 neque
644 2007 695 2060 hoc
714 2026 830 2072 nomen,
851 2026 901 2060 nec
920 2008 1031 2060 verbum
1042 2006 1193 2078 appelletur
1212 2009 1275 2063 ferri
1293 2022 1387 2082 potest,

335 2107 365 2147 ut
384 2094 562 2149 consideranti
587 2094 666 2149 facile
692 2094 781 2148 estad
806 2094 1018 2166 intelligendum.
1068 2096 1160 2167 ltaque
1181 2096 1225 2149 alii
1250 2109 1388 2152 mutarunt

335 2183 434 2235 nonin
455 2203 532 2248 num,
551 2195 576 2238 et
595 2184 747 2254 appelletur
764 2182 792 2236 in
811 2184 983 2254 appellatur:
1012 2183 1057 2236 sed
1087 2182 1138 2237 hoc
1163 2183 1270 2254 quidem
1291 2197 1329 2240 est
1345 2188 1387 2240 in·

336 2271 450 2342 eptius.“
466 2272 562 2328 Face.

410 2362 483 2411 Num
501 2361 658 2430 appellatur
676 2360 811 2429 inimicus]
831 2358 922 2425 „Haec
941 2376 995 2410 non
1016 2358 1136 2413 videntur
1154 2360 1244 2412 sana.“
1261 2358 1318 2414 teat
1329 2360 1387 2414 Ι.-

335 2449 386 2511 „N
391 2466 430 2499 an
448 2448 604 2517 appellatur
621 2449 787 2501 sicarius.
834 2445 924 2516 Vulgo
944 2465 1007 2497 num
1026 2447 1183 2516 appellatur
1201 2448 1337 2503 inimicus:
1362 2464 1388 2504 at

336 2533 389 2588 hoc
407 2534 517 2587 verbum
537 2536 563 2589 h.
583 2537 599 2588 Ι.
617 2547 710 2608 aptum
729 2554 784 2587 non
805 2545 860 2601 est,
880 2546 906 2588 et
921 2533 1023 2600 lenius,
1046 2553 1127 2604 quam
1147 2553 1196 2604 pro
1216 2553 1253 2588 re.
1297 2534 1388 2608 ltaque

336 2623 461 2693 rescripsi
484 2623 608 2675 sicarius.
655 2623 723 2675 Nam
749 2623 776 2674 in
796 2623 926 2675 sicarium
951 2620 1041 2676 omnia
1069 2641 1114 2686 ea,
1139 2640 1208 2691 quae
1232 2634 1389 2691 sequuntur,

336 2710 511 2765 conveniunt.
539 2708 576 2762 'ld
595 2709 727 2764 Marciani
746 2709 807 2764 loco
829 2709 1005 2763 confirmatur
1026 2710 1160 2780 Digestor.
1169 2707 1287 2763 XLVIII.
1307 2711 1358 2763 Tit.
1367 2715 1390 2765 8.

335 2799 354 2851 l.
376 2802 406 2851 1:
433 2805 504 2872 Lege
524 2800 645 2852 Cornelia
671 2799 703 2850 de
720 2800 827 2851 sicariis
851 2808 880 2849 et
899 2799 1023 2868 veneficis
1046 2808 1167 2861 tenetur,
1192 2796 1239 2870 qui
1264 2798 1391 2850 hominem

336 2887 478 2952 occiderit,
496 2887 604 2939 cuiusve
624 2887 684 2939 dolo
702 2887 773 2939 mala
790 2885 941 2938 incendium
954 2886 1151 2957 fortunent,
1175 2885 1254 2957 quiae
1279 2886 1391 2940 hominis

338 2973 474 3026 occidendi
486 2974 598 3045 furtive
612 2974 738 3045 faciendi
756 2991 925 3025 causacum
943 2974 997 3024 tela
1025 2973 1228 3027 ambulaverit.“
1256 2973 1392 3028 Schiitn.

338 3058 401 3112 Non
421 3060 489 3113 male
514 3061 666 3129 Sebinnus,
692 3062 738 3115 sed
765 3060 857 3135 paullo
883 3061 1019 3115 audacius.
1061 3061 1122 3115 Non
1154 3063 1242 3116 minus
1264 3063 1391 3118 audacter

339 3146 435 3216 Facu,
454 3169 534 3221 quern
552 3152 635 3204 secuti
654 3161 717 3204 eunt
735 3148 833 3202 Gernh.
853 3160 880 3203 et
897 3148 1001 3215 Nobb.,
1032 3169 1096 3203 nam
1125 3151 1275 3220 expelletur
1303 3151 1391 3204 nullus

339 3236 419 3290 habet
437 3236 495 3291 cod.
513 3236 573 3290 MS.
600 3257 688 3309 neque
707 3248 747 3291 est
772 3238 799 3290 in
823 3237 873 3289 Ed.
892 3238 1020 3303 Victorii,
1052 3250 1081 3291 ut
1111 3238 1250 3292 contendit
1278 3238 1392 3303 Gcrnh„

339 3344 432 3378 errore
442 3326 532 3379 nescio
546 3344 610 3396 quo.
647 3325 760 3379 Videtur
777 3323 839 3377 mihi
858 3343 919 3377 cum
933 3325 983 3378 Or.
994 3326 1147 3379 coniectura
1163 3325 1316 3378 Facciolati.
1332 3325 1361 3376 M
1371 3346 1391 3377 r.

412 3411 526 3464 Exsul
543 3431 595 3463 nan
614 3411 766 3481 appelletur
785 3411 835 3477 is‚]
874 3410 928 3475 lta,
956 3410 1103 3463 rationibus
1128 3409 1282 3480 ponderatis
1304 3414 1393 3463 omni-

338 3500 404 3563 bus,
442 3497 505 3549 mihi
531 3498 702 3551 scribendum
727 3497 810 3549 risum
840 3507 879 3549 est
907 3515 968 3549 curn
995 3494 1061 3559 On,
1090 3512 1170 3565 quem
1195 3496 1315 3566 sequitur
1342 3497 1392 3548 Ed.

338 3588 413 3641 Tbn.
441 3587 565 3640 Proxime
594 3587 698 3640 accedit
724 3585 876 3639 emendatio
901 3583 952 3636 Th.
977 3581 1105 3648 Bentleii,
1132 3582 1177 3652 qui
1204 3583 1308 3653 scripsit
1334 3585 1393 3634 Non

338 3676 493 3747 appelletur
509 3677 602 3741 exsul,
622 3677 670 3748 qui
688 3705 731 3725 -.
778 3676 900 3727 Primum
919 3673 990 3726 enim
1018 3670 1156 3724 consentio
1182 3689 1243 3724 cum
1270 3668 1393 3724 Schiitzio

341 3775 368 3818 et
388 3763 565 3829 Gernhardo,
593 3784 648 3817 non
677 3764 820 3817 convenire
847 3782 943 3817 censeo
969 3778 1060 3815 vocem
1078 3760 1212 3822 inimicus,
1242 3778 1322 3830 quarn
1340 3761 1393 3812 iam

341 3852 508 3906 Fasciolatus
525 3853 658 3906 tribuebat
677 3853 853 3926 grammatico
871 3851 966 3917 alicui,
991 3848 1038 3922 qui
1057 3867 1086 3901 ex
1104 3848 1190 3900 verbis
1206 3867 1258 3900 non
1277 3849 1396 3918 appelle-

341 3952 390 3992 tur
408 3941 437 3993 is
454 3941 493 4011 (et
512 3940 591 3995 habet
608 3943 632 3994 is
651 3941 719 3995 Cod.
739 3941 861 4010 Suerin.)
889 3939 1047 3993 sententiam
1066 3956 1159 3990 eruere
1179 3946 1266 4007 posset
1283 3935 1393 3988 nullam.

341 4030 426 4084 Recte
444 4040 536 4082 monet
555 4030 618 4082 item
638 4029 756 4098 Ger-nln,
786 4050 841 4084 non
873 4030 905 4082 de
923 4027 1034 4080 inimico
1058 4023 1101 4078 hic
1125 4024 1200 4094 loqui
1225 4024 1393 4088 Ciceronem,

340 4116 388 4169 sed
408 4118 483 4187 prius
500 4117 533 4169 de
552 4117 643 4186 hoste,
661 4139 737 4172 nunc
755 4119 788 4172 de
811 4117 907 4173 exsule.
944 4114 997 4169 Sed
1020 4114 1090 4166 idem
1118 4112 1222 4164 minore
1250 4111 1395 4163 mutatione

342 4203 408 4256 lacit
426 4203 580 4258 coniectura
599 4205 704 4260 Orellii.
755 4206 858 4274 Quodsi
886 4206 958 4258 enim
985 4222 999 4256 a
1025 4202 1156 4255 Cicerone
1176 4200 1326 4270 profectum
1344 4208 1394 4252 eat:

342 4290 433 4341 Exsul
456 4310 507 4343 non
526 4293 677 4362 appelletur
695 4296 733 4358 is,
760 4294 893 4365 (pernen
918 4292 1006 4355 enim,
1036 4300 1065 4341 ut
1096 4298 1167 4341 recte
1197 4287 1260 4339 vidit
1282 4284 1394 4352 Gernh.‚

341 4379 566 4449 interrogandum
587 4378 612 4433 h.
630 4380 650 4434 l.
667 4394 716 4445 est,
743 4401 799 4435 non
818 4400 868 4453 per
884 4385 978 4446 ntem),
1008 4376 1072 4430 nihil
1092 4373 1195 4428 facilius
1221 4373 1284 4438 fuit,
1314 4392 1395 4445 quarn

341 4476 373 4519 ut
392 4465 522 4520 excideret
540 4467 709 4535 vocabulum,
728 4490 789 4524 curn
801 4468 966 4523 modcidem
980 4465 1085 4530 (exsul)
1098 4463 1275 4536 praecesserit.
1313 4462 1395 4530 Quod

1041 4554 1108 4626 13*
