3450 5342
339 685 413 759 358
737 702 914 759 ,exeussus
940 706 975 752 x.

340 873 410 938 tum)
440 870 511 922 serui
529 870 661 921 atrienses
690 877 754 920 artu
769 868 833 938 pari
851 887 900 920 sue
924 867 1063 920 stultitiae
1089 885 1158 938 quos
1187 868 1272 940 signa
1292 889 1348 929 -‚·
1378 868 1402 921 in

340 960 437 1014 altero:
455 958 550 1029 Atque
567 966 598 1008 ut
618 957 646 1008 in
664 973 763 1027 recogno
776 954 892 1027 familia
910 955 1059 1008 stultorum
1082 965 1150 1009 sunt
1179 957 1234 1008 alii
1261 957 1401 1021 lautiores,

341 1058 373 1101 ut
391 1045 443 1100 sibi
461 1045 589 1098 videntur
604 1044 686 1109 serui,
705 1043 753 1096 sed
770 1052 859 1096 tamen
878 1044 949 1096 servi
968 1043 1107 1095 atrienses.
1151 1046 1231 1099 Actu
1251 1047 1318 1116 pari
1335 1045 1399 1099 stul-

341 1138 403 1189 ticie
421 1152 469 1186 sue
487 1141 561 1186 sunt.
597 1133 672 1202 Quos
688 1131 822 1203 signa-.
857 1131 938 1200 Quae
959 1143 1020 1185 sunt
1038 1131 1167 1186 lectiones
1188 1131 1329 1187 Codicum
1348 1134 1399 1187 lere

342 1223 472 1278 omnium.
507 1217 605 1275 Merito
624 1220 671 1272 viri
690 1219 774 1273 critici
803 1220 969 1284 stultorum,
996 1230 1026 1273 ut
1043 1219 1175 1291 glossam,
1204 1232 1400 1293 expunxerunt:

342 1311 437 1364 mento
463 1310 526 1362 item
545 1306 718 1360 Gernhardus
736 1306 851 1378 glossam
878 1326 931 1362 esse
959 1307 1086 1361 existimat
1104 1308 1184 1360 rerba
1213 1311 1351 1361 atrienses
1371 1328 1399 1360 ae

341 1397 460 1466 topiarii.
496 1393 549 1446 Sed
568 1409 630 1446 cum
650 1404 714 1446 actu
732 1395 796 1463 pari
813 1396 954 1449 manifesto
973 1394 1005 1448 sit
1024 1406 1186 1466 corruptum
1209 1416 1239 1448 er
1260 1415 1295 1448 ae
1315 1397 1398 1466 topia-

342 1484 390 1548 rii,
408 1482 487 1536 tacite
505 1482 675 1552 intelligitur,
699 1483 762 1552 pari
787 1484 912 1536 stultitia
939 1484 1137 1538 correctoribus
1157 1482 1278 1538 librariis
1304 1485 1397 1549 deheri,

342 1583 456 1626 veterem
479 1583 567 1624 autem
593 1569 765 1640 scriptionem
790 1572 930 1624 stultitiae
956 1590 1023 1624 suae
1048 1590 1104 1624 non
1133 1590 1190 1624 esse
1217 1571 1396 1626 abiiciendam.

343 1659 426 1730 Quod
445 1660 466 1712 si
486 1659 618 1725 tenueris,
639 1678 672 1712 eo
691 1659 749 1730 ipso
767 1659 854 1713 statim
873 1659 982 1712 habebis
995 1659 1138 1713 lectionem
1158 1676 1269 1726 seram,
1290 1679 1342 1731 qua
1360 1679 1397 1712 re·

341 1759 417 1820 cepta
436 1747 526 1800 omnia
540 1747 615 1800 «heae
633 1746 789 1800 cohaerent:
809 1748 903 1819 Atque
923 1757 955 1799 ut
973 1748 1001 1800 ia
1020 1766 1120 1818 magna
1134 1749 1257 1819 sensilia
1270 1760 1336 1801 sunt
1354 1748 1397 1798 alii

341 1838 487 1902 lautiores,
505 1845 536 1887 ut
555 1834 607 1887 sihi
625 1835 763 1899 videntur,
783 1835 868 1899 servi,
893 1835 941 1886 sed
965 1846 1054 1887 tamen
1074 1835 1145 1887 servi
1169 1836 1314 1887 stultitiae
1338 1853 1395 1888 suae

342 1935 422 1989 sunt,
443 1944 509 1996 quos
526 1923 606 1999 signa
625 1952 658 1962 -
678 1925 758 1975 nirnio
776 1940 854 1992 opere
873 1922 1032 1979 delectant.“

411 2064 444 2121 ll»
459 2067 483 2119 l.
501 2062 711 2135 Borgersius
732 2062 862 2135 vulgatam
882 2084 909 2117 se
930 2064 966 2117 ait
985 2063 1069 2131 tueri,
1088 2062 1241 2135 locumque
1262 2062 1299 2116 ita
1319 2062 1392 2134 expli-

341 2165 400 2208 cate
425 2152 533 2226 „Atque
551 2166 581 2207 ut
598 2154 669 2207 inter
686 2171 774 2205 servos
793 2152 826 2221 ii,
851 2155 897 2225 qui
918 2152 1029 2207 meliore
1047 2163 1108 2206 sunt
1128 2150 1305 2215 conditione,
1323 2169 1390 2222 quarn

341 2239 421 2294 ceteri
440 2241 575 2305 conservi,
596 2241 706 2293 minime
725 2253 813 2294 tamen
833 2253 895 2295 sunt
914 2241 1008 2309 liberi,
1025 2240 1071 2295 sed
1089 2239 1173 2307 servi,
1192 2239 1258 2293 licet
1276 2260 1304 2293 se
1321 2238 1390 2293 serri-

342 2327 913 2401 tioexmptosmmnien15sieilli,quos
934 2356 968 2367 -
988 2328 1140 2393 adestant',
1168 2327 1280 2399 egregie
1304 2325 1390 2380 ntun-

341 2429 398 2477 tur‚
415 2404 494 2484 cum,
513 2426 542 2470 ut
560 2415 625 2468 servi
646 2417 672 2469 iu
694 2417 932 2483 dominaremini
950 2417 1001 2488 ipsi
1019 2416 1050 2471 in
1066 2415 1226 2471 tabularum
1246 2417 1389 2489 signorum-

342 2522 393 2575 que
413 2504 465 2556 sint
483 2516 619 2576 potestate.
655 2505 725 2559 Hinc
744 2504 1018 2578 etiamintelligeuda,
1037 2525 1106 2578 quae
1122 2516 1289 2578 sequuntur:
1308 2506 1389 2561 Mitto,

341 2593 410 2644 unde
429 2621 463 2631 ·-
483 2611 589 2645 servum
617 2605 643 2645 te
669 2614 725 2647 esse
749 2595 847 2649 iudico.
904 2593 1079 2667 Comparatio
1106 2592 1190 2665 igitur
1222 2613 1279 2646 non
1305 2603 1341 2646 est
1363 2591 1388 2643 de

340 2681 478 2741 stultitia,
495 2682 540 2735 sed
560 2682 593 2735 de
606 2684 689 2754 salsa
707 2703 796 2735 eorum
817 2683 953 2751 opinione,
978 2683 1038 2754 qui,
1066 2682 1227 2748 servientes,
1256 2700 1283 2734 se
1303 2680 1388 2733 liberos

341 2789 395 2823 esse
414 2770 588 2826 existiment.“

411 2894 494 2948 Oret
503 2894 511 2946 Ι
520 2896 527 2946 i
537 2914 573 2947 us
590 2894 692 2949 exhibet
710 2895 851 2949 lectionem
871 2894 979 2947 Codicis
998 2891 1088 2945 Caroli
1110 2889 1245 2964 Stephani
1254 2875 1274 2942 :¹
1285 2890 1332 2941 serl
1349 2900 1386 2938 ta-

340 3002 398 3035 men
416 2985 501 3048 serui,
520 2984 558 3036 sie
574 2985 594 3033 ii
608 2984 673 3052 pari
691 2982 814 3034 stultitia
833 2994 912 3048 sunt,
939 3000 1005 3054 quos
1023 2980 1117 3052 signa,
1142 2997 1211 3052 quoe
1233 2977 1385 3029 tabulae-

339 3071 419 3122 nimio
440 3089 515 3138 opere
534 3070 676 3121 delectant.
714 3067 786 3122 Idem
807 3072 884 3136 dicit,
911 3070 1018 3141 egregie
1038 3069 1184 3140 disputasse
1212 3067 1248 3119 de
1267 3076 1323 3118 toto
1345 3062 1385 3115 boc

340 3158 399 3210 loco
419 3156 557 3210 Gitanium
577 3157 616 3226 (in
637 3157 758 3214 Couleet.
775 3161 882 3215 Lucret.
911 3160 986 3214 cuius
1004 3176 1085 3229 supra
1110 3155 1279 3209 exhibuimus
1306 3153 1384 3222 dispu-

338 3244 494 3311 tationem),
529 3244 660 3299 delentem
687 3249 765 3300 rerba
794 3249 900 3302 insititio
924 3247 1055 3298 atrienses
1084 3263 1117 3295 ae
1145 3243 1259 3313 topiarii
1284 3251 1344 3294 ante
1370 3255 1384 3286 r.

336 3333 414 3401 pari,
446 3351 561 3404 quorum
594 3336 668 3406 prius
696 3335 948 3408 aliquisglossator
979 3332 1155 3404 desumpserit
1183 3352 1198 3383 e
1226 3351 1282 3402 seq.
1311 3331 1333 3398 ἓ.
1351 3329 1384 3382 38.

339 3421 482 3473 atriensem
503 3422 668 3494 diligentem,
702 3425 849 3477 alterumn
872 3424 966 3478 stolide
993 3424 1072 3476 docto
1092 3421 1221 3475 ellectum
1250 3421 1282 3472 sit
1300 3438 1314 3470 e
1331 3437 1384 3488 per·

339 3529 410 3562 versa
430 3511 610 3580 geminatione
630 3532 652 3566 r.
675 3516 736 3580 pori
757 3513 883 3565 stultitia
911 3515 975 3585 (pro
1001 3529 1056 3584 quo
1082 3510 1139 3561 sine
1165 3526 1246 3561 causa
1272 3504 1384 3560 Gilauius

338 3597 450 3651 voluerit
466 3600 542 3667 poris
560 3601 720 3667 stultitiae).
769 3601 879 3668 „Secuti
899 3612 962 3656 suut
986 3602 1032 3667 (ita
1057 3597 1146 3671 pergit
1163 3594 1228 3667 On)
1256 3595 1384 3649 Gis³⁰l⁰¹¹¹

338 3684 473 3739 Suilridus
491 3688 601 3752 Petrus,
633 3689 716 3741 Aldus
739 3690 841 3761 Nepos,
870 3687 1061 3753 Gernhardus,
1087 3685 1133 3758 qui
1165 3696 1258 3739 temen
1278 3684 1305 3736 in
1323 3679 1383 3735 ddd.

338 3773 495 3823 sententiam
515 3786 628 3827 mutasse
646 3778 755 3830 videtur.
798 3778 899 3831 Sensus
921 3788 1009 3832 autem
1034 3774 1079 3828 hie
1104 3785 1158 3828 est:
1185 3785 1217 3828 ut
1245 3774 1273 3826 in
1297 3787 1382 3837 magno

337 3858 437 3912 familia
456 3870 516 3912 sunt
542 3859 585 3912 alii
611 3860 750 3928 lautiores,
780 3875 809 3917 ut
836 3866 884 3917 sihi
915 3867 1048 3930 videntur,
1075 3863 1160 3928 serni,
1189 3882 1212 3916 v.
1243 3881 1266 3916 c.
1290 3856 1384 3919 medicis

337 3959 514 4022 anagnostae,
532 3949 565 4002 ab
585 3950 701 4021 epistolis
720 3951 843 4020 Graecis,
871 3968 923 4009 cet:
943 3955 1010 4023 (non
1039 3964 1111 4007 certe
1138 3952 1270 4005 atrienses
1295 3968 1325 4003 ac
1349 3960 1385 4000 to-

337 4038 430 4110 piarii,
459 4037 543 4090 infimi
563 4041 650 4111 potius
669 4043 773 4110 generis
790 4045 883 4111 serriz)
910 4046 982 4117 iique
1012 4043 1138 4097 lautiores
1162 4041 1232 4094 adeo
1263 4038 1385 4121 interdum

336 4129 494 4198 superbiunt
513 4129 643 4201 stulteque
662 4152 689 4183 se
708 4132 839 4199 esserunt,
861 4146 889 4186 ut
907 4134 1057 4187 servitutem
1077 4151 1104 4184 se
1123 4132 1224 4184 servire
1246 4149 1329 4202 paene
1345 4127 1386 4179 oh-

336 4216 501 4283 liviscantur,
522 4237 685 4289 quamquam
705 4223 769 4273 servi
790 4222 873 4275 nihilo
895 4223 983 4276 niiuus
1001 4232 1078 4287 sunt,
1108 4231 1191 4295 atque
1210 4221 1303 4293 quavis
1330 4217 1385 4270 hora

336 4326 349 4356 a
370 4306 484 4359 dominis
499 4306 568 4358 inter
588 4307 757 4363 mediastinos
774 4312 911 4365 amandari
932 4321 1057 4382 possunt,
1084 4328 1141 4365 non
1161 4311 1256 4363 minor
1270 4322 1338 4362 'sane
1356 4314 1387 4357 est

335 4410 428 4445 eorum
448 4392 568 4462 stultitia,
588 4396 633 4466 qui
653 4416 712 4450 vere
732 4398 873 4454 liberasse
890 4401 1066 4465 arbitrantur,
1086 4399 1133 4453 etsi
1153 4400 1314 4474 signorum,
1340 4395 1385 4449 co·

335 4475 493 4533 riothimum
513 4501 624 4552 operum
645 4495 693 4538 cet.
712 4487 777 4538 servi
796 4501 870 4555 sunt,
892 4489 974 4545 nimio
993 4506 1075 4560 opere
1094 4508 1181 4560 quum
1204 4492 1265 4545 talia
1289 4511 1331 4545 eos
1349 4488 1386 4539 dt·
