3450 5342
606 705 1008 755 mmmmu
1260 687 1406 760 Μ’

283 871 363 924 habet
381 867 562 924 auctoritatem
582 866 681 920 codicis
707 863 766 920 MS.
809 862 879 916 Mira
905 875 944 917 est
967 862 1045 916 lectio
1064 862 1111 916 Ed.
1137 875 1242 919 nostrae
1263 869 1330 923 Ven.

283 961 370 1013 14922
389 975 458 1028 quoe
476 954 568 1007 vitta
587 963 656 1007 emt.
694 952 761 1005 lllud
782 961 840 1002 tum
852 950 956 1004 addunt
971 950 1082 1003 Lambb.
1095 948 1176 1004 Goth.
1192 952 1262 1005 Aud.
1273 954 1331 1007 Tel.

283 1044 359 1115 Sylb.
378 1042 439 1096 Ald.
458 1045 537 1097 1548.
557 1044 636 1097 1552.
655 1039 732 1093 Boul.
752 1037 815 1091 Car.
834 1036 926 1108 Steph.
963 1036 1027 1090 Sola
1046 1038 1107 1092 Asc.
1127 1042 1207 1093 1⁵11.
1232 1040 1333 1094 exhibet

285 1133 369 1201 quio
387 1130 464 1183 nullo
481 1140 549 1182 erut.
585 1127 655 1181 lllud
674 1137 733 1179 tum
753 1145 809 1180 non
828 1124 913 1178 estin
932 1122 1019 1178 Codd.
1038 1127 1117 1180 notis.
1155 1128 1214 1180 Mn

356 1217 502 1269 arcessitus
511 1217 547 1284 lin
564 1216 703 1267 civitatem
721 1214 805 1281 sum‚]
842 1212 929 1265 Nemo
949 1213 1092 1267 mirabitur
1110 1233 1164 1267 esse
1182 1215 1211 1267 in
1231 1214 1334 1287 aliquot

281 1304 357 1357 libris
374 1303 476 1375 seriptis
495 1314 521 1356 et
539 1302 615 1357 editis
634 1302 801 1354 accersitus.-
828 1311 854 1354 et
872 1300 970 1355 habeut
988 1299 1041 1354 hoo
1060 1303 1118 1354 Cra.
1138 1299 1289 1373 10111,
1309 1322 1332 1357 o.

281 1410 312 1452 ψ.
331 1394 388 1444 Cro.
407 1397 431 1445 2.
451 1389 523 1444 Gud.
541 1390 573 1445 B.
589 1388 674 1459 (Gud.
694 1388 728 1441 Α.
746 1397 896 1439 oceertus
913 1407 974 1440 sum
989 1388 1017 1440 in
1032 1389 1189 1457 civitatem).
1226 1390 1332 1446 Suerin.

281 1476 340 1546 (sed
359 1477 402 1531 hic
420 1477 566 1549 praemisso
584 1477 643 1541 sad,
662 1486 692 1528 ut
709 1473 775 1528 On.
788 1472 819 1525 E.
833 1471 868 1542 l.)
885 1473 1003 1547 itemque
1019 1475 1087 1531 Edd.
1101 1488 1159 1531 vett
1171 1490 1232 1534 aute
1243 1479 1331 1546 Grut,

284 1565 396 1635 exceptis
413 1565 506 1617 Lamb.
524 1575 550 1618 et
569 1563 665 1616 Colon.
713 1561 754 1614 De
781 1579 834 1631 qua
853 1561 1008 1633 'scripturae
1035 1563 1183 1619 diversitate
1210 1587 1265 1621 uon
1294 1579 1332 1622 est

283 1652 356 1723 quod
373 1652 533 1723 loquamur,
553 1670 615 1705 curn
633 1649 780 1714 sufficiant,
809 1660 957 1718 quaesunt
981 1650 1008 1701 in
1030 1649 1079 1702 Ed.
1099 1651 1242 1707 Forcellini
1261 1654 1332 1707 Ger·

284 1739 388 1792 manica
410 1758 433 1790 v.
459 1756 579 1803 arcesso,
603 1747 630 1790 et
653 1734 725 1807 apud
748 1733 986 1800 Doederleinium‚
1014 1737 1059 1807 qui
1086 1738 1185 1791 ibidem
1209 1741 1332 1795 laudatur

283 1830 364 1889 (Lot.
380 1829 481 1894 Synon.
499 1844 527 1877 u.
546 1824 680 1894 Etymol.)
700 1820 745 1874 111.
762 1840 789 1892 p.
809 1823 860 1873 281
881 1841 920 1893 sq.
956 1822 1035 1890 Quae
1060 1837 1208 1897 sequuntur
1229 1831 1275 1894 „in
1294 1832 1332 1880 ci-

283 1914 397 1964 vitatem
408 1915 484 1964 sunr“
502 1910 630 1983 leguntur
641 1929 701 1962 sum
715 1911 743 1961 in
751 1910 890 1961 ciuitatem
904 1909 932 1962 iu
948 1911 1032 1964 Codd.
1044 1911 1103 1966 Bas.
1116 1912 1205 1969 Guelf.
1217 1916 1289 1970 Gud.
1301 1919 1332 1971 A.
1360 1942 1364 1951 ·

284 1999 400 2052 Drsd.1.
413 2002 438 2053 3.
451 2003 478 2053 5.
513 1999 548 2052 ln·
563 1997 613 2052 Ed.
623 1998 685 2052 Asc.
695 2000 774 2051 1511.
793 2009 820 2052 et
836 1998 898 2052 Par.
909 2018 930 2052 s.
943 2017 966 2051 a.
986 2017 1042 2054 oco.
1061 2020 1121 2053 sum
1138 2004 1333 2076 aliquando

284 2088 313 2136 in
331 2086 476 2140 civitatem.
518 2086 561 2139 Ad
587 2086 744 2140 seutentiam
771 2096 864 2139 monet
889 2087 977 2157 Wytt.
1004 2086 1070 2141 haec
1094 2090 1184 2143 omnia
1213 2092 1333 2163 pluribus

285 2173 410 2244 explicari
425 2174 452 2227 in
473 2173 523 2229 Or.
541 2185 601 2246 post
618 2174 683 2227 Red.
702 2174 735 2227 ad
755 2173 833 2241 Quir.
854 2193 878 2227 o.
898 2177 924 2227 ti.
960 2173 991 2225 M
999 2195 1021 2228 r.
1304 2173 1308 2176 ’

357 2281 457 2332 quum
473 2273 543 2314 esset
569 2264 598 2314 in
617 2261 771 2332 republica
794 2262 912 2328 consul‚]
955 2262 1035 2328 „Non
1062 2264 1157 2319 desunt
1180 2266 1208 2318 iu
1235 2269 1332 2340 quibus

285 2350 390 2420 legatur
411 2351 439 2400 U
442 2359 455 2399 t
473 2359 542 2401 osset
567 2351 596 2402 ἰνκ
614 2350 767 2419 republica
785 2349 886 2403 consul.
930 2348 982 2402 Sed
1007 2350 1148 2406 lectionem
1177 2353 1246 2407 hanc
1271 2357 1333 2409 reii··

285 2437 407 2490 ciendam
433 2455 504 2501 esse,
528 2437 589 2490 satis
614 2447 717 2493 constat
744 2456 774 2490 ex
793 2432 955 2502 Plutarcho,
984 2439 1029 2508 qui
1056 2439 1084 2490 in
1110 2441 1171 2492 Vita
1196 2438 1334 2494 Ciceronis

285 2524 321 2589 [c.
340 2525 397 2588 31]
415 2523 454 2576 sic
472 2523 520 2576 ait:
545 2518 577 2574 ‘0
603 2525 633 2574 dl
651 2519 776 2581 Κλώδιος
794 2552 827 2562 -
850 2519 958 2594 φοβερδς
976 2519 1010 2575 ὢν
1029 2537 1083 2583 τοῖς
1101 2521 1334 2596 ἀριστοκρατικοῖς,

285 2614 330 2661 καὶ
346 2606 393 2660 criu
411 2611 494 2677 δῆμον
512 2606 640 2671 α’νειμένον
665 2613 701 2668 εἰς
725 2603 800 2679 ὕβριν
825 2608 923 2680 πολλήν
941 2616 985 2663 καὶ
1008 2608 1167 2682 θρασύτητα
1186 2613 1334 2675 συνεφελκό-

282 2713 361 2758 μενος
377 2698 497 2764 ἐπιχείρει
514 2699 552 2765 τῷ
578 2698 722 2765 Πομπηΐῳ,
749 2699 801 2748 τῶν
827 2701 992 2767 διῳκημένων
1017 2695 1062 2752 tin’
1087 2698 1169 2752 αὐτοῦ
1195 2697 1263 2754 κατὰ
1287 2701 1335 2770 τήν

284 2791 427 2854 στρατείαν
444 2785 498 2835 ἕνια
517 2782 682 2854 σπαράττων.
727 2782 784 2846 Ἐφ’
801 2781 838 2842 οἷς
858 2781 871 2835 ὅ
889 2785 1024 2856 Πομπήϊος
1042 2784 1142 2846 ἀδοξῶν
1159 2784 1269 2848 ἐκάκιζεν
1287 2787 1335 2840 αὐ-

284 2869 331 2930 τός
350 2863 446 2934 αὕτδν,
472 2877 608 2940 προέμενος
633 2868 679 2924 τᾶν
700 2875 852 2944 Κικέρωνα·
877 2879 921 2925 καὶ
944 2874 1023 2926 πάλιν
1047 2878 1072 2927 ἐκ
1100 2879 1246 2944 μεταβολῆς
1270 2881 1342 2928 παν-Ι

285 2971 357 3017 τοῖος
381 2962 488 3024 ἐγίνετο,
513 2955 636 3030 πράττων
667 2956 784 3013 κάθοδον
810 2958 883 3030 αὐτῷ
901 2955 968 3024 used
990 2964 1042 3014 τῶν
1069 2965 1157 3024 φίλων.
1202 2964 1336 3018 Favebant

286 3046 430 3120 praecipue
448 3045 573 3101 Ciceroni
592 3047 719 3101 Lentulus
738 3049 830 3102 consul
858 3061 885 3103 et
903 3050 1004 3103 tribuni
1028 3048 1111 3122 aliqui
1136 3050 1235 3122 plebis,
1266 3053 1336 3105 inter

286 3153 355 3206 quos
373 3144 430 3187 erat
446 3134 478 3188 T.
496 3135 601 3189 Annius
619 3134 700 3203 Milo,
718 3137 758 3190 vir
776 3138 852 3192 lortis
871 3149 897 3191 et
918 3138 1070 3202 vehemens,
1090 3157 1139 3209 pro
1159 3159 1214 3210 quo
1233 3152 1271 3195 est
1288 3139 1335 3193 Ci-

288 3222 396 3276 ceronis
413 3222 551 3293 praeclara
570 3227 664 3280 oratio.
701 3224 725 3275 ls
743 3224 830 3296 legem
849 3226 953 3280 ferebat
969 3226 1003 3279 de
1021 3246 1053 3279 eo
1073 3226 1234 3279 reducendo.
1283 3225 1336 3280 Ce-

286 3323 375 3367 terum
392 3310 502 3364 exulavit
519 3310 624 3374 Cicero,
643 3309 749 3376 Pisone,
770 3309 934 3383 Calpurniae
952 3323 1043 3383 patre,
1061 3323 1088 3364 et
1104 3312 1135 3362 P.
1154 3311 1279 3374 Gabinio,
1297 3313 1336 3364 vel

286 3401 331 3469 (ut
348 3409 388 3453 est
405 3399 434 3450 iu
453 3398 503 3450 vita
522 3395 632 3449 Catonis
650 3395 783 3470 Utiqeusis
807 3397 879 3467 apud
898 3395 1086 3462 Plutarchum)
1110 3395 1227 3448 Gabinio
1251 3396 1337 3449 Paulo

286 3484 456 3541 consulibus:
476 3501 592 3553 quorum
610 3481 655 3534 ille
672 3481 717 3550 (ut
734 3480 806 3534 idem
824 3482 917 3548 tradit)
934 3500 1011 3535 socer
1037 3493 1094 3533 erat
1112 3479 1247 3546 Caesaris,
1276 3481 1337 3534 ideo

288 3569 417 3628 Ciceroni
435 3568 547 3635 infensi,
569 3569 660 3640 quod,
678 3587 741 3623 cum
759 3568 815 3622 eius
834 3569 862 3622 iu
882 3567 998 3622 Galliam
1014 3567 1116 3638 legatus
1127 3576 1193 3619 esset
1201 3565 1339 3636 profectu·

288 3681 346 3728 rus,
365 3659 515 3713 institutum
533 3667 672 3711 mutasset:
691 3655 735 3710 hic
752 3675 781 3708 ex
800 3655 933 3728 supplicio
952 3655 1153 3710 coniuratorum
1170 3651 1261 3705 odium
1271 3671 1339 3707 cou-

290 3760 406 3823 ceperat.
443 3747 535 3819 ltaque
560 3745 657 3818 partim
682 3743 819 3810 simulate,
846 3744 942 3814 partim
968 3741 1100 3797 beneficio
1128 3740 1288 3794 accusatoris
1314 3754 1340 3796 et

290 3835 414 3890 mercede
434 3833 633 3906 provinciarum
651 3832 764 3899 inducti,
782 3830 879 3884 Clodio
899 3833 1030 3886 favebunt.
1067 3829 1103 3882 Ar
1117 3847 1163 3882 eos
1174 3828 1253 3882 luisse
1272 3849 1340 3884 cou-

290 3923 373 3990 sules,
394 3921 491 3976 Cicero
509 3933 597 3993 negat.
641 3919 709 3974 Nam
728 3938 792 3974 cum
810 3920 906 3974 exactis
929 3921 1037 3992 regibus
1056 3916 1250 3973 consulendum
1275 3928 1341 3972 esset

290 4010 330 4062 rei
352 4009 487 4081 publicae,
507 4010 588 4064 creati
606 4020 668 4062 sunt
686 4005 817 4084 consules.
866 4008 965 4061 Consul
984 4008 1134 4079 igiturest,
1162 4007 1208 4077 qui
1227 4004 1341 4059 consulit

288 4098 342 4152 sire
361 4096 488 4168 providet.
534 4097 650 4151 Atrum
668 4096 706 4149 illi
725 4096 810 4149 virum
829 4096 962 4167 optimum
979 4115 1011 4148 ao
1029 4092 1164 4166 praeclare
1193 4092 1226 4145 de
1242 4111 1271 4143 re
1290 4109 1340 4162 pu-

290 4184 361 4238 blica
379 4174 504 4239 meritum
524 4185 551 4237 in
571 4184 679 4238 exilium
698 4185 842 4250 mitterent,
862 4204 912 4239 nec
930 4183 980 4237 alia
1001 4182 1136 4236 mitterent
1155 4197 1241 4244 causa,
1260 4196 1340 4249 quam

291 4271 364 4342 quod
383 4270 479 4326 Clodio
497 4272 696 4327 sceleratissimo
713 4290 746 4326 ao
764 4273 977 4342 pestilentissimo
995 4270 1126 4322 laterent:
1154 4282 1208 4334 quo
1234 4265 1341 4318 tandem

291 4357 374 4412 modo
393 4359 432 4412 rei
448 4360 572 4431 publicae
590 4360 785 4414 consulebant?
820 4361 902 4415 Recte
927 4359 1009 4428 igitur
1026 4353 1122 4407 Cicero
1154 4372 1168 4404 1
1194 4355 1342 4426 coniugatis

293 4446 407 4518 probat,
438 4466 492 4500 non
518 4447 598 4500 luisse
623 4447 773 4501 consules.“
801 4447 1002 4501 Morisotus
1047 4443 1106 4507 „Te
1125 4438 1217 4511 fuisse
1242 4445 1342 4494 Romae

1070 4527 1114 4600 H
