3450 5342
600 684 795 732 riniuoxon
821 684 870 731 tu.
898 684 968 731 cir.
985 685 1021 733 u.
1260 664 1330 735 141

353 846 420 917 quid
438 845 523 897 baiuli
546 854 630 917 atque
649 844 766 913 operarii
772 845 791 910 ,]
822 841 934 894 Boiulos
962 839 1085 893 dicebant
1112 844 1235 914 antiqui,
1267 866 1334 917 quos

280 950 352 983 nuno
371 932 483 983 dicirnus
501 931 650 1000 operarios,
673 931 743 982 uncle
761 929 852 981 odino
870 928 990 982 baiulari
1009 928 1119 981 dicitur.
1146 929 1249 997 ¹Festus
1265 933 1292 987 la.
1310 954 1334 987 v.

281 1039 308 1090 p.
327 1018 423 1075 xxm.
442 1019 491 1072 Ed.
511 1018 609 1089 Scalig.
647 1016 759 1081 Cicero,
792 1025 821 1069 nt
844 1026 938 1069 nostro
956 1015 1033 1083 luco,
1057 1015 1085 1069 in
1105 1015 1191 1069 Bruto
1209 1020 1253 1083 13,
1270 1021 1336 1073 252ε

281 1107 398 1175 operarii
416 1117 506 1159 autem
524 1115 575 1158 out
593 1105 677 1157 baiuli
703 1105 790 1155 deesse
816 1122 869 1157 non
884 1115 1019 1175 posennts
1048 1104 1081 1156 de
1108 1102 1158 1156 Or.
1177 1102 1209 1170 ll,
1229 1106 1274 1171 to,
1290 1108 1336 1159 411.

280 1194 364 1249 iunxit
383 1194 486 1247 baiulos
504 1204 531 1246 et
549 1194 677 1265 remigem
704 1191 818 1245 Baiulos
844 1190 955 1247 Graecia
978 1188 1158 1256 βαστάζοντας
1183 1210 1239 1247 eane
1257 1210 1338 1247 voce·

281 1293 323 1334 tos
346 1301 374 1333 er
393 1280 481 1334 Gellio
506 1280 539 1335 N.
557 1279 591 1336 Α.
610 1281 645 1348 V,
663 1281 689 1335 8.
719 1279 816 1333 docere
842 1278 896 1333 nult
921 1277 1024 1332 Geruli.
1065 1277 1119 1333 Sed
1144 1278 1181 1332 ibi
1206 1279 1235 1333 iu
1259 1279 1339 1334 bunis

282 1366 356 1421 libris
374 1380 399 1422 et
417 1367 484 1421 Eud.
511 1378 550 1422 est
575 1363 753 1438 ἀχθοφόρους.
771 1394 806 1405 -
844 1368 876 1419 ln
906 1366 974 1421 cod.
1000 1365 1060 1419 Cra.
1077 1368 1104 1420 3.
1134 1379 1172 1422 est
1197 1365 1259 1439 quit
1285 1384 1337 1441 pro

281 1456 360 1526 quid,
379 1455 451 1509 Gud.
469 1456 502 1509 Α.
527 1466 578 1507 aut
604 1455 690 1507 baiuli
714 1464 767 1507 out
794 1455 927 1524 operarii,
953 1454 1034 1508 Drsd.
1054 1457 1079 1510 a.
1107 1453 1204 1510 batuli.
1232 1452 1291 1509 Cra.
1310 1458 1337 1511 1.

281 1563 322 1596 on
341 1544 473 1613 operarii,
489 1542 570 1596 Drsd.
589 1545 616 1598 4.
634 1540 701 1598 Ori.
719 1542 752 1595 N.
771 1542 806 1595 U.
825 1554 891 1593 aut
910 1543 1034 1612 operarii.
1072 1544 1131 1596 Cra.
1140 1546 1167 1596 2.
1185 1544 1282 1597 omittit
1299 1562 1336 1597 on

282 1641 343 1685 ante
362 1632 436 1702 quiri.
473 1631 528 1683 Pro
547 1630 614 1700 quiri
641 1630 758 1682 ironiines
783 1630 811 1681 in
831 1628 903 1684 Gud.
920 1629 953 1685 B.
973 1641 1011 1683 est
1036 1631 1150 1701 quidem.
1187 1631 1268 1687 Abest
1286 1635 1334 1687 tio-

280 1717 365 1769 mines
382 1736 398 1771 a
417 1716 504 1770 Codd.
521 1715 572 1770 Ox.
592 1734 615 1769 o.
634 1715 759 1779 Suerin.;
777 1736 791 1768 a
811 1715 872 1769 Cra.
892 1722 918 1769 2.
942 1716 1015 1774 Gud.
1035 1718 1068 1771 A.
1093 1718 1240 1773 doctissimi
1265 1722 1334 1776 sicut

280 1805 315 1857 ab
334 1801 384 1856 Os.
403 1802 450 1867 N.‚
475 1802 551 1856 cuius
576 1802 695 1855 adiectivi
722 1801 783 1855 loco
809 1802 836 1854 in
855 1801 905 1855 Ox.
926 1803 945 1857 Ι.
963 1815 1002 1857 est
1020 1806 1203 1874 disertissimi5
1231 1808 1260 1861 iu
1284 1808 1338 1863 Ox.

283 1889 314 1942 E.
333 1908 363 1951 ψ.
390 1900 429 1943 est
453 1900 629 1942 senserunt.
676 1888 706 1941 ln
736 1887 795 1941 Cra.
816 1893 843 1942 1.
868 1889 949 1944 Drstl.
976 1895 1001 1944 1.
1027 1895 1053 1947 3.
1084 1892 1183 1964 legitur
1206 1898 1335 1951 senserint

282 1977 443 2043 doctissimi,
463 1978 490 2029 in
509 1975 590 2029 Drsd.
608 1980 634 2029 4.
653 1977 800 2028 doctissimi
817 1978 945 2031 homines.
982 1979 1039 2033 Nee
1057 1998 1120 2034 vero
1138 2002 1167 2035 ex
1185 1982 1265 2037 liuius
1281 1984 1334 2040 loci

282 2064 353 2120 varia
371 2064 399 2118 iu
418 2062 493 2117 libris
510 2063 655 2135 scriptione
674 2062 746 2117 litem
765 2064 867 2117 moveri
886 2064 963 2118 velim
988 2065 1112 2134 lectioni,
1140 2088 1222 2140 quarn
1247 2082 1274 2125 et
1293 2090 1337 2125 re-

282 2152 348 2225 liqui
374 2163 484 2207 tueutur
512 2151 574 2205 libri
596 2150 677 2205 MSS.
701 2162 727 2205 et
751 2150 819 2206 Edd.
845 2162 906 2207 vett.
937 2172 967 2205 ex
994 2153 1058 2227 ipsis
1084 2155 1159 2209 libris
1182 2157 1263 2211 MSS.
1288 2158 1336 2212 de-

281 2242 382 2314 scripti.
418 2241 479 2295 Mr.

351 2329 510 2398 praesertim
528 2347 588 2380 cum
605 2329 659 2379 trac
676 2328 824 2398 sententia]
854 2328 938 2385 Abest
950 2332 1111 2401 praesertim
1134 2351 1149 2386 a
1169 2330 1237 2387 cod.
1256 2333 1334 2387 Drsd.

283 2419 317 2479 43
341 2416 369 2468 in
395 2415 489 2468 eodem
518 2427 577 2487 post
602 2417 737 2468 sententia
764 2416 896 2487 repetitur
919 2436 988 2472 oum.
1035 2417 1107 2471 Tum
1138 2417 1210 2472 Gud.
1230 2419 1264 2472 A.
1285 2438 1337 2471 non

282 2505 357 2556 modo
375 2523 437 2557 non
455 2507 556 2568 verior,
575 2503 648 2575 quod
668 2513 706 2557 est
724 2504 884 2559 correctoris
903 2524 982 2558 usum
994 2505 1160 2576 optimorum
1174 2506 1335 2578 scriptorum

282 2590 438 2662 ignorantis.
459 2590 560 2652 orti.
582 2593 601 2642 Ι.
620 2609 668 2641 neo
686 2610 737 2661 pro
755 2610 800 2655 ne,
819 2610 883 2647 cum
903 2590 964 2646 Cra.
984 2594 1010 2645 1.
1034 2610 1123 2663 neque
1147 2591 1227 2646 Drsd.
1247 2596 1272 2647 3.
1307 2592 1338 2647 ln

282 2677 344 2732 Cra.
363 2686 388 2731 2.
406 2688 444 2731 est
462 2678 578 2729 omnium
598 2696 647 2748 pro
667 2678 802 2730 leontinum
820 2681 913 2743 vim,-
932 2679 1014 2733 Drsti-
1025 2681 1050 2735 1.
1069 2679 1168 2734 omittit
1185 2681 1258 2732 vitoe
1277 2700 1337 2735 cum

283 2767 357 2820 Gud.
379 2767 427 2832 A„
453 2775 478 2819 et
498 2763 567 2818 cot.
594 2762 653 2818 Cra.
673 2768 699 2818 1.
723 2765 803 2820 habet
828 2766 902 2833 vita,
925 2786 956 2820 ex
990 2785 1071 2837 prava
1098 2766 1280 2834 correctione3
1310 2768 1339 2823 iu

282 2852 391 2907 Suerin.
410 2863 448 2905 est
468 2857 541 2904 vitoe
559 2852 702 2908 hominum.
734 2852 789 2905 Pro
807 2850 914 2924 quidem
932 2852 1004 2907 Gud.
1016 2853 1045 2905 B.
1065 2854 1204 2926 quidest:
1222 2853 1294 2908 Gud.
1307 2854 1339 2907 Α.

283 2941 362 2995 habet
390 2941 468 2992 nulia
491 2941 578 3010 possit
603 2939 763 2991 inveniri
770 2959 780 2999 ,·
811 2938 861 2993 Ox.
887 2939 907 2993 l.
932 2942 1026 2994 horum
1056 2961 1108 3012 pro
1130 2941 1280 3006 hominum,
1308 2960 1336 2993 ex

283 3029 353 3082 male
371 3028 440 3083 lecto
458 3027 628 3099 compendio.
646 3026 711 3081 0...
730 3026 762 3079 E.
782 3047 807 3081 o.
825 3045 854 3090 ψ.
870 3038 962 3098 potest
980 3048 1031 3100 pro
1045 3030 1147 3099 possit,
1177 3047 1239 3084 curn
1257 3027 1336 3082 Drsd.

284 3122 325 3183 5.,
343 3117 415 3170 idem
433 3117 530 3171 omittit
548 3117 623 3183 utta,
643 3135 693 3187 pro
712 3135 767 3187 quo
786 3115 846 3170 Cra.
866 3119 891 3170 1.
909 3135 924 3169 a
943 3136 984 3189 pr.
1001 3136 1037 3170 m.
1056 3117 1149 3184 nullo,
1175 3116 1248 3188 quod
1274 3134 1337 3170 eor-

282 3205 456 3261 rexitaltera.
493 3204 551 3256 Mr.

356 3297 416 3346 Non
435 3292 510 3344 modo
528 3292 628 3354 verior,
647 3292 855 3343 adsentitur
874 3292 989 3363 quidem]
1016 3292 1089 3359 „Per
1107 3291 1263 3363 exquisitum
1283 3291 1336 3344 La-

282 3383 393 3438 tinitatis
410 3398 487 3433 usum
507 3377 618 3448 ponitur
635 3395 686 3447 pro
702 3396 755 3429 non
773 3379 848 3430 modo
868 3398 920 3431 non
938 3380 1039 3441 verior,
1068 3396 1123 3449 quo
1149 3377 1182 3430 de
1208 3396 1258 3430 usu
1277 3396 1337 3429 mo-

282 3471 343 3524 nuit
360 3468 426 3519 Ern.
447 3467 474 3517 in
494 3464 566 3517 clav.
583 3461 639 3537 Cic.
659 3473 685 3515 et
703 3463 871 3517 Tursellinus
888 3464 921 3516 de
939 3463 1088 3517 Particulis.
1133 3462 1183 3515 llic
1206 3463 1281 3516 loeus
1299 3463 1337 3515 sic

281 3555 360 3611 reddi
381 3554 463 3626 possit
479 3551 512 3605 ad
531 3548 734 3620 intelligentiam
760 3561 788 3603 et
804 3551 972 3604 latinitatem:
1004 3548 1127 3602 Attamen
1157 3567 1242 3618 quum
1268 3548 1338 3602 inter

283 3665 334 3701 uos
352 3644 534 3714 disputemus,
554 3659 609 3692 uon
627 3655 794 3710 pugnemus,
814 3637 886 3691 dicas
904 3636 985 3704 mihi,
1007 3654 1188 3708 quorumnam
1207 3634 1337 3689 iudicium

282 3736 331 3788 viri
349 3731 414 3786 boui
433 3729 508 3802 sequi
526 3727 656 3793 debeant,
674 3725 865 3780 baiulorumne
883 3736 964 3797 atque
983 3723 1169 3796 operariorum
1189 3736 1214 3778 et
1224 3723 1336 3778 omnino

284 3821 383 3893 plebis,
401 3839 436 3872 an
454 3818 596 3871 doctorum
618 3826 644 3869 et
662 3815 827 3888 sapientum:
847 3816 880 3869 ad
899 3815 977 3871 verba
996 3814 1047 3865 lino
1066 3813 1200 3866 seruantia
1218 3811 1336 3884 intellige

284 3909 413 3982 nequalia
431 3925 487 3959 esse
503 3909 643 3975 peccata.“
679 3903 928 3977 Wyttenbach.

356 4000 432 4065 Quos
452 3997 491 4045 vis
509 4002 564 4046 est
581 3992 678 4061 anim]
709 3991 747 4047 lta
771 3991 857 4045 Codd.
884 3991 1003 4044 (iudai.
1022 3990 1053 4043 B.
1078 3988 1138 4043 Cra.
1157 3994 1181 4043 2.
1201 3991 1226 4043 3.
1252 3986 1336 4041 Drsd.

285 4092 310 4139 2.
329 4089 355 4139 5.
373 4082 469 4137 Duisb.
486 4081 567 4134 Beru.
587 4079 647 4133 Bae.
665 4078 754 4134 Guels.
773 4080 903 4151 Excerpta
917 4079 990 4149 -Eyu
1003 4078 1052 4132 Ed.
1063 4097 1120 4150 pre.
1132 4075 1181 4130 Ed.
1195 4093 1238 4145 ap.
1248 4074 1335 4126 Meus.

286 4172 355 4225 Vict.
374 4171 466 4224 Lamb.
485 4168 570 4223 Sullr.
587 4169 660 4223 Petr.
679 4187 708 4221 ex
727 4169 825 4222 nostris
843 4169 969 4222 Darentr.
986 4166 1065 4219 Hdlb.
1093 4185 1110 4220 s.
1130 4163 1148 4217 l.
1174 4174 1201 4215 et
1224 4179 1248 4213 a.
1270 4160 1335 4231 Arg,

285 4261 355 4312 Ven.
373 4262 453 4312 1492.
471 4260 551 4312 1514.
568 4257 629 4309 Par.
640 4259 720 4311 15⁰7.
739 4260 818 4312 1512.
836 4260 917 4313 1543.
935 4255 1021 4325 Lugd.
1041 4251 1138 4306 Colon.
1157 4248 1225 4302 Rob.
1243 4246 1336 4320 Steph.

285 4348 318 4401 fl.
333 4346 420 4400 Woli.
439 4344 518 4398 Boul.
534 4344 623 4397 Herw.
642 4343 719 4397 Cam.
738 4344 800 4397 ΛΜ.
819 4347 898 4399 1548.
916 4341 988 4394 nud.
1011 4338 1069 4392 Tal.
1088 4334 1165 4406 Sylb.
1183 4332 1233 4387 Or.
1257 4333 1336 4389 Cete-

290 4434 448 4489 roslmbere
468 4450 538 4504 quoe
557 4432 598 4484 vis
616 4431 684 4482 onim
705 4443 744 4483 est
762 4432 797 4485 ait
815 4431 866 4484 Or.
902 4428 956 4482 Sed
975 4445 1030 4485 non
1047 4442 1155 4489 omnes,
1186 4441 1248 4476 narn
1268 4442 1336 4495 quoe
