3450 5342
336 657 411 731 314
664 683 838 732 emenone
864 682 1059 732 eroroonuu.

335 842 385 896 Cn.
406 842 529 910 Plancio,
549 864 563 896 a
581 844 692 908 Labico,
711 855 811 898 vetusto
830 844 948 915 oppido,
968 843 1040 914 quod
1059 863 1146 915 prope
1165 845 1319 900 Tusculum
1332 848 1383 911 luit,

335 951 391 984 non
410 931 504 1001 procul
519 932 552 984 ab
572 932 638 984 urbe
654 931 749 998 Roma,
769 931 933 984 Labicanum
953 931 1054 983 dictum
1073 942 1126 984 est:
1145 932 1231 1003 idque
1246 953 1297 1004 pro
1317 955 1387 1004 prae-

336 1020 380 1072 dio
399 1018 547 1085 Labicano,
566 1030 596 1072 ut
612 1019 811 1086 Tusculanum,
831 1018 1043 1090 Pompeianum,
1062 1018 1261 1086 Formianum,
1292 1021 1386 1092 aliaque

336 1108 452 1161 eiusdem
472 1109 606 1179 generis.“
625 1108 699 1161 Frc.
718 1106 808 1178 Sylv.

406 1195 554 1263 divitiores]
592 1195 648 1261 „lta
674 1195 775 1266 primae
794 1195 854 1250 edd.
874 1207 900 1250 et
924 1195 1004 1249 MSS.
1030 1195 1112 1248 nostri
1143 1214 1251 1249 omnes.
1294 1195 1384 1250 Subse-

336 1293 447 1354 quentes
466 1282 538 1335 enim
557 1283 666 1335 ditiores
684 1302 776 1335 sumus
795 1286 842 1355 qui
858 1303 887 1354 p.
906 1282 957 1338 li?
975 1303 1002 1340 u.
1023 1283 1129 1354 quidem
1148 1301 1281 1339 essemus.
1300 1305 1384 1356 super·

337 1372 479 1423 vacante.“
516 1368 614 1422 Grut.

409 1461 465 1510 Nos
483 1458 571 1528 igitur
590 1459 798 1524 divitiores,
817 1459 864 1530 qui
880 1458 963 1527 pluro
982 1457 1131 1510 hebemus?
1154 1461 1302 1511 Utinam
1318 1461 1383 1531 qui-

337 1546 427 1613 dem]
465 1545 530 1611 „Sic
546 1545 626 1599 MSS.
661 1545 715 1599 Sed
734 1545 802 1600 Edd.
830 1565 879 1599 nos
897 1547 985 1617 igitur
1010 1545 1164 1598 ditiores
1188 1565 1321 1611 sunaus,
1344 1550 1383 1618 qui

332 1634 418 1704 pluro
441 1633 589 1687 debemus?
629 1636 740 1686 Utinam
766 1634 872 1706 quidem
896 1634 1056 1686 essemua!“
1075 1630 1199 1686 Graes.
1249 1635 1380 1700 „Ditioreq

337 1739 438 1773 omnes.
474 1722 611 1773 Diotieres
629 1740 761 1787 sumus,
781 1722 841 1793 qui,
860 1720 962 1774 decem.
1004 1723 1131 1772 Essemus
1150 1723 1227 1774 abest
1247 1743 1261 1776 a
1282 1722 1381 1794 quinde-

337 1807 418 1860 cim.“
444 1807 518 1863 ΑΙιΙ.
536 1807 621 1861 Man.
669 1809 850 1874 „Pithoeanus
876 1807 965 1862 Codex
990 1809 1122 1862 consentit
1148 1809 1233 1865 MSS.
1259 1810 1382 1863 Gruteri.“

337 1893 459 1949 Graev.
497 1896 712 1968 „lucos-ruptam,
732 1909 804 1950 certe
822 1897 1020 1968 explicatior-em
1040 1894 1118 1949 huius
1137 1895 1323 1968 Comparatiri
1335 1898 1381 1948 lor-

338 2002 409 2035 mam
425 1985 534 2037 servarit
552 1984 629 2038 Orat.
647 1984 693 2051 ΙΙΙ,
712 1989 757 2051 48,
776 1989 843 2039 185:
870 1985 939 2037 Inde
964 1983 1010 2035 itte
1036 1983 1159 2036 licentior
1187 1996 1218 2036 et
1244 1986 1380 2036 divitior

331 2073 420 2141 fluxit
440 2071 645 2142 dithyrambos:
670 2072 715 2125 ubi
743 2074 823 2127 etiam
849 2072 981 2144 quaedam
999 2070 1196 2125 adiectirorum
1223 2071 1380 2143 aequabilius

337 2172 393 2212 erat
411 2160 562 2229 spectanda.
597 2160 668 2213 Tum
688 2171 780 2214 nostro
799 2160 859 2214 loco
880 2160 1002 2222 divitem,
1029 2177 1084 2210 non
1103 2158 1204 2223 ditem,
1231 2159 1305 2231 quod
1322 2157 1378 2228 apud

338 2248 439 2299 Livium
458 2248 585 2319 frequens
602 2258 655 2311 est,
674 2259 714 2301 ter
733 2258 857 2320 quaterve
876 2247 947 2300 dixit.
995 2244 1135 2313 Quantum
1161 2246 1335 2300 tribuendum
1356 2244 1380 2296 sit

337 2333 484 2404 scripturae
502 2334 679 2405 compendio,
700 2355 754 2407 quo
774 2335 813 2388 nsi
831 2333 935 2386 scribae
954 2344 1024 2398 sunt,
1042 2333 1152 2386 difficile
1173 2346 1214 2388 est
1237 2335 1333 2404 ubique
1346 2332 1379 2384 in·

339 2423 435 2476 dicare.
472 2421 533 2474 vid.
551 2423 627 2476 Voss.
647 2421 680 2475 de
699 2423 829 2494 Analogia
848 2422 881 2488 ll,
901 2425 951 2487 25,
972 2441 997 2492 ρ.
1017 2423 1100 2474 8⁰4.“
1119 2419 1250 2476 Gernh.
1294 2419 1377 2473 Videa-

338 2531 397 2563 mus
417 2510 469 2563 iam
487 2511 519 2563 de
539 2510 620 2564 libris.
657 2510 706 2564 Ed.
725 2511 810 2583 Lugd.
825 2530 876 2582 pro
897 2529 959 2563 nos
978 2510 1064 2580 igitur
1082 2508 1189 2563 exhibet
1207 2529 1272 2562 non
1290 2510 1375 2580 igitur,

339 2597 410 2652 Gud.
423 2599 454 2651 Α.
472 2596 551 2653 habet
562 2618 623 2652 curn
637 2598 727 2652 Guell.
746 2618 794 2651 nos
813 2617 891 2650 num
910 2598 1019 2649 ditiores
1037 2615 1173 2659 sumus5
1193 2596 1282 2652 Codd.
1302 2596 1376 2651 Cret.

339 2688 389 2740 Ox.
408 2687 440 2739 N.
457 2685 537 2739 Drsd.
554 2691 580 2740 l.
600 2689 625 2741 3.
644 2686 725 2740 Bern.
744 2705 792 2738 nos
811 2705 899 2739 vero.
935 2684 980 2737 Est
999 2685 1108 2736 ditiores
1127 2685 1154 2739 in
1175 2684 1244 2739 On.
1256 2685 1288 2740 E.
1306 2685 1336 2737 N.
1352 2682 1375 2734 U.

338 2773 397 2828 Cre.
417 2779 444 2826 2.
461 2776 486 2828 3.
505 2773 585 2827 Drsd.
604 2778 629 2827 Ι.
649 2777 674 2827 3.
702 2773 780 2826 Suer.
804 2784 831 2826 et
856 2771 988 2844 plurimae
1015 2772 1075 2825 edd.
1095 2784 1156 2826 vett.
1175 2775 1324 2827 Divitiores
1340 2771 1376 2825 ha-

338 2862 402 2914 bent
421 2862 506 2915 codd.
524 2861 636 2934 reliqui,
662 2862 780 2932 itemque
805 2859 872 2914 Edd.
892 2860 961 2912 Vict.
989 2860 1079 2913 Lamb.
1104 2861 1193 2918 Suflr.
1222 2864 1295 2916 Petr.
1322 2860 1375 2914 flul.

339 2949 436 3002 Colon.
455 2948 535 3002 Grut.
554 2949 650 3002 Graev.
669 2947 756 3000 Gron.
775 2947 883 3001 Scluev.
902 2948 985 3001 Verb.
1004 2948 1075 3002 Olir.
1093 2949 1160 3003 Ern.
1179 2971 1272 3024 seqq,
1291 2952 1321 3004 de
1338 2967 1375 3021 qua

339 3036 426 3088 forma
446 3035 496 3086 vid.
516 3036 594 3088 etiam
613 3035 700 3088 Beier.
718 3036 751 3088 ad
770 3037 825 3090 Cic.
844 3036 916 3091 Lael.
933 3039 974 3089 16.
994 3057 1019 3106 p.
1037 3039 1080 3089 ⁹1.
1099 3038 1146 3108 qui
1162 3058 1224 3092 eam
1244 3041 1281 3092 ibi
1299 3041 1324 3092 in
1340 3057 1376 3090 an-

338 3133 394 3175 not.
414 3132 548 3192 receptam
568 3141 582 3174 a
602 3141 629 3174 se
647 3123 724 3190 dixit,
743 3126 787 3176 sed
806 3127 834 3177 in
854 3136 924 3179 textu
945 3124 1052 3195 reliquit
1071 3126 1162 3180 ditior.
1214 3127 1328 3180 Additur
1342 3146 1378 3177 sn-

339 3227 414 3275 mus,
433 3228 462 3260 ex
482 3210 582 3279 glossa,
601 3211 629 3264 in
649 3210 734 3266 codd.
753 3211 811 3266 Cre.
831 3220 857 3271 3.
877 3214 955 3267 Drsd.
973 3218 998 3266 4.
1017 3217 1043 3266 5.
1064 3212 1115 3266 Ox.
1133 3213 1168 3268 U.
1189 3213 1262 3268 Gud.
1282 3216 1320 3279 A,
1336 3232 1376 3266 non

340 3294 438 3351 habent
459 3295 544 3350 Codd.
563 3299 675 3372 reliqui,
704 3320 793 3372 neque
811 3301 880 3355 Edd.
900 3321 965 3372 quas
982 3299 1080 3353 habere
1108 3302 1251 3355 divitiores
1276 3304 1377 3363 diximus,

339 3387 457 3459 itemque
478 3387 537 3441 Atd.
557 3391 636 3443 1517.
656 3392 735 3444 1552.
756 3393 817 3444 Car.
836 3389 929 3460 Steph.
948 3390 1049 3442 Sturm.
1069 3388 1140 3441 nun.
1159 3389 1304 3460 Tatsytn.
1318 3389 1378 3440 Face.

339 3475 407 3529 lllud
426 3495 487 3529 vere
512 3497 562 3548 pro
580 3479 668 3549 igitur
686 3491 724 3532 est
746 3480 826 3532 etiam
853 3479 882 3530 in
907 3477 975 3530 Edd.
999 3478 1060 3531 Par.
1079 3498 1099 3530 s.
1118 3497 1143 3530 a.
1170 3490 1198 3532 et
1225 3483 1286 3534 Asc.
1312 3481 1378 3533 151¹:

340 3564 491 3617 undenum
512 3564 615 3618 in'aliis
633 3566 689 3619 eius
706 3566 767 3620 loeo
782 3569 816 3620 sit
832 3584 907 3629 num,
937 3567 1016 3620 etiam
1043 3585 1137 3619 vocem
1163 3569 1254 3640 igitur
1279 3567 1378 3639 eglesia

340 3669 394 3703 esse
411 3652 699 3722 suspicaturOrelliuss
718 3675 733 3707 a
751 3675 804 3725 qua
823 3655 974 3726 suspicione
993 3673 1043 3726 ego
1062 3673 1172 3726 quoque
1195 3677 1240 3710 me
1259 3653 1379 3711 nonalis·

341 3754 407 3788 num
426 3757 480 3789 esse
500 3738 636 3808 profiteor.
672 3741 806 3809 Alteram,
826 3743 882 3808 vel,
901 3743 921 3796 si
942 3743 1036 3807 mavis,
1056 3744 1163 3796 tertiam
1182 3745 1306 3814 glossam,
1322 3761 1379 3794 esse·

340 3840 416 3888 mus,
438 3834 496 3894 post
518 3827 630 3878 Utinam
648 3830 767 3900 quidem,
789 3850 883 3884 omnes
902 3831 999 3885 habent
1017 3830 1103 3896 Edd.,
1126 3831 1155 3883 in
1178 3833 1277 3902 quibus
1294 3841 1330 3883 est
1347 3829 1379 3878 di-

339 3912 438 3973 tiores5
458 3931 513 3965 non
532 3912 630 3968 habent
648 3915 774 3989 reliquae,
792 3918 911 3991 itemque
930 3919 1015 3973 Codd.
1034 3918 1099 3971 On.
1111 3919 1279 3991 (exceptol.)
1294 3935 1378 3977 ornnes

341 4001 398 4055 Cre.
419 4007 443 4055 2.
468 4003 509 4073 (in
530 4022 584 4076 quo
603 4016 641 4059 est
667 4007 803 4078 equidem,
834 4029 889 4080 quo
916 4028 970 4061 non
997 4007 1033 4060 uti
1061 4007 1130 4061 solet
1157 4006 1233 4070 Cic,
1261 4007 1308 4060 nisi
1331 4021 1378 4058 cun

339 4090 425 4161 prima
434 4090 575 4160 singularis
585 4094 688 4146 numeri
700 4096 826 4166 persona)
836 4096 909 4150 Gud.
919 4095 986 4148 Α.Β.
1005 4093 1083 4148 Suer.
1093 4094 1192 4152 Duisb.
1202 4096 1285 4150 Drsd.
1293 4102 1317 4149 2.
1336 4091 1359 4145 Μ
1365 4109 1378 4141 r.

411 4180 465 4230 Sed
481 4199 533 4231 nou
551 4183 738 4234 aestimatione
756 4185 877 4250 census,]
914 4184 952 4250 „i.
972 4203 994 4235 e.
1012 4182 1181 4236 divitiarum:
1207 4195 1237 4238 ut
1262 4183 1329 4256 apud
1346 4179 1377 4230 lt·

341 4267 459 4319 venalem
479 4278 517 4321 est
535 4266 621 4321 Satira
635 4269 710 4322 XlV:
730 4273 814 4338 [304]
834 4272 931 4323 misero
945 4281 985 4323 est
1004 4272 1097 4341 magui
1116 4274 1247 4324 custodia
1265 4283 1377 4323 census.

342 4353 370 4403 ln
391 4351 440 4406 bae
458 4374 486 4406 re
505 4373 599 4408 census
621 4378 698 4430 saepe
724 4360 829 4412 dicitur.
877 4364 976 4411 Census
1000 4359 1162 4414 adiectirum
1193 4380 1245 4432 pro
1269 4360 1341 4413 divite
1360 4361 1378 4402 tl

344 4440 489 4505 pecunioso
514 4442 621 4497 dicitur:
647 4459 676 4502 ut
705 4450 731 4501 in
757 4450 827 4520 Lege
850 4448 987 4503 Voconia:
1018 4450 1059 4500 Ne
1086 4451 1149 4520 quis
1170 4449 1249 4502 horno
1267 4457 1378 4501 censuit,
