3450 5342
372 693 444 764 116
701 709 875 755 ernsnoxa
903 707 1097 755 srorconun.

369 886 490 951 rebus?
513 884 628 946 etiam:
661 881 688 943 si
715 879 846 959 quidem
886 894 998 942 rerum
1033 877 1170 942 modum
1200 878 1332 958 lingere
1362 896 1420 942 non

368 1036 562 1104 possumus:
583 1018 773 1082 animorum
788 1013 924 1078 modum
942 1019 1053 1078 tencre
1067 1028 1254 1095 possumus.
1306 1014 1418 1078 Histrio

369 1160 396 1223 si
422 1159 569 1240 paullum
599 1172 634 1219 se
668 1153 772 1217 movit
806 1156 901 1214 extra
927 1166 1119 1227 numerum,
1162 1155 1219 1212 aut
1250 1149 1279 1211 si
1314 1165 1416 1213 versus

370 1292 600 1374 pronuntiatus
626 1294 674 1352 est
700 1286 827 1366 syllaba
851 1300 919 1348 una
945 1284 1087 1363 brevior,
1114 1291 1169 1350 aut
1195 1287 1342 1366 longior,
1365 1303 1415 1349 ex·

358 1428 520 1519 ⁸sibilatur
545 1429 578 1487 et
604 1422 807 1504 exploditur:
843 1422 1048 1498 invitatu,
1085 1438 1169 1502 quae
1205 1422 1301 1484 omni
1335 1424 1414 1500 gestu

371 1560 594 1636 moderatior,
619 1560 710 1622 omni
733 1574 830 1621 versu
856 1558 967 1639 aptior
991 1575 1063 1622 esse
1091 1556 1204 1634 debet,
1233 1561 1270 1619 ut
1297 1557 1332 1618 in
1357 1557 1413 1635 syl-

372 1698 447 1762 laba
474 1702 504 1759 te
527 1710 681 1776 peccasse
708 1693 819 1756 dices?
864 1683 1001 1756 Poetam
1028 1708 1100 1756 non.
1121 1691 1222 1755 audio
1248 1691 1284 1753 in
1312 1689 1413 1770 nugis:

370 1834 516 1898 invitae
543 1831 698 1896 societate
739 1827 873 1892 audiam
899 1830 1022 1904 civem,
1063 1828 1170 1908 digitis
1201 1831 1340 1907 peccata
1371 1825 1413 1887 di-

369 1969 558 2032 metientem
584 1965 668 2027 sua‘t
722 1961 816 2040 Quae
841 1965 869 2027 si
890 1965 962 2028 visa
983 1969 1058 2026 sunt
1084 1964 1257 2040 breviora,
1297 1962 1412 2025 leviora

371 2103 427 2184 qui
439 2103 576 2182 possunt
601 2090 760 2186 [videri]·l
782 2115 894 2178 quum,
923 2098 1078 2179 quicquid
1100 2103 1265 2179 peccatur,
1293 2103 1411 2179 pertur-

370 2237 503 2301 batione
530 2236 683 2315 peccetur
705 2234 842 2297 rationis
866 2237 964 2315 atque
983 2234 1126 2298 ordinis:
1152 2234 1346 2315 perturbata
1359 2249 1411 2296 au-

370 2378 437 2435 tem
462 2371 564 2432 semel
590 2369 718 2432 ratione
751 2374 783 2433 et
808 2369 944 2448 ordine,
978 2371 1059 2433 nibil
1092 2370 1196 2451 possit
1218 2369 1315 2447 addi,
1354 2385 1411 2448 quo

370 2509 474 2588 magis
496 2509 626 2589 peccari
651 2522 748 2586 posse
774 2505 934 2570 videatur.

434 2680 500 2738 Ὅτι
518 2687 562 2736 ἴσα
580 2681 614 2735 ια’
633 2680 832 2753 ἁμαρτήματα]
861 2683 957 2749 „lianc
976 2682 1059 2739 thesin
1074 2684 1101 2735 in
1121 2680 1248 2735 omnibus
1264 2677 1409 2751 exemplari-

371 2774 471 2827 busita
490 2772 616 2842 scriptam
635 2772 739 2842 reperi,
766 2789 821 2822 uno
847 2770 952 2836 demto,
977 2770 1006 2822 in
1027 2789 1095 2841 quo:
1123 2763 1165 2820 irs
1189 2768 1276 2821 aceti
1301 2762 1409 2838 ἁμαρτή-

368 2881 440 2923 ματα
463 2865 506 2910 καὶ
525 2857 558 2909 tri
577 2858 802 2926 κατορθώματα.“
827 2859 857 2909 C.
877 2857 979 2928 Lang.
1030 2857 1161 2924 „Addunt
1188 2856 1349 2911 Lambinus:
1373 2857 1408 2905 :ci

369 2945 403 3000 cri
423 2943 633 3014 accep-icium:
653 2945 783 3014 Langius:
801 2949 845 2994 καὶ
862 2939 898 2995 ‘cai
916 2942 1120 3014 o’ptloipcoro:
1147 2943 1211 3012 [hoc
1229 2942 1407 2998 monetalem

369 3032 495 3103 Sylburg.
514 3031 541 3082 in
560 3042 667 3096 annob,
685 3032 731 3083 sed
750 3031 840 3084 nescio
860 3032 946 3097 unde,
972 3053 1033 3087 cum
1059 3033 1111 3086 boc
1136 3052 1192 3085 non
1217 3034 1251 3086 sit
1275 3031 1304 3085 in
1327 3039 1406 3084 annot.

371 3119 402 3172 C.
421 3118 541 3188 Langii:]
560 3118 667 3170 Persius
685 3117 740 3171 Sat.
761 3123 787 3184 5,
807 3120 871 3185 [119
890 3121 939 3190 sq.]

404 3235 436 3246 ·-
475 3234 507 3244 -
546 3233 580 3258 -τ
604 3206 732 3284 'digitum
752 3225 839 3269 exere,
856 3225 960 3276 peccas.

402 3295 441 3344 E:
460 3292 526 3363 quid
543 3301 600 3343 lam
615 3311 732 3362 parvum
749 3292 813 3345 est?
848 3295 901 3345 Sed
919 3295 994 3346 nullo
1013 3304 1075 3345 ture
1092 3291 1212 3345 litabis-‘⁴
1244 3292 1314 3345 All.
1332 3289 1404 3342 Man.

367 3378 448 3446 ,‚Sic,
467 3390 496 3432 ut
514 3390 552 3432 est
570 3378 598 3432 in
618 3379 685 3434 cod.
704 3377 737 3434 C.
755 3379 864 3452 langii,
892 3381 970 3435 etiam
989 3380 1159 3433 Pithoeanus.
1180 3386 1183 3390 '
1203 3379 1257 3433 Sed
1276 3390 1346 3435 recte
1362 3377 1404 3429 iarn

367 3466 544 3521 emendarunt
570 3467 640 3522 docti
672 3467 721 3521 viri
746 3460 788 3521 ‘iu
811 3471 855 3521 ἴσα
882 3465 918 3520 eri
945 3464 1123 3538 ἁμαρτήματα
1149 3472 1193 3519 nol
1218 3466 1256 3518 eci
1278 3456 1404 3534 europei-

365 3558 465 3618 ματα.“
485 3553 602 3609 Graec.
653 3557 771 3622 „Veram
796 3575 848 3629 ego
867 3557 1070 3627 inscriptionem
1090 3574 1145 3608 esse
1164 3565 1242 3626 puto:
1263 3549 1304 3606 ‘its
1321 3556 1362 3604 lou
1376 3539 1404 3598 w*

365 3637 552 3711 ἁμαρτήματα.
598 3641 716 3709 Quidam
742 3643 829 3697 Codd.
857 3644 947 3714 inepte
974 3643 1076 3696 addunt
1102 3647 1146 3693 καὶ
1171 3640 1206 3694 τά
1224 3630 1401 3711 κατηγορή-

365 3746 473 3792 ματα,
492 3746 547 3796 quo
567 3728 676 3780 nomine
694 3729 778 3782 Stoici
796 3731 901 3783 Nomen
928 3741 954 3785 et
972 3731 1093 3783 Verbum
1112 3730 1263 3801 appeliant,
1292 3746 1351 3782 cum
1367 3741 1401 3775 rt·

347 3811 451 3889 ‘'liquas
476 3813 604 3866 orationis
630 3825 718 3884 partes
744 3813 999 3885 συγκατηγορὴματα
1024 3828 1126 3872 vocent.
1170 3817 1223 3870 Alli
1252 3815 1349 3869 babent
1369 3810 1402 3859 καὶ

364 3895 399 3948 ea*
417 3898 693 3966 κατορθώματαε
720 3921 788 3973 quae
807 3903 953 3974 appendix,
980 3905 1026 3958 etsi
1052 3923 1114 3958 cunr
1133 3903 1264 3957 sententia
1283 3893 1401 3970 congruit,

367 3995 392 4039 et
410 4003 425 4037 a
445 3984 578 4041 Cicerone
596 3987 727 4043 hocloco
747 4001 890 4057 tractatur,
909 4002 998 4045 tamen
1017 3991 1093 4045 initio
1112 3991 1247 4062 adscripta
1265 3990 1343 4043 fuisse
1358 4000 1402 4039 nott

364 4072 476 4140 videtur,
496 4075 568 4145 quod
583 4075 682 4149 alioqui
701 4079 834 4132 distinctio
853 4079 897 4131 illa
922 4083 970 4131 τοῦ
988 4075 1198 4149 κατορθώματος
1218 4083 1263 4129 καὶ
1279 4078 1327 4129 τοῦ
1344 4075 1401 4125 καθ·

362 4156 481 4228 pronos,
519 4163 552 4216 de
576 4184 629 4235 qua
655 4166 732 4220 tertio
756 4167 789 4220 de
812 4166 925 4220 Finibus
957 4178 983 4220 et
1010 4166 1097 4238 primo
1126 4166 1159 4219 de
1190 4164 1297 4219 Officiis
1320 4160 1400 4233 agiluf,

363 4261 512 4316 corrueret,
532 4250 636 4325 ipsique
656 4254 740 4308 Stoici
759 4273 849 4308 secum
870 4266 1030 4326 pugnarent.
1066 4254 1137 4322 Quia
1158 4265 1250 4308 tamen
1269 4247 1401 4306 Lambinus

361 4333 399 4386 sic
414 4335 511 4404 edidit,
535 4341 645 4395 reiicere
663 4342 751 4396 nolui:
771 4342 926 4414 praesertim
946 4361 1008 4396 curn
1027 4361 1127 4395 novum
1139 4339 1335 4396 Ciceronianae
1344 4334 1414 4388 tw

363 4418 465 4476 dentiae
485 4446 539 4480 non
558 4429 598 4495 sit,
619 4429 682 4482 alias
694 4429 745 4482 alia
759 4429 847 4483 dicere
866 4439 911 4481 aut
930 4440 1001 4481 certe
1020 4428 1125 4483 alitem·
1144 4428 1176 4482 H.
1188 4426 1295 4479 Wolf.
1329 4420 1402 4475 Grtt‘
