3450 5342
342 690 414 767 122
672 712 844 759 raninaxt
870 709 1065 759 srarcaaun.

338 874 475 948 pristinam
495 871 636 926 lectionem
655 869 874 943 Quantulum,
901 869 973 940 quod
997 869 1062 924 iecit
1086 869 1148 923 item
1176 869 1227 923 Or.
1255 881 1317 943 post
1333 870 1390 924 Era.

338 963 420 1016 Goer.
440 972 466 1015 et
483 959 644 1014 Schiiteium.
680 957 794 1012 Confert
812 956 843 1012 B.
862 957 932 1029 Epp.
951 957 984 1011 ad
1000 958 1023 1009 F
1024 958 1159 1025 aminvl,
1177 962 1210 1012 4:
1230 960 1331 1030 Opinio
1348 962 1389 1012 lta-

337 1053 436 1102 minum
455 1049 646 1116 confirmatur,
664 1046 772 1098 etiamsi
788 1045 887 1097 inter
910 1062 1042 1099 causas
1069 1064 1203 1098 armorum
1227 1048 1388 1121 aliquan-

337 1151 407 1190 tum
426 1136 551 1198 intersit,
578 1145 668 1186 tamen
686 1134 780 1184 inter
800 1133 980 1184 victorias
1000 1152 1052 1185 nan
1072 1133 1220 1184 multum
1239 1134 1387 1205 interfutu-

336 1245 410 1278 rum:
429 1223 569 1294 additquer
589 1221 640 1287 „ln
658 1219 719 1272 ioco
739 1219 846 1273 tulerim
864 1218 1084 1289 aliquantulum:
1111 1231 1234 1273 nostrum
1261 1240 1325 1274 vero
1341 1221 1386 1274 Pa·

336 1311 454 1365 radoxon
473 1311 506 1363 ab
525 1309 599 1386 on'tni
618 1307 679 1361 ioco
697 1307 854 1372 abhorrens,
874 1325 916 1358 res
934 1306 1095 1378 requirebat,
1115 1326 1183 1379 quae
1203 1327 1269 1361 cunr
1288 1320 1384 1372 natura,

337 1411 394 1454 tum
413 1398 553 1471 hominum
567 1396 667 1449 iudicio
687 1414 767 1466 quarn
784 1394 938 1465 longissime
956 1395 1027 1448 inter
1039 1415 1067 1449 se
1079 1396 1215 1449 distarent.
1255 1397 1385 1470 Aliquan-

336 1498 394 1539 tum
413 1480 558 1557 respondet
575 1483 696 1556 sequenti
715 1481 789 1547 nihil,
808 1492 837 1536 ut
856 1482 889 1534 de
907 1481 987 1535 Finn.
998 1482 1043 1548 lV,
1055 1487 1098 1538 21.
1116 1483 1143 1536 in
1162 1483 1259 1536 eodem
1273 1482 1384 1555 exemplo

337 1575 476 1630 scribitur:
495 1573 576 1625 Etsi
595 1572 623 1623 in
641 1572 702 1641 ipsa
718 1569 914 1642 gubernatione
938 1571 1104 1642 negligentia
1127 1581 1169 1623 est
1187 1571 1270 1623 navis
1291 1590 1384 1635 everso,

337 1663 450 1714 maius
476 1670 518 1713 est
542 1669 683 1729 peccatum
713 1660 741 1710 in
760 1676 843 1724 auro,
877 1676 958 1731 quarn
984 1659 1013 1709 in
1038 1658 1128 1727 palea.
1165 1657 1207 1710 De
1227 1659 1339 1712 navibus
1355 1659 1383 1711 ab

337 1750 400 1821 ipsis
417 1749 505 1814 rebus,
526 1767 591 1820 quas
610 1746 739 1801 vehebant
752 1746 908 1811 nominatis,
932 1746 982 1800 rid.
1000 1746 1033 1798 Α.
1052 1745 1193 1800 Senftlebii
1212 1746 1290 1819 Argo
1309 1745 1384 1816 (lips

337 1841 418 1893 1642.
436 1836 476 1906 8.)
496 1856 523 1907 p.
541 1838 669 1889 tit-85.
689 1835 735 1888 ubi
754 1833 867 1889 denari
886 1834 1001 1905 palearia
1021 1853 1046 1904 p.
1066 1837 1109 1887 84.
1146 1834 1206 1886 Mr.

408 1925 436 1976 in
453 1923 642 1995 gubernatoris
660 1922 770 1974 inscitia
783 1921 854 1975 niliil
870 1922 994 1988 interest]
1014 1922 1155 1987 „Inscitia,
1174 1921 1269 1975 decern
1283 1932 1385 1993 septem.

337 2012 415 2065 Unus
433 2012 518 2063 inscia
525 2030 535 2070 ‚·
554 2008 710 2062 Lambinus:
729 2008 901 2061 inscientia.“
921 2007 993 2065 ΑΜ.
1012 2007 1042 2060 M
1049 2018 1141 2062 aaut.

410 2100 439 2152 r'n
456 2097 646 2170 gubernatoris
664 2097 818 2165 inscientia]
862 2096 943 2164 „Noa
964 2097 1055 2151 debuit
1084 2115 1127 2148 nte
1152 2096 1254 2149 morari
1281 2097 1315 2150 ab
1342 2096 1386 2148 boc

339 2186 502 2241 restituendo
521 2185 635 2238 aliorum
654 2184 778 2250 tarditas,
807 2203 891 2255 quum
911 2184 1075 2237 adverterem
1094 2185 1133 2238 sic
1150 2183 1265 2239 edidisse
1282 2183 1384 2236 Lambi-

339 2293 420 2340 num,
450 2283 475 2326 et
494 2291 578 2345 quum
597 2269 676 2323 huius
700 2281 853 2325 contextum
871 2270 1023 2326 adhibuerit
1047 2282 1122 2343 pater
1147 2270 1177 2326 in
1203 2271 1385 2344 comparandis

338 2362 502 2415 membranis
518 2359 638 2431 nihilque
656 2357 689 2411 ad
716 2357 786 2412 hanc
810 2377 903 2412 rocem
928 2370 1085 2413 annotatum
1112 2361 1158 2427 sit,
1185 2358 1341 2431 colligerem
1359 2359 1384 2411 in

338 2447 389 2500 illis
406 2448 527 2502 similiter
551 2447 650 2501 lectum
669 2445 761 2513 fuisse,
788 2465 872 2517 quum
898 2444 996 2518 vulgati
1021 2447 1139 2502 inscitia.
1185 2446 1277 2503 Etiam
1304 2466 1383 2501 mern·

339 2536 438 2589 branae
456 2536 535 2605 lapsa
553 2546 593 2587 est
611 2534 698 2604 ipsius
711 2534 821 2590 libida.“
839 2534 989 2588 Gronov.
1034 2538 1064 2589 ln
1076 2534 1148 2588 Gud.
1159 2534 1190 2589 B.
1206 2534 1304 2590 desunt
1312 2535 1382 2586 rerha

337 2622 514 2693 gubernator,
533 2641 569 2674 an
584 2623 698 2691 paleae,
717 2622 745 2673 in
764 2641 792 2673 re
810 2623 1027 2696 aliquantulum.
1055 2625 1095 2686 in,
1121 2622 1203 2678 oculu
1228 2624 1330 2678 scribae
1353 2622 1380 2675 ad

338 2708 497 2763 vocabulum
516 2711 658 2780 repetitum
677 2710 827 2764 aberrante.
873 2710 981 2764 Suerin.
1000 2711 1079 2764 habet
1101 2712 1293 2782 gubernatoris
1310 2711 1380 2763 insci-

339 2799 395 2861 tia,
413 2798 510 2852 omisso
528 2799 570 2861 in,
590 2809 619 2851 ut
639 2798 666 2850 in
684 2797 766 2852 Drsd.
786 2802 818 2862 1;
837 2798 918 2851 Drsd.
936 2803 961 2853 3.
982 2798 1061 2853 habet
1078 2801 1106 2850 in
1124 2801 1240 2851 scientia
1257 2800 1382 2873 guberna-

338 2885 419 2949 toris,
439 2888 496 2938 Cra.
515 2890 539 2936 2.
557 2886 586 2934 in
601 2885 744 2937 inscientia
760 2884 839 2955 gub..
858 2886 931 2939 Gud.
951 2888 984 2939 Α.
1004 2889 1032 2938 in
1050 2888 1159 2939 inscitia
1176 2886 1242 2958 gub.
1278 2886 1325 2943 En
1339 2907 1381 2941 au-

340 2983 393 3023 tem
411 2972 521 3048 inscitia
546 2973 573 3023 in
600 2969 666 3022 On.
684 2972 825 3038 omnibus,
859 2974 919 3025 Bas.
949 2974 1029 3027 Bern.
1052 2974 1142 3027 Guelf.
1165 2975 1260 3028 Duisb.
1288 2973 1344 3027 Cri.
1359 2977 1380 3026 1.

338 3056 418 3109 Drsd.
436 3062 462 3109 2.
478 3061 504 3111 4.
523 3061 548 3110 5.
568 3056 686 3128 itemque
707 3059 773 3112 Edd.
794 3079 850 3130 prc.
869 3060 918 3114 Ed.
947 3082 990 3134 ap.
1009 3063 1093 3116 Meus.
1121 3063 1194 3116 Crat.
1220 3064 1291 3117 Vict.
1319 3061 1382 3113 Man.

338 3141 430 3212 Magn.
447 3142 515 3196 llnb.
533 3142 636 3197 Gernb.
655 3143 742 3199 Nobb.
763 3160 789 3202 et
807 3160 866 3202 vett.
881 3151 977 3203 nostris
992 3152 1125 3216 omnibus,
1145 3152 1195 3204 nisi
1212 3154 1285 3223 quod
1300 3151 1381 3204 Lamb.

338 3228 434 3283 Calon.
453 3250 515 3284 cum
533 3231 573 3284 his
590 3230 676 3284 Gron.
702 3232 771 3286 Oliv.
789 3236 872 3288 Verb.
899 3236 964 3290 Ern.
989 3239 1131 3291 ediderunt
1154 3239 1307 3292 inscientia.
1345 3237 1380 3290 Ad

339 3318 523 3390 distinguenda
554 3319 619 3374 haec
645 3322 771 3375 vocabula
800 3323 904 3394 scripsit
935 3344 1073 3378 excursum
1099 3324 1291 3392 Gernhardus,
1317 3323 1381 3377 cuius

338 3425 440 3461 summa
459 3408 512 3464 huc
530 3409 613 3476 redit,
641 3422 670 3465 ut
689 3412 800 3463 inscitia
823 3413 855 3466 sit
875 3413 995 3467 delectus
1021 3425 1046 3467 et
1063 3413 1189 3466 scientiae
1208 3425 1234 3467 et
1253 3411 1379 3474 facultatis.

339 3495 377 3548 vel
395 3496 527 3569 imperitia
547 3518 609 3552 cum
629 3501 785 3555 temeritate.
823 3500 879 3554 lam
898 3522 960 3555 vero
979 3502 1030 3554 vid.
1044 3502 1141 3572 Reisig.
1154 3501 1262 3555 Vorles.
1281 3499 1379 3554 tibin.

337 3584 512 3657 Sprachwiss.
531 3609 558 3658 p.
576 3590 628 3641 117
647 3608 704 3660 sq,
732 3591 778 3660 qui
805 3592 956 3644 accuratius
981 3590 1120 3660 distinguit
1144 3590 1296 3652 inscitiam,
1322 3602 1378 3658 quae

339 3684 377 3726 est
395 3673 510 3726 hominis
527 3674 630 3740 insciti,
661 3675 694 3727 ab
711 3676 859 3744 inscientia,
882 3698 950 3751 quae
970 3690 1007 3731 est
1026 3678 1154 3739 hominis,
1174 3677 1220 3748 qui
1242 3675 1322 3730 nescit
1338 3670 1378 3726 ali-

338 3758 425 3828 quid.
450 3758 518 3812 Add.
533 3760 703 3815 Scbmalseld.
726 3763 782 3816 Lat.
800 3763 949 3836 Synaymilr
969 3767 1001 3820 N.
1021 3769 1081 3821 199.
1101 3765 1220 3819 Schultz.
1242 3767 1298 3820 Lat.
1316 3762 1376 3834 Syn-

339 3844 450 3916 onymilr
468 3846 501 3899 N.
521 3850 581 3901 1⁹8.
617 3849 674 3900 ΜΓ.

407 3939 501 4003 Lapsa
519 3944 561 3986 est
580 3934 661 3987 libido
678 3937 706 3988 in
717 3939 827 4012 muliere
839 3941 961 4014 ignotas]
982 3940 1046 4007 „Sic
1057 3940 1281 4013 quattuordecim.
1301 3937 1376 3990 Unus:

337 4021 417 4091 lapsa
434 4031 476 4072 est
489 4021 564 4074 eius
581 4022 671 4078 libido.
708 4025 798 4079 Unus:
816 4029 896 4098 lapsa
908 4040 949 4081 est
967 4032 977 4080 i
983 4030 994 4080 l
1000 4031 1011 4080 l
1016 4031 1070 4082 ias
1089 4030 1179 4084 libido.
1216 4029 1292 4082 Duo:
1311 4028 1376 4094 lapsa

337 4118 377 4160 est
397 4106 515 4177 ipsius
542 4108 651 4166 libido.“
669 4112 742 4166 Ald.
760 4113 845 4168 llllan.
892 4114 960 4168 cod.
988 4114 1039 4170 Oa.
1059 4136 1082 4171 σ.
1112 4117 1265 4185 interlapsa
1283 4124 1375 4173 eststt·

338 4194 416 4264 lapsa
433 4206 475 4246 est
493 4196 610 4265 ipsius
628 4198 674 4253 lib.
705 4204 764 4254 Cra.
783 4209 806 4256 2.
833 4205 861 4255 in
880 4205 974 4274 ignota
1005 4204 1122 4257 rnotiere.
1169 4202 1221 4256 Or.
1241 4224 1266 4272 η.
1286 4204 1375 4253 innota.

337 4279 520 4354 lnterponitur
545 4285 631 4354 ipsius
663 4288 741 4341 etiarn
764 4291 791 4342 in
829 4289 915 4343 Codd.
934 4289 1006 4343 Gud.
1025 4289 1054 4343 Β.
1080 4303 1106 4344 et
1133 4291 1242 4354 Duisb.,
1273 4300 1374 4361 quorutt¹

335 4370 470 4435 posterior
486 4371 597 4424 alteram
616 4375 694 4429 etiam
714 4377 792 4431 habet
810 4377 925 4448 glossam
951 4380 979 4429 in
1004 4379 1130 4450 aliqua
1153 4379 1261 4431 muliere
1284 4376 1374 4449 ignota

338 4449 391 4506 Sed
410 4475 466 4510 non
493 4458 522 4510 in
541 4457 627 4512 Codd.
654 4471 757 4516 tantum
789 4463 891 4535 glossae
920 4476 994 4532 sunt,
1028 4466 1072 4521 sed
1099 4465 1199 4520 babent
1226 4464 1302 4517 etiarn
1319 4451 1375 4512 ittul
