3450 5342
348 658 419 731 134
669 676 842 725 mutuom
871 672 1066 722 srotconutt.

342 845 457 911 potert.“
474 836 628 892 Lambin.
675 834 733 890 Nec
760 853 822 888 vero
849 833 886 887 ita
905 833 989 886 edidit
1012 831 1121 885 bamb:
1149 829 1195 883 aed
1220 827 1324 883 babent
1348 827 1394 879 bur

345 925 413 980 Cod.
431 925 491 978 Bas.
509 923 556 978 Ed.
578 943 634 994 pre.
652 921 723 977 Vict.
742 920 1057 994 Rob.Stepb.Came1-.,
1075 920 1154 991 eique
1171 917 1243 971 feret
1259 917 1395 986 (monente

344 1013 437 1084 Borg.)
458 1009 525 1064 Phil.
546 1011 566 1076 Ι,
586 1014 631 1065 15.
649 1012 715 1062 buc
733 1009 825 1081 riquid
842 1009 1005 1069 accesserim
1025 1007 1059 1060 de
1077 1006 1158 1060 Finn.
1169 1005 1215 1072 ΙΙΙ,
1234 1007 1287 1058 1⁰:
1306 1007 1392 1075 Quor·

345 1113 507 1175 tumeunque
524 1118 561 1154 eo
578 1102 623 1151 ad
629 1100 648 1150 d
653 1100 784 1160 idme,-
805 1098 880 1152 Brut.
899 1102 944 1154 43.
962 1107 996 1148 ut
1013 1116 1050 1148 eo
1068 1096 1138 1149 nibil
1148 1094 1239 1165 serene
1258 1093 1395 1166 quiequam

345 1189 473 1240 addere
487 1188 592 1257 poeait;
620 1186 748 1252 phitxt,
767 1191 798 1240 (iz
825 1207 891 1258 quo
916 1205 977 1238 cum
994 1185 1079 1236 addi
1104 1182 1175 1235 nibil
1197 1192 1301 1252 poscet.
1348 1177 1394 1232 Sed

345 1288 417 1331 recte
434 1276 505 1329 idem
522 1286 614 1328 monet
633 1275 768 1346 vulgatum
779 1275 870 1340 (bute)
890 1292 947 1328 non
963 1290 1019 1326 csse
1037 1270 1223 1333 reiiciendum,
1244 1287 1301 1321 non
1321 1266 1394 1319 modo

347 1364 408 1436 quia
428 1356 467 1416 eit
485 1361 561 1416 Orat.
581 1381 605 1415 c.
623 1365 647 1427 1,
667 1366 699 1417 3:
726 1361 806 1432 quale
833 1361 900 1412 mibi
917 1361 1044 1413 videatur
1061 1358 1144 1422 illud,
1162 1357 1218 1409 cui
1244 1355 1303 1424 [ubi
1329 1354 1393 1419 item,

346 1451 391 1505 sed
411 1450 489 1516 maie,
510 1449 733 1503 Codd.nonnuili
745 1448 843 1502 babent
862 1451 926 1520 quo]
947 1448 1016 1501 nibil
1033 1447 1115 1498 addi
1131 1445 1236 1514 poesim
1256 1443 1290 1497 ad
1299 1443 1394 1497 Famm.

347 1538 392 1606 ΙΙΙ,
411 1542 460 1594 13:
482 1539 546 1590 Cui
563 1539 633 1590 nitet
651 1538 794 1591 videbatur
812 1536 881 1587 add
888 1537 898 1588 i
913 1555 1012 1606 poree:
1038 1534 1084 1589 aed
1103 1534 1198 1600 etiarn,
1226 1532 1291 1605 quia
1309 1541 1392 1584 nostro

346 1626 406 1680 loco
425 1626 487 1677 boio
507 1635 560 1679 tam
580 1626 612 1679 ad
634 1625 699 1677 addi
717 1643 798 1696 quam
818 1623 850 1676 ad
870 1624 939 1674 demi
964 1622 1059 1676 referri
1080 1621 1174 1694 possit.
1220 1618 1347 1674 Ceterum
1369 1618 1391 1669 in

347 1711 414 1766 Cod.
432 1712 526 1766 Duisb.
543 1732 593 1784 pro
612 1713 675 1764 huic
693 1723 730 1765 est
748 1712 807 1767 tic.
831 1710 858 1762 in
878 1709 929 1762 Ox.
944 1732 970 1779 η.
989 1711 1102 1782 denique
1121 1728 1201 1779 prava
1223 1707 1392 1762 correctione.

346 1797 438 1851 Unum
458 1799 543 1867 addo,
565 1800 693 1854 nimirum
714 1798 876 1870 compendia
894 1818 1004 1852 casuum
1024 1796 1193 1869 pronominis
1210 1798 1255 1848 bic
1273 1798 1308 1851 ita
1322 1795 1391 1850 scribi

347 1884 374 1938 in
393 1885 474 1938 medii
493 1886 548 1940 aevi
568 1886 705 1941 codicibus
724 1896 752 1939 ut
770 1905 816 1938 eae
831 1886 936 1939 formae
955 1883 1032 1938 facile
1050 1884 1121 1937 inter
1137 1902 1166 1936 ee
1178 1884 1326 1955 permutari
1338 1901 1393 1954 pos-

347 1973 406 2027 sint.
443 1973 505 2027 Vid.
525 1975 644 2045 Baringii
670 1973 742 2029 Clav.
763 1973 882 2044 Dipbom.
902 1974 944 2043 (in
970 1971 1144 2044 Compendiis
1160 1970 1297 2024 scribendi
1322 1969 1391 2023 medii

347 2061 418 2128 aeri,
436 2062 504 2115 Tab.
524 2067 549 2117 5.
575 2073 601 2116 et
619 2063 668 2130 6.).
696 2061 759 2114 Mor
784 2060 856 2114 Gud.
875 2061 907 2114 b.
926 2062 1031 2115 inrerao
1057 2060 1153 2114 ordine
1178 2058 1258 2113 babet
1283 2061 1392 2111 virtue

348 2148 514 2217 mogiseit.
551 2149 609 2201 Mr.

420 2235 498 2284 Nibil
515 2235 597 2292 demi,
616 2246 648 2286 ut
666 2235 779 2288 virtutia
797 2254 890 2287 rrorrren
908 2235 1100 2307 relinquntur]
1119 2237 1187 2299 „i.e.
1206 2236 1240 2288 de
1258 2235 1308 2290 bac
1326 2236 1394 2306 [per-

349 2324 428 2391 fecta]
449 2323 542 2377 virtute
562 2323 627 2377 nibil
644 2323 746 2378 detrahi
765 2336 852 2396 potest
869 2325 921 2388 ita,
938 2336 969 2378 ut
985 2324 1073 2379 adbuc
1092 2326 1173 2378 virtus
1192 2325 1327 2379 nominari
1339 2343 1393 2396 pos·

348 2411 394 2465 siti
412 2411 480 2478 sive,
509 2412 618 2465 minima
638 2413 694 2465 eius
713 2423 788 2483 parte
806 2413 924 2465 detracta
947 2412 1029 2464 virtue
1056 2411 1172 2484 amplius
1196 2411 1327 2484 appellari
1350 2428 1393 2463 ne-

350 2499 435 2570 quit.“
454 2503 630 2573 Wyttenb.
667 2499 736 2552 Cod.
754 2500 835 2553 Dred.
852 2503 878 2554 5.
897 2499 976 2552 babet
994 2500 1065 2551 nibil
1089 2499 1239 2570 deniqne
1263 2498 1321 2551 ubi
1345 2497 1393 2551 vir·

349 2588 420 2640 tutis
436 2608 529 2641 nomen
546 2589 756 2660 relinquitur:
783 2586 921 2639 erroribus
944 2585 1100 2651 cumulatim
1125 2589 1230 2642 crudi
1256 2588 1326 2641 nibil
1347 2586 1392 2637 de·

349 2676 451 2748 nique
465 2676 558 2739 demi5¹
569 2677 650 2730 Dred.
658 2680 685 2731 4.
700 2695 792 2728 nomen
807 2676 935 2744 virtutis3
952 2675 1031 2729 Dred.
1043 2678 1069 2730 3.
1089 2676 1193 2748 relinqu
1201 2686 1307 2731 antur.
1323 2673 1378 2728 Mr.

417 2765 525 2816 Etenim
543 2766 567 2816 er'
585 2764 647 2816 bene
659 2765 744 2835 facto
763 2775 833 2817 recte
846 2765 933 2835 facta
950 2766 1044 2832 eunt‚]
1069 2763 1187 2830 „illustri
1206 2763 1329 2836 exemplo
1346 2761 1392 2814 vir·

350 2852 411 2906 tutis
428 2853 515 2906 ideam
535 2852 660 2906 declarat.
696 2852 765 2905 Nam
784 2852 916 2906 rectitudo
932 2851 1041 2924 quidem
1060 2852 1145 2905 lineae
1163 2852 1203 2905 vel
1214 2852 1325 2905 minima
1339 2869 1391 2923 pra·

349 2939 425 2993 vitate
444 2939 635 3009 corrumpitur.
672 2939 725 2992 Sed
744 2939 843 2992 sieilia
863 2940 1096 3011 praenotarunt,
1122 2951 1151 2993 ut
1174 2941 1226 2994 alia
1256 2941 1326 2995 linea
1343 2958 1392 2992 ma-

349 3027 389 3096 gis
405 3037 451 3079 aut
469 3026 558 3078 minus
576 3044 656 3079 curva
675 3038 729 3092 est,
758 3027 793 3078 ita
813 3025 893 3078 etiam
915 3039 1054 3098 peccatum
1073 3027 1145 3081 aliud
1165 3028 1219 3081 abio
1237 3029 1323 3100 magis
1338 3045 1390 3099 pra-

349 3131 420 3165 vum.
457 3111 549 3166 Utitur
572 3124 660 3167 autem
686 3113 774 3168 Sorite
793 3113 902 3182 Stoico,
931 3116 959 3168 in
978 3135 1034 3188 quo
1052 3116 1102 3169 abia
1121 3117 1252 3170 sententia
1272 3117 1305 3170 ad
1323 3115 1390 3168 aliam

349 3197 517 3270 probandam
535 3199 677 3254 adhibetur
693 3211 720 3254 et
738 3202 819 3256 virtue
836 3214 918 3276 atque
937 3204 1027 3257 vitium
1048 3204 1125 3271 sonti,
1143 3214 1215 3258 recte
1226 3205 1298 3258 sacta
1312 3215 1390 3257 autem

349 3297 374 3338 et
400 3298 506 3356 peccata
534 3288 619 3342 rivulo
651 3303 858 3362 comparantur,
893 3292 956 3345 inde
984 3291 1156 3364 profluenti.“
1182 3292 1216 3347 Η.
1242 3292 1345 3346 Wott
1361 3320 1388 3329 -

350 3370 418 3427 cod.
433 3374 513 3430 Dred.
532 3380 558 3430 t.
578 3378 713 3429 sirecte
731 3378 811 3447 facta
829 3379 910 3432 bene
922 3381 1097 3452 factasunt.
1134 3381 1224 3434 Verba
1238 3392 1308 3433 recte
1315 3383 1389 3453 fucta

349 3463 444 3516 omina
463 3464 569 3518 suntin
589 3464 657 3518 Cod.
682 3465 754 3521 Gud.
773 3469 807 3523 Α.
843 3469 873 3521 in
893 3467 944 3521 Ox.
964 3469 983 3521 Ι.
1001 3486 1031 3530 ψ.
1057 3468 1128 3522 Gud.
1146 3470 1176 3521 Β.
1201 3481 1239 3524 eet
1265 3472 1320 3522 ein!
1348 3485 1389 3537 pro

348 3563 423 3608 eunt.
458 3552 551 3623 Pergit
568 3553 648 3607 Drad.
668 3560 693 3608 5.
717 3566 744 3605 et
769 3556 839 3607 nibil
861 3567 934 3609 recto
959 3559 1060 3609 rectius
1083 3567 1147 3610 eet.
1192 3555 1311 3611 Additur
1335 3551 1388 3607 ittut

348 3649 389 3689 err
409 3639 488 3692 etiam
507 3639 535 3692 in
550 3639 636 3694 Codd.
655 3640 715 3697 Crr.
725 3646 751 3696 1.
772 3643 851 3695 Drsd.
863 3648 889 3697 1.
927 3647 1027 3699 Vocem
1046 3656 1073 3697 et
1092 3657 1152 3701 ante
1172 3646 1243 3696 nibil
1260 3645 1389 3716 (scripturn

349 3737 387 3778 eet
405 3725 501 3792 nichil)
519 3727 616 3780 omittit
634 3726 702 3781 cod.
722 3729 794 3783 Gud.
813 3730 847 3783 Α.
866 3743 891 3786 et
908 3733 956 3784 Ed.
975 3753 1019 3804 ap.
1039 3734 1125 3787 Meus.
1162 3733 1222 3787 Mr.

419 3811 489 3862 nibil
507 3822 579 3863 recto
596 3815 725 3883 tertium]
752 3815 854 3881 „Stoici
881 3820 1052 3875 confundunt
1077 3832 1179 3874 rectum
1214 3820 1388 3893 geometricum

348 3919 411 3954 cum
429 3908 503 3953 recto
522 3900 626 3954 morati.
674 3900 778 3958 Omnes
796 3904 882 3961 lineae
901 3918 989 3962 rectae
1015 3930 1101 3983 aeque
1127 3921 1189 3964 sunt
1215 3922 1316 3964 rectaez
1343 3924 1388 3960 non

347 3987 408 4043 ideo
427 4007 522 4041 omnes
540 4007 636 4042 curvae
654 4009 739 4066 aeque
758 4014 862 4050 curvae.
909 3999 1021 4053 Rectum
1040 3999 1233 4070 geometricum
1253 4010 1293 4053 eet
1308 3999 1335 4050 in
1352 4014 1388 4048 su·

348 4076 490 4149 perlatiro,
510 4077 619 4149 eiusque
638 4079 757 4137 definitio
775 4087 964 4157 superlativum
984 4088 1117 4141 continet:
1145 4098 1217 4141 recta
1237 4087 1309 4139 enim
1332 4081 1388 4136 dici·

347 4176 391 4220 tur
408 4167 477 4220 linea
497 4185 543 4232 ea,
563 4184 632 4238 quae
651 4169 802 4227 brevissima
822 4187 860 4229 est
879 4175 1022 4229 interduo
1042 4188 1151 4246 puncta.
1198 4175 1232 4229 Et
1251 4185 1325 4228 recto
1342 4186 1386 4222 nou

347 4255 495 4325 opponitur
512 4254 632 4308 universe
651 4277 780 4327 curvum,
800 4263 845 4315 sed
866 4263 1059 4317 currimimum.
1108 4264 1143 4317 Αι
1163 4264 1271 4316 veroin
1291 4257 1387 4313 morabi-

346 4336 397 4393 btu
413 4341 520 4394 nonnisi
540 4341 605 4397 deus
622 4344 649 4397 in
669 4348 829 4419 superlativo
848 4363 998 4420 spectatur:
1031 4352 1089 4405 Deo
1115 4353 1189 4405 enim
1220 4351 1314 4404 melius
1336 4365 1386 4419 per-

386 4424 493 4498 :tuique
513 4430 624 4500 cogitari
644 4433 708 4487 nibil
736 4448 830 4508 potest.
882 4437 1046 4506 Hominum,
1078 4440 1140 4512 quia
1168 4461 1222 4494 non
1252 4451 1312 4494 runt
1336 4453 1386 4508 per·
