3450 5342
671 691 867 738 ranaooxun
895 693 938 739 vr.
967 692 1037 740 car.
1056 693 1092 739 n.
1329 674 1404 749 293

350 846 405 897 Pro
427 848 582 914 provincias
600 850 667 902 Cod.
686 848 757 902 Gud.
778 851 810 902 A.
830 849 909 902 habet
924 850 1069 918 provintiis
1088 847 1151 918 (sic)
1167 856 1305 920 pecunias.
1337 859 1403 914 Cod.

351 934 429 987 Suer.
450 935 547 989 omittit
565 956 624 1008 que.
661 937 720 990 ΜΓ.

423 1024 649 1094 defoenerendas]
669 1025 781 1077 foenore
801 1025 1002 1095 demergendas.
1050 1025 1134 1078 Nemo
1155 1046 1183 1076 ex
1204 1026 1303 1079 Latinis
1328 1049 1405 1099 prae-

351 1121 391 1162 ter
409 1110 553 1181 Apuleium
572 1111 669 1165 imitari
689 1113 799 1165 verbum
819 1112 871 1167 hoc
892 1133 971 1167 ausus
996 1125 1043 1167 est.
1080 1112 1133 1167 Sed
1154 1114 1229 1167 locus
1259 1134 1313 1168 non
1333 1130 1406 1171 caret

350 1199 440 1251 mendi
459 1201 617 1271 suspicione.
653 1201 675 1253 F
683 1221 753 1256 acc.

421 1289 459 1337 nd
471 1289 651 1359 fenerandas]
671 1291 721 1357 „ln
740 1291 876 1363 prioribus
893 1289 974 1344 Editt.
986 1290 1084 1361 legitur
1103 1292 1311 1362 desenerandas‚
1331 1296 1404 1365 quod

349 1376 433 1445 magis
452 1376 575 1430 convenit
593 1395 655 1431 cum
675 1379 806 1432 sententia
828 1376 983 1443 Ciceronis,
1003 1379 1020 1430 i.
1038 1399 1062 1430 e.
1091 1377 1207 1450 aliquem
1233 1380 1327 1433 fenore
1348 1383 1403 1435 esi-

349 1463 437 1533 gendo
457 1484 561 1533 vexare,
581 1464 729 1522 exhaurire.
763 1464 861 1519 Semel*
873 1465 917 1519 bic
935 1465 1037 1519 dictum
1057 1465 1214 1520 aCicerone
1233 1469 1401 1536 defeneruri:

349 1550 411 1604 hinc
427 1564 516 1607 tamen
535 1554 607 1607 duxit
626 1552 777 1624 Appuleius
795 1552 823 1604 in
843 1552 976 1623 Apologia
996 1554 1035 1624 [p.
1058 1557 1119 1618 322,
1141 1557 1206 1622 21.].
1251 1554 1403 1609 Utebantur

348 1651 435 1692 autem
455 1641 488 1694 ad
505 1640 557 1694 hoc
574 1642 628 1694 suis
646 1641 755 1704 libertis,
774 1640 820 1711 qui
840 1641 1020 1693 commendati
1041 1651 1117 1693 erant
1130 1642 1326 1711 magistratibus
1345 1643 1401 1695 Ro·
1495 1714 1499 1719 Ι

348 1728 434 1789 manis
451 1729 478 1780 iu
498 1728 649 1799 provinciis,
668 1728 740 1799 apud
760 1747 827 1798 quas
846 1728 917 1781 banc
934 1730 1075 1799 pecuniam
1090 1729 1228 1781 inferiore
1249 1740 1401 1799 posuerant.

347 1815 433 1868 hlulta
453 1815 509 1868 eius
525 1815 563 1866 rei
583 1816 702 1887 exempla
721 1827 783 1869 sunt
801 1815 874 1886 apud
893 1814 1052 1878 Ciceronem
1082 1816 1108 1868 in
1130 1815 1254 1885 Epistolls
1276 1827 1302 1869 et
1326 1815 1401 1869 Ora·
1443 1858 1447 1863 .
1478 1824 1481 1829 '

347 1904 473 1958 tionibus.
517 1903 589 1955 ldem
615 1904 694 1957 etiam
723 1914 761 1956 est
786 1914 976 1974 argumentum
995 1903 1131 1957 Plutarchi
1155 1903 1183 1956 in
1209 1903 1279 1955 libro
1304 1902 1337 1955 de
1362 1900 1402 1955 ri-

345 1991 429 2044 tando
447 2010 509 2044 aere
527 1991 643 2046 alieno.“
670 1992 851 2062 Wytteub.
898 1991 967 2045 Satis
991 1992 1156 2063 significatur
1179 1992 1260 2043 verbo
1285 1990 1400 2062 simplici

340 2080 524 2150 fenerandes,
550 2080 623 2150 quod
651 2080 704 2132 vult
728 2079 844 2146 Cicero,
873 2099 936 2134 cum
962 2081 1081 2133 additum
1109 2081 1140 2132 sit
1167 2079 1398 2149 diripiendasque:

347 2186 431 2240 quare
450 2187 505 2220 non
525 2169 702 2220 necessarium
732 2168 835 2222 videtur
861 2168 995 2222 vindicare
1011 2165 1137 2222 Ciceroni
1166 2167 1291 2231 verbum,
1323 2165 1399 2218 cuius

346 2256 400 2308 duo
419 2257 595 2322 substantiva,
622 2256 791 2325 defeneratio
817 2265 843 2308 et
862 2255 1049 2326 defenerator,
1078 2274 1157 2307 nemo
1186 2254 1264 2311 habet
1292 2262 1399 2323 praeter

346 2344 542 2415 Augustinum,
570 2343 745 2415 Participium
772 2354 860 2396 autem
882 2343 1057 2414 desereretne
1083 2362 1145 2396 cum
1166 2340 1299 2413 Appuleio
1324 2340 1397 2393 solus

346 2431 425 2485 babet
441 2431 588 2486 Scholiasta
608 2432 801 2486 Ambrosianus
825 2431 857 2483 ad
880 2431 1014 2501 Fragmm.
1035 2430 1091 2484 Cic.
1120 2431 1146 2482 in
1166 2430 1197 2481 P.
1218 2429 1342 2481 Clodium
1370 2441 1396 2482 et

345 2519 492 2572 Curionem
519 2539 543 2589 p.
562 2523 605 2572 92.
631 2520 673 2572 ed.
697 2514 784 2572 Beier.
813 2538 838 2589 p.
855 2522 918 2573 332.
949 2518 997 2570 Ed.
1022 2516 1118 2570 Orellii
1146 2528 1172 2569 ct
1200 2516 1306 2568 Baiteri.
1336 2514 1393 2568 Mr.

343 2609 494 2674 „Fenernri
509 2608 674 2676 provinciam
693 2627 761 2660 nove
779 2608 881 2660 dictum
901 2617 952 2672 est,
981 2606 1101 2676 quamvis
1114 2604 1239 2675 fenerari
1258 2604 1397 2670 pecuniam

344 2705 371 2747 et
391 2693 547 2762 beneficium
571 2694 634 2747 alibi
659 2694 729 2748 dicat
746 2693 856 2748 Cicero:
887 2705 915 2747 ut
940 2694 1000 2747 Act.
1025 2695 1052 2746 iu
1083 2694 1159 2747 Verr.
1180 2691 1221 2759 [ll.
1240 2691 1269 2742 l..
1289 2689 1321 2756 ll,
1340 2689 1394 2755 m]

342 2782 418 2833 Idem
432 2789 575 2849 praeterea
590 2783 763 2850 pecunias
784 2782 866 2834 istius
883 2783 1116 2834 extraordinarios
1137 2781 1254 2852 grandes
1280 2797 1329 2830 ano
1347 2796 1396 2828 nu-

342 2868 691 2940 mine·fenerebatur,·
712 2871 784 2923 etin
804 2869 874 2922 libro
892 2870 926 2922 de
946 2864 1030 2924 Amic.
1050 2869 1099 2937 [9.]
1147 2871 1239 2940 Neque
1257 2866 1326 2918 enim
1346 2865 1396 2915 he-

340 2976 380 3009 ne
382 2957 419 3026 fi
426 2957 513 3008 cium
524 2957 744 3028 feneramur,
762 2959 811 3010 sed
827 2968 931 3010 natura
948 2960 1073 3028 propensi
1091 2959 1130 3008 ad
1141 2956 1332 3008 liberalitatem
1348 2972 1395 3006 sn·

341 3049 427 3098 mus.“
463 3043 643 3116 Frc.Sylv.

413 3132 460 3203 qni
478 3132 646 3199 expulsiones
665 3133 837 3202 vicinorum]
878 3137 931 3185 Vox
961 3133 1007 3204 qui
1033 3133 1105 3184 abest
1131 3152 1144 3184 a
1173 3122 1248 3184 eod.
1267 3130 1347 3182 Drsd.
1366 3133 1391 3182 4.

341 3220 371 3273 ln
391 3219 463 3273 Gud.
484 3220 516 3271 A.
536 3218 634 3289 legitur
652 3221 788 3277 vitiorum.
825 3221 940 3292 Egregie
961 3221 1068 3275 scilicet.
1114 3221 1155 3272 Ad
1183 3220 1261 3272 rerba
1287 3219 1394 3272 conl'ert

338 3308 420 3377 Borg.
439 3305 497 3359 Cic.
516 3305 632 3376 Philipp.
650 3307 719 3373 XlV,
739 3311 772 3362 32
791 3318 843 3359 aut
861 3308 972 3359 eiiciunt
994 3309 1103 3360 vicinos.
1123 3336 1156 3345 -
1193 3307 1239 3369 „ln
1259 3307 1328 3377 agris
1344 3305 1392 3356 lie·

337 3399 405 3450 hant
423 3393 590 3465 expulsiones
608 3395 756 3447 vicinorum
776 3396 792 3447 i.
806 3414 829 3450 e.
849 3413 864 3447 a
884 3394 976 3447 ricinis
991 3413 1070 3464 agros
1085 3395 1223 3464 exigebant
1241 3412 1322 3463 parvo
1341 3393 1391 3443 ob·

335 3484 392 3537 lato
413 3479 514 3552 pretio,
533 3480 605 3551 quod
626 3482 643 3533 ii
662 3483 683 3534 si
701 3482 805 3536 nollent
829 3483 966 3553 accipere,
996 3500 1042 3534 eos
1067 3501 1115 3552 per
1143 3483 1193 3534 rim
1219 3479 1392 3551 expellebant.

335 3571 499 3625 Latrocinia
517 3581 605 3622 autem
625 3571 654 3622 in
672 3572 748 3642 agris
768 3571 917 3636 faciebant,
937 3590 999 3624 cum
1019 3569 1141 3623 bomines
1157 3568 1255 3620 liberos
1281 3567 1331 3619 iter
1348 3566 1390 3617 la-

336 3663 437 3715 cientes
464 3677 512 3730 per
537 3659 585 3711 bos
610 3677 690 3729 agros
722 3659 876 3730 exciperent
911 3669 936 3711 et
971 3658 999 3710 in
1029 3657 1178 3710 servitutem
1210 3655 1390 3725 redigerent.“

335 3750 444 3819 wyn.
482 3747 696 3815 „Expulsiones,
722 3766 760 3800 sc·
786 3768 814 3799 ex
834 3747 917 3818 agris,
946 3766 1012 3818 quos
1037 3757 1203 3816 occuparant
1226 3743 1389 3816 potentiores

336 3846 362 3888 et
382 3834 565 3905 opulentiores
583 3845 629 3886 aut
648 3833 670 3886 ei
689 3846 715 3888 et
731 3834 927 3888 calumniarum
946 3846 1032 3898 metu,
1061 3843 1106 3886 ant
1124 3833 1210 3905 pretio
1236 3851 1291 3885 non
1310 3832 1386 3894 iusto,

334 3933 381 3976 aut
402 3923 574 3993 usurpatione
592 3933 619 3975 et
636 3921 718 3975 furto.
764 3923 834 3977 llinc
860 3922 904 3975 illa
931 3922 1069 3976 latifundia
1094 3920 1279 3973 Romanorum
1311 3917 1390 3969 nobi-

334 4013 417 4077 lium,
436 4009 469 4062 de
487 4010 584 4080 quibus
602 4009 684 4063 multa
704 4011 839 4064 multisin
865 4011 930 4065 locis
948 4011 1019 4082 apud
1039 4008 1221 4063 Plutarchum.
1269 4003 1334 4056 lnde
1365 4014 1391 4054 et

335 4098 410 4163 Ι·“Ιον.Ι
427 4095 471 4160 lll,
492 4099 534 4151 14.
560 4097 594 4149 de
612 4096 750 4151 Graccho:
778 4098 917 4167 depulsam
942 4099 1017 4169 agris
1040 4099 1098 4150 suis
1121 4094 1222 4165 plebem
1244 4093 1388 4168 miseratus

320 4188 402 4238 'est.“
425 4185 544 4237 G'raer.
591 4184 673 4239 Addit
690 4185 792 4238 Gernb.
813 4183 870 4238 Cic.
898 4205 948 4256 pro
973 4185 1068 4243 Milon.
1087 4189 1132 4249 ll,
1150 4188 1193 4236 74.
1215 4179 1259 4232 ubi
1279 4175 1389 4229 Clodius

333 4274 431 4329 dicitur
451 4274 581 4344 pepulisse
598 4275 653 4326 suis
671 4273 879 4344 possessionibus
903 4275 939 4342 Q.
961 4273 1089 4338 Varium,
1115 4272 1147 4324 T.
1168 4268 1329 4328 Pacuvium.
1354 4265 1387 4316 T·

333 4365 354 4416 F
356 4364 508 4428 urlanium,
528 4363 648 4434 Appium
666 4363 784 4415 fratrem.
823 4361 881 4414 Mr.

401 4452 556 4519 latrocinia]
587 4448 752 4521 „Rapti'per
768 4469 846 4521 agros
874 4452 998 4515 viatores,
1029 4460 1058 4501 ut
1085 4459 1122 4502 est
1149 4450 1174 4500 in
1202 4443 1330 4500 Suetonio
1353 4442 1385 4495 de
