3450 5342
609 681 806 731 rsasuoxor
826 683 860 739 v.
885 682 955 729 car.
974 683 1009 729 u.
1263 660 1337 736 239

284 845 357 896 tutis
371 843 457 895 locum
474 852 580 908 tenent,
608 843 665 895 Cra.
683 845 708 897 3.
728 840 869 894 servitutis
888 850 980 892 tenent
1000 838 1108 910 locum„
1119 840 1192 895 Gud.
1204 844 1235 895 A.
1251 843 1338 897 locum

260 944 263 949 '
285 941 378 991 tenent
396 930 545 982 servitutis.
582 929 663 981 Vides
681 928 803 982 homines
821 926 1029 995 Grammaticos,
1049 928 1147 998 quibus
1166 929 1274 1000 simplex
1295 952 1341 985 vo-

285 1017 444 1071 cabulorum
470 1017 537 1069 ordo
563 1015 728 1086 displicerem
759 1035 841 1087 quare
867 1017 900 1069 ad
925 1034 1002 1067 suum
1030 1016 1144 1086 quisque
1169 1027 1276 1086 captum
1302 1021 1340 1072 vel

286 1104 435 1175 elegantiae
454 1123 562 1158 sensum
582 1115 756 1185 correxerunt
776 1102 947 1158 Ciceronem.
982 1103 1040 1156 ΜΓ.

356 1213 503 1282 spargunt]
522 1210 616 1277 „servi
630 1229 747 1282 quorum
760 1229 859 1263 munus
869 1223 907 1264 est
920 1210 948 1263 in
962 1227 1061 1280 magno
1069 1220 1143 1263 aestu
1157 1208 1341 1263 viridariorum

285 1298 338 1351 vias
356 1301 563 1370 conspergere.⁴‘
600 1297 696 1353 Facc.

356 1403 401 1455 Sic
420 1405 594 1469 incivitate,
613 1406 705 1476 quise
724 1434 758 1444 -
778 1404 937 1457 dediderunt
946 1405 965 1473 ‚]
985 1403 1051 1458 Cod.
1071 1404 1142 1458 Gud.
1163 1405 1194 1458 A.
1214 1405 1265 1457 sic
1283 1404 1343 1477 qui

284 1491 313 1542 in
332 1491 451 1547 civitate.
496 1489 564 1546 Cod.
586 1492 668 1546 Drsd.
692 1495 717 1546 b.
739 1510 768 1543 se
790 1492 824 1542 in
842 1492 967 1544 istarum.
986 1521 1021 1531 -—
1064 1493 1265 1558 ‚‚Dediderunt‚
1292 1511 1342 1546 sex.

283 1579 424 1631 Dederunt
443 1591 578 1653 quattuor.
614 1580 729 1643 Dedere,
756 1597 834 1632 unus.
883 1579 1074 1644 crediderunt,
1094 1579 1157 1632 duo.
1200 1579 1341 1643 Dederint,

284 1684 363 1721 unus.
400 1667 570 1720 Dediderunt
590 1668 653 1731 (Dii
671 1687 728 1738 sup.
743 1665 833 1735 add),
853 1686 933 1721 unus.
970 1667 1156 1731 Baeticarum,
1175 1686 1253 1721 unus.
1285 1671 1341 1718 De-

282 1750 373 1819 dinei,
391 1773 469 1808 unus.
504 1757 649 1818 Deterunt,
667 1774 745 1807 unus.
777 1755 909 1820 Declinet‚
928 1756 1024 1808 unus.“
1043 1753 1217 1808 Atdtttan.
1254 1753 1343 1820 ‚,Cod.
1381 1753 1384 1759 ’

236 1911 237 1914 ¹
281 1841 353 1894 Pitb.
372 1842 532 1897 dederunt.“
550 1840 673 1895 Graer.
720 1841 826 1896 Habent
854 1843 934 1897 etiam
958 1842 1088 1894 dederunt
1115 1841 1200 1896 Codd.
1224 1841 1290 1895 Oxx.
1307 1843 1338 1895 tt.

281 1929 316 1986 N.
336 1947 359 1986 σ.
398 1928 505 1983 Suerin.
524 1928 595 1983 Gud.
614 1930 646 1983 A.
666 1928 756 1984 Guell.
776 1931 835 1986 Bas.
854 1930 914 1986 Cra.
933 1935 959 1988 1.
978 1929 1060 1984 Drsd.
1073 1933 1102 1999 1·
1122 1933 1146 1985 3.
1167 1934 1191 1984 5.
1227 1928 1341 1982 lnCod.

282 2017 343 2070 Crz.
361 2022 387 2071 2.
407 2028 446 2070 est
464 2018 594 2084 dederint,
613 2019 641 2071 in
660 2018 711 2072 Ox.
723 2037 752 2082 ψ.
771 2020 955 2073 tradiderunt.
991 2020 1132 2073 Dederunt
1149 2018 1248 2073 babent
1260 2018 1337 2074 etiam

282 2103 351 2156 Edd.
371 2124 427 2176 pre.
445 2108 526 2160 1465.
542 2116 568 2160 et
586 2107 665 2160 lldlb.
686 2127 704 2160 s.
725 2108 741 2161 Ι.
760 2119 786 2162 et
803 2127 828 2162 a.-
862 2107 923 2161 Mr.

355 2230 441 2298 ipsius
459 2230 643 2297 civitatis]
681 2225 1020 2300 „Ipsiusser'vitutim
1040 2241 1100 2284 tres.
1137 2231 1258 2285 Fortasse
1279 2250 1333 2286 non

278 2318 380 2370 -male.“
398 2316 472 2371 ΑΜ.
489 2318 577 2371 Man.
611 2318 710 2384 „Multi
730 2317 810 2373 MSS.
828 2330 893 2374 teste
917 2316 1038 2372 Suffrido
1066 2330 1091 2374 et
1108 2319 1232 2375 Manutio
1250 2320 1336 2389 ipsius

282 2405 460 2456 servituti
465 2423 493 2457 s:
512 2406 584 2477 quod
604 2417 630 2460 et
648 2426 699 2478 pro
719 2406 789 2460 varia
808 2406 923 2460 lectione
940 2407 968 2458 in
987 2405 1135 2460 Pitboeano
1154 2407 1338 2480 conspicieba-

283 2505 335 2545 tur.
371 2491 442 2544 Nihil
464 2511 526 2547 iero
544 2493 642 2548 certius
660 2506 698 2548 est
715 2494 766 2548 bac
781 2495 922 2565 scriptura.
972 2491 1034 2546 Non
1060 2494 1213 2547 enimcum
1234 2489 1337 2546 civibus

283 2591 422 2651 comparat
440 2579 510 2633 viros
535 2579 639 2634 nobiles
660 2581 701 2635 bis
727 2583 918 2654 cupiditatibus
944 2581 1061 2648 deditos,
1092 2581 1136 2633 sed
1162 2600 1224 2634 cum
1243 2582 1336 2632 servis.

281 2666 345 2718 Non
365 2665 461 2717 civium
483 2664 605 2733 ultimos,
629 2668 675 2722 sed
701 2688 839 2723 servorum
864 2669 973 2724 ultimos
999 2667 1060 2721 illos
1083 2687 1138 2720 esse
1157 2665 1228 2720 dicit.
1272 2665 1336 2719 lnde

281 2751 347 2804 dixit
365 2738 393 2805 iu
412 2753 647 2824 praecedentibus:
663 2759 774 2822 Sumus,
793 2756 888 2828 inquit,
906 2757 1040 2826 principes
1059 2755 1196 2807 civitatis:
1217 2772 1263 2806 vos
1274 2773 1336 2805 vern

282 2859 315 2892 ne
333 2858 518 2892 conservorum
536 2841 641 2912 quidem
662 2853 810 2895 vestrorum
827 2843 962 2913 principes
979 2845 1053 2894 estis.
1099 2842 1134 2896 Et
1152 2843 1179 2896 in
1199 2842 1335 2914 sequenti-

283 2928 334 2980 bus
353 2927 463 2999 probat:
484 2930 633 2982 Mummius
651 2931 676 2982 si
696 2932 779 2983 talem
800 2933 925 2988 vidisset,
945 2942 1038 2996 utrum
1054 2930 1131 2981 illum
1150 2933 1231 2983 civem
1250 2931 1338 2982 excel-

282 3014 395 3080 lentem,
415 3032 452 3066 an
467 3015 611 3069 atriensem
629 3017 782 3090 diligentem
799 3017 935 3089 putaret?
953 3018 1089 3072 Atrienses
1107 3038 1163 3072 uon
1182 3019 1238 3073 erat
1258 3018 1334 3072 cives.

281 3100 316 3155 Et
333 3101 423 3173 paullo
441 3113 513 3175 post:
533 3106 571 3156 Μ’
592 3106 689 3157 Curius
707 3117 758 3160 etc.
798 3108 896 3160 Videat
915 3107 1034 3178 aliquem
1052 3107 1161 3158 summis
1176 3105 1272 3176 populi
1291 3105 1337 3156 lae-

280 3188 385 3257 neficiis
403 3209 482 3242 usum
500 3200 550 3244 etc.
575 3209 660 3243 nonne
684 3193 757 3244 bunc
789 3194 919 3246 ivoniinem
946 3194 988 3245 ita
1014 3213 1120 3246 servum
1138 3195 1239 3246 iudicet
1264 3195 1333 3263 (non
1409 3227 1415 3232 -

280 3277 394 3347 civem),
423 3287 505 3329 utne
530 3277 559 3328 in
578 3279 693 3348 familia
717 3279 821 3351 quidem
849 3280 961 3350 dignum
985 3281 1084 3333 maiore
1111 3281 1204 3352 aliquo
1228 3282 1334 3352 negotio

276 3365 381 3434 putet?
415 3362 486 3417 Nibil
516 3364 621 3417 certius.
667 3366 765 3417 Veram
790 3365 881 3437 itaque
904 3367 1063 3437 scripturam
1087 3365 1178 3418 Tullio
1206 3365 1336 3419 reddidi.“

281 3450 465 3504 Graevius.
501 3450 646 3517 „Ciceroni
666 3451 833 3523 propositum
864 3463 921 3505 erat
940 3452 1096 3516 ostendere,
1122 3471 1168 3504 eos
1198 3471 1254 3504 non
1280 3442 1335 3506 esso

279 3540 419 3616 principes
437 3537 555 3592 civitatis.
590 3537 644 3591 Alii
655 3538 748 3610 legunt
766 3539 852 3609 ipsius
871 3539 1081 3591 servitutis:
1101 3555 1169 3608 quae
1185 3537 1264 3590 lectio
1278 3557 1333 3590 non

281 3640 355 3684 caret
374 3626 490 3680 ratione:
521 3630 665 3679 Conservos
692 3626 764 3679 euim
784 3645 863 3697 supra
885 3626 998 3691 vocavit,
1029 3623 1072 3679 bic
1086 3635 1179 3678 autem
1198 3642 1334 3675 servorum

282 3735 368 3789 paene
386 3714 494 3767 ultimos
511 3713 603 3767 iacit.⁴‘
620 3713 716 3768 Facc.

353 3821 441 3891 ipsius
458 3809 672 3888 servitutis]‚
690 3818 800 3892 „Vulgo
819 3830 857 3873 est
879 3818 1016 3872 civitatis.-
1035 3828 1062 3870 at
1081 3815 1156 3870 multi
1168 3814 1249 3869 MSS.
1269 3816 1333 3870 boni

281 3909 380 3963 babent
397 3909 554 3973 servitutis,
572 3919 602 3960 ut
621 3917 647 3961 et
663 3907 758 3961 Duisb.
802 3906 895 3978 ltaque
915 3905 1044 3959 Graevius
1062 3903 1188 3958 Ciceroni
1213 3904 1333 3958 restituit.

279 3996 327 4049 Sic
345 3995 423 4049 babet
441 3995 520 4048 etiam
537 3995 588 4047 Ed.
607 3993 704 4048 Colon.
728 3995 795 4047 Ven.
815 3993 926 4049 Mediol.
956 3993 1025 4047 Vict.
1044 4021 1078 4032 -
1125 3993 1253 4044 Civitatis
1277 3991 1333 4062 pri-

279 4103 356 4137 mum
376 4083 403 4136 in
423 4084 542 4136 Romana
562 4083 662 4136 editum
681 4092 728 4137 est.
765 4083 905 4137 Revocavit
926 4081 1023 4135 Aldus:
1044 4080 1115 4133 unde
1133 4079 1162 4133 in
1182 4079 1245 4132 alias
1263 4077 1331 4130 Edd.
1368 4152 1370 4155 ι

278 4173 366 4237 venit,
386 4183 410 4224 et
429 4171 532 4243 vulgata
552 4170 631 4225 lectio
649 4170 718 4225 sacta
737 4174 803 4224 ειν*
821 4169 901 4223 Ern.
943 4170 1007 4222 Post
1033 4167 1194 4231 Graiium,
1221 4175 1330 4236 excepto

277 4258 449 4325 Facciolato,
468 4276 548 4312 nemo
567 4258 670 4311 reduxit
685 4257 826 4319 lectionem
845 4258 974 4312 civitatis.
1017 4255 1123 4311 Habent
1140 4265 1228 4307 autem
1247 4253 1330 4304 servi-

276 4347 365 4410 tutis,
384 4355 489 4417 praeter
507 4345 589 4400 libros
607 4346 641 4398 ab
661 4344 746 4411 aldo,
770 4344 886 4399 Graevio
906 4355 932 4398 et
949 4344 1061 4397 Ernesto
1081 4340 1215 4408 laudatos,
1244 4340 1330 4395 Codd.

275 4433 345 4488 On.
365 4432 396 4487 E.
413 4433 434 4486 le
451 4431 483 4486 N.
500 4432 535 4485 U.
555 4451 577 4485 σ.
596 4434 654 4484 Cra.
672 4435 697 4487 3.
716 4431 823 4487 Suerin.
842 4451 927 4504 marg.
947 4430 1007 4486 Cra.
1024 4434 1049 4482 l.
1073 4428 1141 4482 Edd.
1167 4428 1232 4482 Dav.
1249 4429 1328 4483 lldlb.
