3450 5342
611 684 806 732 rsnsnoxos
830 686 873 732 vr.
901 686 971 734 car.
993 686 1029 734 11.
1270 665 1346 741 289

290 851 371 901 vius.
407 849 642 911 ‚,Accusutorum,
669 863 737 916 quos
755 845 868 896 Crassus
896 847 1061 899 subornabat
1079 846 1112 898 ad
1131 846 1252 901 homines
1269 849 1345 905 locu-

290 936 375 1006 pletes
393 933 582 988 criminandos.
617 933 758 996 Iudicem,
776 950 844 1002 quos
863 930 975 986 Crassus
993 925 1194 1007 corrumpebat,
1214 949 1242 990 ut
1259 950 1346 993 sontes

289 1024 468 1077 absolverent:
486 1022 604 1075 fortassis
621 1033 647 1074 et
665 1021 722 1092 ipse
742 1019 856 1091 praedae
875 1020 946 1074 illius
965 1023 1105 1096 particeps,
1126 1035 1155 1077 ut
1173 1043 1228 1077 non
1245 1036 1346 1078 tantum

289 1133 303 1164 a
325 1111 484 1164 nocentibus
502 1109 646 1182 pecuniam
665 1119 850 1179 extorqueret,
878 1109 924 1162 sed
943 1110 976 1163 ab
995 1112 1196 1166 accusatoribus
1222 1112 1302 1166 etiam
1321 1125 1347 1169 et

290 1200 423 1253 iudicibus
442 1199 602 1270 acciperet.“
619 1197 651 1250 H.
670 1196 776 1250 Wolf.
819 1199 968 1250 Accuscti
988 1211 1015 1252 et
1031 1200 1134 1252 iudices
1152 1200 1347 1256 conveniebant

290 1289 361 1342 clam
379 1287 450 1358 apud
470 1289 611 1352 Crassum,
638 1296 664 1339 et
681 1287 740 1357 ipso
764 1285 867 1338 arbitro
893 1271 1090 1357 transigebatur
1115 1306 1177 1341 eum
1204 1287 1346 1357 iudicibus,

290 1387 319 1429 ut
353 1386 424 1430 certa
459 1375 572 1447 pecunia
605 1370 715 1445 accepta
748 1384 909 1426 accusatum
939 1374 1133 1429 absolverent.“
1164 1377 1345 1448 Wyttenb·

288 1463 367 1528 „beu
387 1467 413 1519 1.
431 1463 459 1516 in
478 1464 557 1516 Verr.
577 1465 626 1516 13:
650 1462 731 1532 Quod
749 1462 877 1513 iuventus
898 1471 938 1513 est
958 1473 1079 1526 senator,
1105 1465 1168 1536 qui,
1193 1484 1276 1538 quum
1293 1466 1346 1521 iu-

291 1551 352 1601 dex
369 1560 453 1606 esset.
476 1551 506 1602 in
524 1551 614 1602 eodem
633 1548 732 1600 iudicio
750 1559 777 1599 et
797 1546 833 1597 ab
848 1566 908 1600 rso
930 1551 1073 1618 pecuniam
1092 1552 1239 1620 occiperet,
1262 1572 1358 1626 qucu-

289 1635 475 1688 iudicibus
499 1637 645 1701 divideret,
674 1646 701 1686 et
721 1635 756 1686 ab
781 1646 1012 1702 accusatore,
1038 1649 1070 1689 ut
1096 1657 1170 1691 reum
1195 1639 1345 1697 damnaret.

289 1724 369 1778 cont.
388 1726 467 1802 Vere.
484 1723 518 1790 ll,
537 1728 581 1778 tt.
600 1723 669 1776 Phil.
689 1724 722 1787 V,
740 1725 788 1776 6.“
827 1721 928 1793 Rorg.
981 1732 983 1737 '

360 1822 549 1865 accusatorum
567 1821 651 1882 atque
670 1809 801 1879 iudicum]
838 1807 1028 1875 „Consociatio
1052 1810 1118 1866 haec
1138 1813 1345 1882 praevaricatio-

257 1952 259 1956 .
288 1920 335 1954 nes
352 1911 378 1953 et
395 1899 562 1970 corruptelas
580 1897 740 1970 significat.“
763 1895 800 1985 *F
808 1915 823 1948 a
834 1915 881 1950 cc.

360 1998 549 2039 accusatorum
567 1997 651 2058 utque
665 1986 797 2053 iudicum]
832 1983 899 2038 Cod.
919 1984 977 2038 Cra.
998 1991 1023 2038 2.
1050 1988 1252 2059 oequisotorum
1271 1991 1343 2061 [sic],

288 2074 386 2127 omisso
405 2085 506 2146 atque5
533 2087 590 2128 tum
618 2074 690 2127 idern
716 2074 843 2127 sociatos,
892 2073 942 2126 Os.
961 2073 994 2126 Ε.
1021 2093 1069 2145 pro
1094 2086 1178 2146 atque
1204 2077 1284 2134 habet
1301 2101 1342 2133 ac.

287 2162 494 2216 Lambinianum
513 2162 578 2215 illud
597 2163 714 2213 indicum
739 2161 840 2233 placuit
863 2161 943 2214 etiam
962 2159 1095 2227 Grutero,
1123 2162 1168 2233 qui
1190 2175 1294 2230 tamen,
1315 2180 1343 2222 ut

288 2252 316 2305 in
336 2252 438 2318 multis,
457 2271 513 2304 non
533 2252 702 2315 liambinum,
723 2250 768 2303 sed
790 2250 952 2313 Victorium,
969 2249 1044 2320 sequi
1063 2250 1153 2303 voluit.
1190 2250 1243 2305 Sed
1263 2255 1341 2308 etiam

288 2339 323 2393 Ο.
341 2341 380 2394 Μ.
397 2339 496 2393 Miiller
513 2340 541 2392 in
563 2339 642 2392 Curis
659 2325 784 2393 secundis
801 2338 834 2390 ad
855 2335 907 2390 Or.
927 2356 976 2406 pro
995 2335 1061 2390 Sest.
1074 2341 1151 2408 pus.
1169 2357 1260 2393 errore
1275 2360 1342 2394 con-

288 2427 373 2479 tendit
390 2428 423 2479 ab
442 2426 547 2480 Orellio
565 2425 694 2499 praelerri
712 2425 849 2490 iudicum,
875 2443 937 2478 cum
962 2422 1042 2493 longe
1068 2423 1185 2477 diversus
1210 2425 1243 2480 sit
1265 2426 1341 2482 locus

287 2511 310 2584 §.
328 2519 373 2568 40.
392 2515 506 2580 [iudex
528 2533 587 2566 vero
606 2523 740 2584 quantum
759 2511 841 2568 habet
860 2512 1027 2562 dominatum
1037 2510 1060 2577 l]
1081 2511 1208 2563 Concedo
1226 2512 1341 2568 diversos

287 2622 343 2656 esse
362 2602 449 2655 locos:
475 2603 520 2654 sed
539 2613 610 2655 reete
627 2599 758 2653 iudicasse
785 2610 812 2652 et
838 2617 930 2651 verum
951 2597 1043 2651 vidisse
1063 2597 1182 2650 existimo
1200 2616 1248 2650 eos
1264 2600 1340 2668 viros,

287 2689 335 2758 qui
356 2688 539 2758 praetulerunt
555 2687 683 2739 iudicum.
728 2685 805 2739 Adue
825 2705 875 2738 nos
899 2686 932 2738 de
950 2685 1028 2738 simili
1055 2685 1213 2739 confusione
1232 2687 1264 2739 ad
1284 2687 1340 2742 cic,

287 2775 322 2828 de
340 2775 408 2847 Rep.
427 2774 473 2841 Vl,
495 2779 520 2830 t.
541 2796 568 2847 p.
585 2778 648 2830 464.
684 2773 745 2826 Mr.

359 2865 535 2932 consociatos]
580 2862 646 2930 „Sic
670 2881 764 2915 omnes
791 2862 852 2914 mei.
888 2859 941 2913 Alii
969 2871 1117 2913 consuetos.
1137 2888 1172 2901 -·
1208 2862 1340 2918 Iudicum.

287 2950 334 3006 stc
353 2971 447 3005 omnes
465 2952 526 3005 mei.
562 2952 685 3002 Indicum
704 2949 778 3002 alii.‘⁴
808 2946 883 3000 Atd.
907 2947 995 3001 Man.
1037 2947 1067 3001 ln
1093 2947 1142 3000 Ed.
1170 2948 1238 3004 Ven.
1263 2953 1341 3005 1514.

289 3049 328 3092 est
346 3040 483 3094 iudicium.
527 3040 555 3092 ln
576 3056 662 3110 marg.
683 3036 732 3089 Ed.
758 3037 824 3089 Crat
848 3046 887 3088 est
916 3047 1104 3088 consuetos
1129 3055 1238 3106 greges,
1268 3040 1340 3110 quod

285 3127 395 3182 fortasse
413 3147 444 3180 es
463 3126 548 3198 glossa
568 3125 816 3196 inutilieonfertos
836 3122 875 3176 rel
894 3132 1028 3189 consertos
1046 3115 1137 3176 ortum
1156 3135 1201 3176 est.
1239 3123 1297 3177 Mr.

358 3226 481 3268 uocemee
499 3226 527 3266 et
543 3215 699 3284 pecuniosos
717 3213 786 3280 reos]
823 3212 923 3278 „Vero
943 3210 1002 3265 Act.
1021 3210 1040 3263 l.
1060 3230 1082 3263 c.
1103 3213 1127 3262 1.
1174 3213 1341 3264 Inretercvit

284 3303 355 3354 enim
377 3303 432 3353 iam
452 3303 540 3370 opinio
565 3301 717 3369 pernicioso
742 3299 821 3368 reip,
848 3298 975 3369 vobisque
997 3298 1161 3366 periculoso,
1192 3317 1261 3369 quae
1288 3319 1340 3352 non

286 3391 364 3442 modo
381 3393 497 3452 Romae,
526 3389 574 3440 sed
589 3399 618 3440 et
636 3387 712 3456 opud
739 3395 847 3438 exterae
865 3384 989 3437 notiones
1012 3385 1129 3437 omnium
1147 3401 1263 3435 sensere
1276 3404 1340 3453 per·

284 3477 420 3540 crebruit,
438 3476 482 3526 leis
499 3474 622 3537 iudiciis,
639 3492 709 3546 quae
728 3492 799 3526 nunc
818 3472 884 3538 sint,
902 3471 1074 3540 pecuniosum
1086 3469 1225 3534 bominem,
1244 3488 1341 3540 quam-

284 3568 327 3619 vis
347 3564 384 3616 sit
404 3580 513 3626 nocens,
530 3562 659 3613 neoeimm
676 3581 752 3630 posse
770 3560 902 3613 damnari.
935 3557 1092 3628 ‘Utrumque
1116 3554 1183 3609 valet
1208 3555 1241 3608 ad
1270 3554 1340 3607 iudi-

285 3670 349 3707 cum
368 3648 560 3720 corruptelam.
603 3648 671 3702 Nam
696 3648 743 3720 qui
761 3646 892 3700 innocens
917 3657 964 3709 est,
993 3644 1094 3698 iudices
1117 3663 1172 3697 non
1199 3642 1253 3697 vult
1278 3664 1339 3697 cor-

285 3757 427 3810 rumpere:
447 3738 493 3808 qui
513 3737 674 3810 pecuniosus
693 3756 747 3790 non
768 3746 823 3802 est,
842 3754 898 3788 non
918 3736 1029 3804 potest.“
1047 3734 1070 3786 F
1078 3752 1117 3787 rc.
1136 3732 1226 3803 Sylv.
1264 3731 1339 3786 Con-

285 3829 340 3880 lert
358 3827 436 3879 etism
457 3825 539 3896 Borg.
559 3825 616 3880 Cic.
637 3826 694 3880 Act.
714 3827 741 3878 in
762 3827 840 3878 Verr.
858 3824 879 3891 l,
899 3827 946 3878 to:
971 3823 1095 3876 Pessime
1119 3821 1195 3873 horreo
1220 3837 1339 3873 nocen-

286 3915 447 3966 tissimus
469 3915 843 3985 pecuniosissimusque
867 3909 1015 3964 dunmcri?
1052 3909 1133 3963 Antb.
1153 3909 1209 3961 Lat.
1229 3907 1272 3971 lll,
1292 3907 1336 3958 tt.
1434 3972 1436 3977 ,

285 4020 312 4070 p.
331 4003 397 4055 512:

359 4090 416 4140 Nec
432 4088 635 4161 icmdivitibus
653 4089 755 4140 tollunt
773 4106 826 4140 suo
844 4088 956 4139 crimina
974 4085 1065 4137 numi:

393 4177 447 4229 Sed
463 4192 531 4248 ¹quos
549 4177 593 4228 lex
612 4177 739 4234 damnat.
756 4176 853 4248 gratio
879 4175 959 4227 solvit
979 4190 1067 4242 opum.
1103 4167 1161 4219 tttr.

356 4264 444 4317 eodem
455 4275 482 4315 te
501 4265 622 4332 auctore]
641 4263 709 4319 Cod.
723 4268 813 4318 ΟΜ.
831 4265 886 4317 cel
903 4262 999 4324 eodem,
1018 4257 1131 4325 Drsdjl.
1150 4269 1224 4305 esse
1242 4249 1337 4313 eoderu,

284 4354 383 4407 omino
393 4363 428 4416 te,
447 4351 519 4422 quud
533 4352 622 4405 omisit
631 4353 719 4417 etiam,
739 4370 801 4407 cum
811 4351 952 4415 Lambino,
971 4346 1020 4399 Ed.
1033 4342 1129 4398 Golon.
1163 4340 1218 4393 Pro
1229 4346 1337 4388 auctore

285 4451 323 4493 est
334 4448 427 4491 actore
435 4439 462 4490 in
481 4438 531 4494 Ed.
543 4457 600 4511 pre.
611 4439 685 4510 Mog.
697 4443 776 4495 etos.
795 4451 821 4493 et
832 4456 885 4492 var.
900 4435 1117 4508 Magniitemque
1133 4430 1160 4481 in
1170 4426 1237 4481 Cod·
1247 4423 1298 4478 0¹1
1308 4441 1337 4484 ψ·

1064 4521 1110 4594 19
