3450 5342
410 668 481 742 192
720 692 894 740 ransooxs
922 692 1116 740 simeonis.

405 853 486 921 Quod
507 871 568 904 vero
587 851 623 905 aii
641 850 741 904 Gernb.
761 870 775 904 a
796 850 928 903 Lambino
948 850 1061 903 eiectum
1081 868 1136 903 esse
1152 849 1216 902 iliud
1237 850 1366 914 exsulem,
1388 853 1456 923 quod

405 961 434 993 re
453 960 512 993 vera
533 941 555 992 ei
577 938 745 1011 displicebat,
764 938 826 991 inde
846 948 959 1007 apparel
979 956 1041 990 eum
1061 955 1149 990 veram
1170 936 1295 989 Lambini
1316 937 1456 990 editionem

405 1030 456 1082 sive
476 1048 532 1081 non
550 1026 688 1093 habuisse,
707 1027 759 1079 sive
777 1045 833 1079 non
854 1025 1003 1095 inspexisse.
1047 1024 1078 1077 ln
1106 1044 1181 1095 seqq.
1207 1024 1276 1079 cod.
1302 1022 1364 1078 Cra.
1383 1023 1457 1078 babet

403 1118 414 1165 i
421 1136 439 1167 u
457 1135 512 1167 meo
531 1116 660 1170 discessu,
685 1112 764 1167 Drsd.
783 1118 808 1167 b.
835 1114 869 1164 in
885 1131 922 1163 eo
940 1112 1057 1165 discessu
1078 1131 1128 1183 pro
1146 1130 1202 1163 meo
1221 1113 1356 1176 discessu,
1388 1112 1457 1166 cuius

405 1201 504 1255 erroris
521 1203 599 1272 origo
617 1201 695 1254 facile
713 1211 793 1273 paics.
831 1201 885 1252 Pro
901 1209 1001 1269 putent
1019 1197 1118 1270 legitur
1135 1210 1261 1268 putans
1281 1200 1311 1253 in
1330 1199 1382 1255 Ox.
1397 1200 1417 1255 l.
1434 1210 1456 1251 ei

405 1293 463 1343 Cra.
477 1293 502 1343 1.
522 1309 585 1343 curn
604 1288 675 1342 Gud.
695 1289 727 1340 Α.
763 1287 821 1340 ΜΓ.

480 1380 673 1448 Nunquamne,
708 1376 784 1426 lroma
812 1374 1004 1437 amentissime,
1029 1384 1056 1424 te
1079 1372 1307 1442 circumspiciesl]
1352 1373 1456 1444 Legitur

406 1466 482 1516 liomo
501 1464 657 1514 amicissime
675 1464 703 1515 in
723 1461 808 1517 Codd.
827 1460 886 1514 Cra.
905 1467 930 1516 2.
949 1461 1021 1515 Gud.
1041 1463 1092 1527 A„
1120 1462 1148 1513 in
1168 1461 1248 1514 Drsd.
1266 1466 1294 1515 5.
1320 1462 1398 1513 boma
1415 1481 1455 1513 ce·

406 1552 611 1615 liemenlissime;
630 1551 659 1604 in
677 1550 727 1605 Ed.
746 1551 807 1603 Par.
827 1571 848 1605 s.
866 1551 1101 1614 dementissime,
1127 1561 1152 1602 ei
1170 1569 1221 1620 pro
1238 1559 1355 1618 putent,
1376 1560 1454 1618 pulo-

407 1640 470 1691 rinr.
508 1638 550 1691 Ad
575 1659 597 1694 v.
623 1649 650 1690 te
668 1638 862 1707 circumspicies
886 1638 974 1709 wyri.
997 1639 1025 1690 in
1050 1637 1146 1690 scholis
1165 1636 1243 1690 baec:
1273 1638 1311 1704 „i.
1331 1657 1355 1693 e.
1372 1637 1454 1689 oculos

407 1746 518 1800 quaqua
536 1747 629 1781 versus
647 1728 675 1781 in
694 1739 720 1779 ie
739 1737 892 1793 convertes,
922 1725 1022 1797 seipse
1050 1725 1237 1778 considerabis.
1292 1724 1362 1777 Nam
1387 1723 1453 1795 quod

407 1815 485 1869 bodie
504 1816 582 1888 vulgo
609 1816 636 1869 in
664 1816 762 1886 linguis
785 1814 976 1868 communibus
1001 1812 1095 1866 dicunt
1118 1813 1302 1880 circumspicio
1327 1831 1380 1876 me,
1410 1829 1453 1881 pro

406 1904 519 1977 simplici
537 1906 730 1974 circumspicio,
751 1904 865 1957 latinum
883 1921 939 1954 non
959 1903 1025 1954 esi.“
1059 1899 1119 1954 ΜΓ.

477 1993 552 2044 lromo
571 1993 764 2055 amentissime,
786 2002 814 2042 te
832 1990 1026 2058 circumspicies
1034 1987 1059 2055 Ρ]
1096 1990 1225 2040 Amantes
1249 2007 1329 2059 saepe
1348 2008 1363 2041 a
1382 1988 1453 2042 Cice-

407 2099 473 2133 rone
491 2079 544 2132 dici
570 2079 709 2151 improbos
735 2090 826 2132 monet
855 2077 937 2148 Burg.
964 2077 1108 2147 laudatque
1133 2077 1211 2128 Verr.
1232 2075 1277 2142 lv,
1298 2079 1324 2129 9.
1343 2078 1387 2128 1².
1406 2095 1450 2146 pro

407 2168 475 2222 Sesi.
495 2170 555 2233 19„
580 2167 608 2220 in
630 2166 682 2220 Pis.
701 2171 735 2231 9;
758 2166 825 2220 Phil.
844 2168 878 2229 V,
896 2169 940 2220 13.
990 2165 1044 2216 Pro
1072 2163 1271 2231 circumspicere
1298 2164 1450 2217 Ciceronem

407 2255 464 2308 aliis
483 2254 562 2308 eiiam
581 2253 666 2306 verbis
685 2254 724 2307 uti
753 2253 898 2307 observavit
916 2252 996 2305 idem.
1039 2247 1353 2314 SicdeFinn.11,3⁵:
1387 2255 1452 2302 aare

406 2343 606 2412 introspice
630 2341 658 2392 in
690 2352 802 2394 mentem
826 2353 903 2393 tuom
928 2341 1000 2410 ipse,·
1033 2358 1082 2409 pro
1101 2338 1222 2401 Scauro,
1242 2340 1292 2391 13:
1324 2348 1412 2389 tamen
1429 2357 1453 2389 se

406 2450 458 2482 non
475 2430 680 2500 respicient.
719 2432 776 2483 ΜΓ.

479 2519 640 2589 Nunquam,
666 2537 712 2569 nee
731 2518 797 2590 quid
808 2518 921 2588 facias,
948 2516 1140 2579 considerabis,
1165 2533 1212 2566 nec
1231 2515 1300 2586 quid
1316 2514 1450 2588 loquarel]

406 2605 461 2658 Pro
479 2625 653 2677 nunquam
673 2606 815 2678 repeiiium
834 2605 933 2659 babent
951 2622 1134 2674 nunquamne
1160 2603 1271 2671 (omisso
1292 2606 1352 2662 nec)
1371 2600 1450 2654 Codd.

408 2691 467 2745 Bas.
492 2691 557 2745 Osa.
578 2693 609 2746 E.
628 2693 647 2746 l.
668 2692 739 2746 Gud.
756 2693 786 2745 B.
813 2693 893 2746 Dcsd.
913 2697 938 2745 2.
975 2691 1081 2744 Suerin.
1101 2689 1195 2742 Duisb.
1222 2689 1292 2744 Edd.
1318 2702 1378 2744 veli.
1403 2691 1451 2742 iere

409 2799 502 2832 omnes
518 2791 580 2833 anie
599 2780 692 2846 Gran,
723 2781 836 2853 exceptis
860 2782 928 2834 Edd.
954 2800 1009 2851 pcc.
1030 2781 1098 2832 Vici.
1125 2789 1151 2831 et
1174 2778 1243 2831 Rob.
1261 2777 1373 2850 steph„
1392 2798 1451 2851 quae

409 2867 519 2933 babent,
549 2869 623 2941 quod
647 2887 696 2920 nos
726 2888 754 2920 ex
779 2870 887 2940 optimis
911 2869 985 2921 libris
1012 2868 1157 2930 edidimus;
1192 2865 1261 2918 Edd.
1291 2868 1360 2919 Ven.
1381 2869 1449 2919 1514.

408 2968 434 3009 et
452 2956 517 3026 Arg.
536 2974 605 3026 quae
623 2953 721 3007 babent
739 2975 878 3027 nunquam
896 2967 930 3006 te
948 2984 983 2995 ·-
1003 2953 1181 3006 considerabis
1190 2973 1200 3013 ‚·
1220 2952 1289 3005 Edd.
1307 2954 1369 3008 Par.
1382 2956 1450 3007 15⁰1.

409 3053 434 3093 et
452 3040 537 3109 Lugd.
554 3041 582 3092 in
602 3040 699 3111 quibus
719 3053 758 3094 est
771 3041 876 3111 facies
896 3062 945 3113 pro
962 3042 1071 3113 focius
1089 3044 1208 3110 (celera,
1228 3042 1304 3095 utin
1324 3042 1391 3110 aliis)
1409 3038 1450 3093 Ed.

407 3128 469 3179 Par.
489 3146 509 3178 s.
528 3146 551 3178 a.
571 3138 596 3179 et
624 3129 941 3202 Asc.1511.nunquam
969 3131 1036 3202 quid
1052 3131 1162 3199 (omisso
1191 3134 1251 3195 nec)
1284 3150 1347 3184 cuin
1376 3129 1451 3184 Codd.

409 3214 481 3268 Gud.
501 3215 532 3267 A.
552 3214 612 3286 (qui
630 3215 693 3269 item
713 3216 792 3270 habes
804 3217 910 3288 facies)
936 3218 1017 3271 Drsd.
1034 3222 1059 3271 1.
1079 3220 1105 3270 3.
1123 3221 1149 3271 4.
1178 3216 1220 3285 (in
1250 3237 1307 3289 quo
1335 3219 1395 3273 item
1419 3226 1451 3269 esi

402 3301 507 3371 facies)
527 3306 552 3355 5.
602 3303 630 3354 ln
649 3305 706 3357 solo
726 3303 798 3357 Gud.
818 3305 848 3358 B.
876 3316 913 3358 esi
932 3323 1077 3376 numquam
1105 3323 1143 3356 ne
1168 3306 1309 3376 quidem
1329 3308 1450 3379 facien*

408 3389 435 3442 in
454 3390 508 3442 sola
528 3389 597 3444 Edii.
616 3390 730 3446 Schiilzii
749 3394 917 3461 exciderunt,
937 3412 1080 3466 operarum
1100 3403 1127 3446 et
1145 3394 1305 3447 correctoris
1321 3395 1450 3467 negligen-

408 3477 459 3543 iia,
480 3479 556 3531 verba
576 3498 623 3531 nec
642 3481 708 3552 quid
721 3483 816 3552 socias
841 3482 1038 3542 considerabis;
1071 3490 1130 3552 pos!
1153 3478 1303 3534 Gruterum
1330 3482 1383 3537 sola
1409 3481 1450 3534 Ed.

409 3565 476 3618 Oliv.
505 3566 583 3620 rediit
611 3567 642 3620 ad
674 3569 847 3640 scripiionem
877 3569 945 3622 Edd.
974 3579 1033 3621 veti.
1068 3567 1246 3638 plurimarum
1275 3586 1450 3642 nunquamne

409 3657 480 3724 quid.
516 3655 575 3708 ΜΓ.

479 3759 525 3790 nec
543 3741 611 3811 quid
635 3741 757 3811 loquare]
795 3746 870 3807 „Nec
895 3745 1003 3794 eliom
1033 3743 1099 3814 quid
1122 3742 1246 3813 loquare,
1277 3763 1349 3798 unus
1365 3747 1448 3816 (supra

408 3827 497 3879 addito
524 3828 629 3891 eriam).
685 3829 749 3879 Vel
775 3830 841 3900 quid
864 3831 990 3901 loquare,
1018 3841 1088 3884 ocio.
1126 3830 1200 3899 Quid
1226 3830 1355 3902 loquare,
1382 3849 1450 3884 unus.

409 3913 524 3981 Quidve
541 3913 692 3983 loquoris,
713 3914 795 3971 duo.“
827 3916 899 3970 ΛΜ.
918 3917 1004 3970 Man.
1050 3918 1105 3970 Pro
1128 3935 1175 3968 nec
1206 3917 1307 3973 babent
1332 3922 1374 3972 vel
1394 3918 1450 3972 Ois.

409 3998 439 4051 E.
459 4000 480 4052 l.
500 3997 558 4051 Ccc.
578 4001 602 4051 1.
623 4004 649 4052 2.
668 4000 747 4054 Drsd.
767 4007 791 4056 1.
816 4004 928 4075 (omisso
947 4006 1025 4078 quid)
1045 4016 1071 4057 et
1093 4004 1160 4057 Cod.
1181 4004 1276 4069 Bern.;
1305 4009 1401 4079 quidve
1417 4007 1450 4057 lo-

409 4087 515 4157 quoris,
535 4086 616 4139 Drsd.
636 4092 677 4151 5.;
707 4101 771 4141 out
796 4094 863 4163 quid
880 4095 1007 4166 loquare,
1032 4091 1126 4145 Duisb.
1147 4090 1250 4156 Ona,
1278 4113 1327 4147 nec
1352 4097 1450 4147 eliam

408 4173 475 4245 quid
491 4173 601 4245 loquare
621 4174 705 4228 Codd.
722 4176 801 4232 Drsd.
816 4185 840 4232 2.
860 4180 931 4234 Gud.
944 4180 990 4245 B.,
1010 4180 1125 4250 denique
1143 4180 1210 4250 quid
1227 4180 1347 4253 loquare,
1364 4184 1449 4236 omisso

409 4279 470 4324 nec,
489 4261 559 4315 Gud.
580 4263 612 4316 Α.
649 4263 708 4316 ΜΓ.

479 4351 603 4402 exsilium
622 4381 657 4394 -·
674 4372 730 4405 esse
748 4353 931 4424 susceptuml]
957 4356 1072 4422 „Cicero
1090 4372 1169 4405 suurn
1181 4354 1291 4406 exilium
1312 4354 1448 4409 honestiore

411 4436 491 4488 verbo
510 4439 626 4509 appellat
644 4439 760 4505 abitum,
789 4443 841 4492 iter
868 4454 894 4495 et
919 4442 1061 4507 similibus,
1089 4439 1170 4511 idque
1196 4461 1222 4493 se
1250 4453 1346 4513 sponte
1372 4457 1449 4493 susce·
