3450 5342
660 679 855 729 umooxou
875 680 896 725 ι.
938 678 1008 726 cte.
1028 678 1064 724 u.
1340 658 1388 731 75

410 839 510 907 Calai]
544 837 628 892 Codd.
652 836 711 890 Cre.
729 841 754 892 1.
773 842 798 891 2.
825 838 925 913 Catb02
956 838 998 892 De
1026 822 1079 891 boc
1108 838 1207 887 Catone
1223 836 1390 908 (Censorio),

334 931 383 1000 qui
402 939 523 982 mortuus
550 938 588 980 est
611 945 697 980 anuos
724 936 802 979 natus
827 925 1104 998 octogintaquinque
1131 923 1220 995 primo
1238 943 1311 977 anuo
1329 926 1391 979 belli

333 1014 432 1068 Punici
451 1014 536 1081 tertii,
561 1013 646 1067 tribus
671 1013 749 1067 annis
767 1024 847 1079 aute,
876 1032 957 1085 quam
976 1013 1120 1068 Africanus
1144 1011 1236 1065 minor
1255 1011 1393 1083 Cartbagi-

334 1120 398 1154 nem
422 1099 526 1168 delerit,
544 1101 594 1154 vid.
612 1099 734 1154 Orelli.
752 1119 776 1154 c.
797 1104 1010 1170 past-48⁹.
1055 1099 1221 1154 Wetzelii
1246 1099 1393 1154 Excursum

335 1190 364 1240 iu
391 1191 522 1243 Catonem
546 1199 573 1243 et
602 1187 723 1241 Caelium
748 1206 775 1258 p.
794 1191 960 1244 255-169.
984 1188 1139 1259 ibidemque
1165 1186 1198 1241 de
1223 1185 1396 1258 Scipionibus

336 1297 364 1347 p.
383 1279 543 1331 zoe-285..
560 1274 622 1331 Mr.

407 1364 478 1416 inter
495 1365 522 1414 Ιι.
540 1373 647 1416 aetates
673 1363 830 1416 interiectus
858 1363 958 1432 CotoP]
996 1364 1037 1417 Ad
1062 1362 1222 1417 formulam:
1247 1363 1318 1415 inter
1344 1361 1393 1414 lio-

335 1469 395 1501 rum
419 1459 536 1502 aetatem
560 1451 732 1515 interiectus,
753 1450 860 1504 confert
884 1449 968 1522 Borg.
994 1451 1052 1506 Cic.
1071 1450 1148 1504 Brut.
1161 1453 1210 1505 64³
1236 1450 1394 1503 interiectus

333 1539 406 1590 inter
423 1538 493 1590 duae
511 1547 633 1589 aetates:
652 1547 678 1591 et
694 1536 765 1591 Phil.
783 1539 818 1602 X,
836 1541 869 1590 4:
889 1537 1018 1608 fratrum
1036 1535 1174 1590 aetatibus
1192 1537 1286 1589 niediis
1307 1537 1394 1589 inter-

334 1625 429 1679 iectus.
464 1625 507 1678 Ad
526 1643 583 1677 rem
602 1624 690 1695 Wyu
707 1624 735 1676 in
755 1623 873 1678 Scbolis:
895 1626 962 1677 Cato
993 1623 1015 1676 is
1033 1623 1084 1693 (M.
1104 1622 1229 1691 Porcius)
1254 1622 1300 1694 qui
1325 1622 1393 1676 dici-

335 1721 381 1764 tur
400 1713 486 1764 maior
503 1712 568 1765 item
588 1712 739 1774 censorius,
764 1710 857 1765 floruit
876 1712 946 1766 iuter
969 1711 1070 1767 bellum
1086 1711 1220 1764 Punicum
1244 1710 1391 1765 secuudum

334 1810 364 1852 et
382 1798 503 1851 tertium:
529 1798 569 1849 vir
593 1795 664 1850 bello
683 1808 710 1850 et
727 1797 820 1851 litteris
837 1810 864 1852 et
883 1798 953 1851 idem
972 1798 1062 1852 multis
1079 1797 1180 1851 artibus
1197 1795 1299 1850 clarus:
1321 1797 1395 1850 cuius

335 1908 366 1940 er
386 1885 477 1940 multis
486 1885 562 1938 libris
579 1904 649 1938 unus
661 1885 693 1936 de
702 1888 742 1936 Re
756 1886 872 1938 Rustica
886 1889 1033 1958 superest.“
1068 1884 1121 1939 Sed
1135 1894 1235 1938 exstem
1247 1884 1394 1954 fragmenta

336 1974 491 2029 orationum
513 1971 683 2043 aliorumque
701 1972 833 2026 librorum
852 1974 914 2027 satis
932 1972 1024 2028 multa.
1066 1973 1129 2026 Vid.
1146 1971 1185 2026 M.
1203 1971 1294 2026 Porcii
1314 1975 1395 2025 Cato-

335 2061 379 2113 nis
405 2060 439 2113 de
463 2059 503 2112 Re
529 2059 638 2113 Rustica
667 2059 743 2113 liber.
768 2061 946 2132 Fragmenta,
977 2080 1046 2133 quae
1069 2071 1218 2132 supersunt.
1259 2059 1395 2113 Ausonius

335 2147 441 2218 Popma
454 2146 594 2200 recensuit.
611 2147 893 2219 Frauequeree,1620.
907 2153 975 2203 8.-
993 2147 1014 2203 Ι.
1024 2149 1056 2203 ll.
1068 2168 1130 2202 van
1146 2147 1292 2202 balbius
1307 2149 1393 2217 Diatr.

337 2235 377 2290 lit.
397 2236 426 2288 in
444 2239 486 2288 M.
505 2235 596 2287 Porcii
614 2236 725 2287 Catonis
744 2237 863 2289 Censorii
881 2254 951 2308 quae
969 2246 1128 2308 supersunt,
1146 2236 1249 2305 scripta
1268 2245 1295 2286 et
1307 2237 1393 2307 frag-

337 2333 437 2375 menta.
464 2321 551 2390 Utraj.
576 2325 656 2376 1826.
678 2325 757 2375 8.-
801 2326 843 2375 M.
864 2323 957 2374 Porcii
982 2325 1092 2376 Catonis
1116 2323 1177 2377 Vita
1211 2334 1237 2376 et
1266 2323 1393 2395 lragmm.

336 2408 412 2462 Fasc.
431 2407 452 2462 l.
471 2419 497 2462 et
514 2406 549 2462 ll·
565 2428 617 2462 scr.
635 2409 769 2463 Wilms.
788 2410 954 2464 Dortmund.
971 2413 1050 2465 1843.
1063 2414 1090 2464 4.
1114 2411 1190 2480 (sunt
1214 2408 1390 2480 prolusiones,

337 2515 405 2568 quas
422 2496 529 2564 dicunt,
547 2495 739 2566 scholasticae.)
758 2527 791 2535 -
810 2495 959 2551 Oratorum
977 2497 1162 2551 Romanorum
1186 2497 1311 2567 lragmm.
1337 2497 1394 2550 col·

330 2582 389 2655 leg.
406 2595 486 2655 atque
501 2583 595 2638 illustr.
613 2583 646 2638 fl.
664 2583 767 2654 Meyer.
785 2605 812 2655 p.
831 2587 931 2640 8-92.
949 2584 1000 2639 Ed.
1014 2605 1056 2657 pr.
1075 2585 1135 2639 Mr.

409 2671 501 2742 Quid?
533 2672 740 2725 innumerabiles
764 2674 824 2740 alii]
858 2673 945 2727 codd.
978 2676 1036 2728 Cra.
1058 2677 1084 2729 1.
1118 2671 1196 2726 Drsd.
1215 2675 1242 2726 b.
1270 2670 1342 2724 Gud.
1361 2674 1392 2722 C.

338 2759 407 2831 quid
424 2761 474 2813 alii
492 2760 706 2814 innumerabiles.
726 2761 793 2816 eod.
812 2761 893 2819 Drsd.
906 2767 935 2817 4.
952 2761 1123 2814 abundamus
1141 2760 1274 2828 exemplis.
1318 2757 1392 2811 Scri·

338 2847 412 2901 bitur
428 2846 616 2901 habundamue
632 2849 661 2903 iu
681 2850 765 2907 Codd.
784 2849 856 2904 Gud.
875 2850 909 2904 A.
929 2853 986 2905 Cra.
1005 2853 1031 2903 1.
1049 2854 1075 2902 2.
1093 2851 1118 2902 3.
1146 2846 1227 2900 Drsd.
1246 2849 1272 2898 1.
1290 2843 1392 2899 Laudat

337 2934 372 2988 ad
392 2933 418 2988 b.
438 2935 455 2987 Ι.
474 2936 637 2999 (dousesticis
654 2939 781 3008 exemplis
799 2937 983 3003 abundamus)
1010 2935 1111 2990 Gerub.
1136 2935 1227 2989 locum
1247 2933 1392 3006 praelatio·

337 3021 380 3074 nis
396 3021 476 3090 Livii,
498 3024 544 3077 ubi
561 3025 595 3079 de
613 3025 680 3097 reip.
698 3025 804 3080 bistoria
823 3026 937 3099 loquens
954 3025 1076 3098 scripsit:
1102 3025 1180 3078 nulla
1206 3041 1326 3094 uuquam
1351 3041 1393 3073 res

334 3110 447 3179 publiea
465 3131 513 3163 nee
530 3114 615 3166 maior
633 3132 681 3166 nea
707 3118 843 3180 sustollor,
870 3136 929 3169 nec
955 3115 1054 3168 bouis
1082 3111 1250 3181 exentplis
1278 3109 1392 3161 ditior

331 3198 359 3268 f
361 3197 397 3248 ui
404 3208 426 3248 t.
444 3196 503 3252 Mt.

409 3284 504 3354 Quid?
534 3286 739 3341 innumerabiles
769 3290 819 3342 alii
849 3292 979 3362 (namque
1003 3319 1037 3329 -
1061 3288 1245 3355 abundamus)
1273 3286 1392 3357 cogitas-

335 3392 412 3425 sene
431 3374 478 3439 -]
496 3373 628 3426 Dedimus
646 3375 684 3427 sic
701 3375 799 3444 partim
819 3395 849 3428 ex
867 3375 1011 3446 Borgersii‚
1032 3374 1129 3446 partim
1148 3384 1280 3427 exnostra
1299 3389 1392 3424 emen-

334 3461 458 3525 datione,
477 3477 537 3512 cum
557 3459 585 3512 in
605 3471 677 3513 tauta
690 3459 835 3515 lectionum
854 3464 988 3528 varietate,
1007 3481 1041 3513 ne
1051 3461 1138 3514 dicam
1162 3479 1197 3512 au
1216 3458 1393 3511 conlusioue?

334 3547 412 3604 nulla
438 3546 519 3617 plane
546 3546 711 3602 satisfecerit.
764 3549 846 3602 Posui
874 3550 956 3621 igitur
978 3547 1090 3618 Quid?
1114 3543 1394 3597 innumerabiles

335 3637 389 3688 ali
397 3636 408 3686 i
433 3637 511 3699 (uam
535 3635 686 3688 domesticis
709 3637 835 3707 exemplis
859 3636 1044 3701 abundamus)
1066 3636 1292 3707 cogitassene
1318 3633 1392 3703 quio-

336 3743 420 3797 quam
436 3724 467 3775 in
487 3723 544 3774 vita
562 3723 614 3776 sibi
631 3725 821 3794 expetendum,
839 3726 894 3778 nisi
912 3726 985 3799 quod
1001 3722 1140 3777 laudabile
1156 3734 1250 3774 esset
1268 3731 1295 3772 et
1309 3739 1393 3791 prae-

336 3812 456 3877 clarum,
474 3811 621 3864 videntur?
655 3812 691 3867 Et
708 3813 747 3869 sic
764 3813 890 3870 Oneum
908 3815 1007 3886 Borg„
1027 3811 1077 3867 nisi
1088 3810 1169 3884 .quod
1188 3820 1301 3881 uterque
1319 3807 1392 3862 dedit

336 3901 479 3972 cogitasse.
523 3899 625 3955 Gerub.
649 3920 712 3955 cum
738 3902 804 3957 Eru.
833 3903 966 3957 ediderat:
1000 3902 1067 3973 quid
1091 3896 1296 3952 innumerabiles
1320 3894 1391 3947 alii?

337 3989 414 4052 (nom
432 3987 626 4041 domesticis-
646 3989 981 4065 abundamus),eagitasse
997 4000 1180 4060 putamus,
1199 3987 1341 4058 quicquam
1355 4013 1389 4024 ·-

335 4076 527 4144 expetendum,
554 4077 606 4129 nisi
630 4080 704 4150 quod
725 4079 864 4132 laudabile
881 4098 957 4133 esse
974 4079 1081 4148 (vocem
1099 4095 1155 4129 esse
1180 4074 1285 4129 uncinis
1303 4070 1390 4124 inclu-

336 4162 501 4233 sitGernb.)
518 4175 545 4215 et
560 4167 731 4234 praeclarum
749 4166 964 4221 videretur?
1011 4166 1065 4221 Sed
1091 4165 1226 4218 videamus
1255 4160 1289 4212 de
1307 4156 1390 4221 libris,

337 4252 410 4305 uude
436 4253 576 4323 apparebit
600 4273 650 4306 nos
673 4256 782 4327 quidem
807 4258 937 4313 violenter
967 4257 1051 4327 egisse
1076 4251 1157 4306 nihih
1191 4251 1238 4302 An
1261 4255 1391 4314 putamus

337 4359 497 4414 quemquam
526 4343 620 4394 borum
645 4345 778 4414 cogitasse
804 4347 948 4417 quicquam
966 4346 994 4397 in
1013 4344 1071 4394 vita
1089 4337 1141 4391 sibi
1165 4333 1339 4404 expetendum
1356 4363 1389 4373 -

336 4430 383 4485 Sic
402 4430 463 4486 Atd.
483 4431 575 4498 Mam,
593 4432 669 4485 cuius
684 4432 750 4486 baec
769 4445 806 4486 est
824 4432 975 4488 annotatio:
986 4433 1152 4492 .‚‚Putamus
1170 4442 1217 4476 rios
1241 4421 1406 4493 quidquam,
