3450 5342
601 685 796 735 rauiuoxou
822 689 843 735 t.
884 688 953 736 cta.
975 691 1009 737 tt.
1287 676 1337 748 69

283 851 452 909 Porsennae,
470 856 498 899 ut
517 845 656 900 ediderunt
675 846 777 900 Geruli.
798 859 824 900 et
839 847 889 900 Or.
911 865 973 902 cum
994 846 1142 918 plerisque3
1172 844 1344 926 quamquam

283 931 334 984 Or.
353 931 468 1003 simplici
484 952 502 984 rt
522 935 620 986 rectius
639 935 755 1006 scripsit·
766 934 817 998 boc
835 954 935 989 nomeu
955 936 983 989 iu
1002 935 1193 1005 Onomastico,
1219 942 1335 1014 itemque
1439 987 1443 994 .

283 1022 310 1072 iu
332 1020 413 1092 Epist.
432 1021 465 1073 ad
484 1023 537 1074 rttt.
556 1021 601 1086 lll,
622 1025 665 1088 tu,
684 1025 711 1076 3.
729 1033 754 1075 et
773 1043 811 1076 or.
833 1043 884 1094 pro
902 1023 968 1076 Sest.
982 1026 1026 1091 21,
1042 1027 1086 1076 48.
1107 1023 1205 1079 Graeci
1224 1028 1336 1098 scripto·

283 1127 324 1160 res
343 1110 462 1163 scribunt
480 1111 626 1178 Πορσίνας,
645 1107 799 1180 Hopoq'rac,
818 1113 965 1179 Πορσηνᾶς.
986 1112 1018 1163 M
1025 1132 1046 1168 r.

355 1199 382 1247 0.
401 1196 522 1248 Mucium
539 1197 668 1266 impalit,]
687 1197 831 1263 „Valerius
849 1199 894 1250 lib.
903 1197 947 1251 lll.
960 1219 1018 1270 cap.
1039 1201 1072 1253 de
1085 1200 1244 1254 patientiae*
1264 1200 1336 1256 Ald.

282 1282 410 1337 Manat.
427 1306 429 1311 ·
448 1283 509 1351 „De
528 1284 630 1350 Mucio,
650 1284 683 1336 de
702 1284 806 1339 Coclite
825 1285 845 1336 si
865 1285 925 1356 quis
936 1287 1050 1358 amplius
1060 1288 1129 1341 volet
1148 1287 1246 1359 legere,
1266 1290 1337 1360 apud

281 1372 384 1424 Livium
403 1372 472 1425 libro
491 1373 521 1426 ΙΙ.
542 1373 673 1425 inveniat:
693 1373 922 1443 quemadmodum
944 1375 976 1426 de
995 1377 1025 1428 P.
1045 1376 1129 1428 Decio
1149 1375 1176 1428 iu
1194 1375 1268 1429 bello
1286 1375 1338 1428 La·

281 1460 354 1526 tino,
378 1461 465 1532 deque
490 1461 546 1513 eius
570 1461 625 1513 lilio
652 1463 678 1512 in
707 1461 778 1513 bello
803 1460 953 1514 Samnitico
986 1483 1012 1514 se
1032 1463 1233 1531 deicientibus,
1265 1464 1336 1517 idem

280 1546 355 1600 libris
373 1548 433 1600 Vlll
452 1559 479 1602 et
497 1548 529 1601 Χ.
547 1549 661 1619 scripsit.
680 1547 758 1601 Fre.
776 1547 866 1618 Sylv.
887 1549 954 1615 [Lis.
968 1549 999 1614 ll,
1019 1555 1062 1603 tt.
1081 1554 1130 1615 133
1151 1553 1183 1618 ll,
1196 1553 1246 1614 ttt;
1267 1550 1335 1619 Vlll,
1370 1565 1372 1568 ’

280 1639 307 1688 l).
329 1647 354 1689 et
380 1639 431 1699 1⁰3
459 1635 517 1701 ΧΠ,
535 1639 579 1687 2².
604 1639 647 1688 at.
671 1637 727 1703 28.]
790 1633 880 1700 „Cum
908 1637 1042 1703 Porsena,
1068 1656 1111 1689 res
1137 1637 1335 1704 lletruscorum,

280 1722 446 1792 Tarquinios
460 1721 560 1774 exsules
585 1740 647 1774 cum
666 1721 820 1792 ingentibus
838 1722 923 1794 copiis
941 1724 1095 1790 reduceret,
1120 1726 1267 1797 urbemque
1286 1727 1336 1779 ob-

281 1808 396 1875 sideret,
413 1808 534 1876 Mucius,
553 1821 663 1880 accepta
682 1827 696 1860 a
715 1808 815 1861 Senatu
835 1810 1027 1881 transfugiendi
1045 1823 1187 1883 potestate,
1207 1813 1233 1864 in
1252 1825 1335 1867 castra

281 1897 352 1968 regis
371 1897 454 1962 venit,
481 1900 507 1951 et
531 1909 710 1968 purpuratum
730 1897 865 1968 quendam
892 1918 942 1969 pro
961 1918 1023 1971 rege
1042 1900 1168 1971 deceptus
1192 1899 1335 1959 interfecit,

282 1986 316 2039 ad
337 2002 482 2055 regemque
502 1995 651 2056 pertractus
669 1985 826 2038 ardentibus
845 1986 913 2039 locis
928 2006 1039 2040 manum
1058 1989 1198 2059 imposuit,
1217 1987 1290 2059 quod
1307 1986 1333 2038 ia

282 2071 364 2125 caede
381 2073 451 2141 regis
469 2084 611 2143 peccasset.
648 2073 778 2126 Martialis
797 2073 843 2128 lib.
862 2079 889 2127 t.
909 2076 964 2142 [22,
983 2096 1006 2128 s.
1026 2079 1051 2129 1.
1070 2078 1108 2144 2.]

397 2165 470 2211 Dum
486 2172 590 2230 peteret
610 2180 695 2233 regern
714 2162 824 2231 decepta
843 2164 964 2216 satellite
983 2164 1095 2230 dextro,

432 2249 529 2300 Iniecit
547 2249 632 2301 sacris
650 2250 817 2318 reperirem
834 2252 932 2322 focis·¹‘
951 2251 1032 2306 Aud.
1051 2251 1209 2305 Talaeus.

281 2334 414 2407 „Scripsit
431 2335 462 2389 C.
478 2336 612 2391 Mucius
629 2336 805 2391 Gulielmius:
835 2340 908 2412 quod
926 2341 965 2393 sic
984 2340 1169 2393 nominaretur
1188 2359 1202 2391 a
1217 2339 1290 2390 livio
1310 2350 1335 2391 et

282 2423 442 2488 Plutarcbo;
460 2445 548 2497 neque
567 2426 642 2480 aliter
659 2446 723 2480 saue
740 2425 822 2480 editio
842 2429 929 2500 prima
948 2430 1173 2498 membranaeque
1191 2426 1229 2478 M.
1250 2445 1282 2478 ac
1302 2427 1333 2476 V.

282 2511 419 2565 Posterius
442 2513 539 2584 vulgati
559 2515 690 2583 Quintum
709 2515 844 2583 maluere,
873 2515 945 2586 quod
969 2515 1116 2569 demiratur
1145 2515 1214 2566 viros
1241 2512 1334 2564 doctos

282 2617 340 2651 non
358 2600 545 2654 examinasse.“
562 2600 702 2655 Gruter.
748 2602 854 2657 Nomen
873 2608 918 2668 0„
938 2603 1010 2675 quod
1036 2602 1064 2654 in
1085 2601 1151 2654 Edd.
1175 2611 1236 2653 ante
1256 2598 1333 2651 Grut.

282 2687 341 2739 lere
358 2689 483 2741 omnibus
507 2701 638 2743 mutatum
665 2702 703 2743 eat
733 2688 761 2742 in
780 2693 829 2760 0.,
862 2690 1011 2761 paucissimi
1037 2688 1135 2742 babent
1164 2687 1237 2739 libri:
1267 2704 1335 2736 unus
1414 2723 1415 2726 ¹

281 2775 369 2829 Ono.
385 2777 464 2831 Drsd.
483 2783 507 2830 2.
534 2777 642 2831 Sueriu.
660 2778 708 2830 Ed.
728 2777 965 2849 prc.Mog.1465.
1002 2776 1032 2830 ln
1051 2776 1119 2830 Cod.
1141 2774 1200 2827 Crr..
1213 2776 1238 2825 1.
1258 2791 1335 2842 prae-

282 2883 383 2916 nomen
411 2865 500 2932 deest,
527 2866 554 2917 in
580 2866 675 2918 Duisb.
700 2866 824 2920 scribitur
848 2867 991 2935 Quintium
1015 2865 1131 2934 impulit.
1166 2863 1196 2914 ln
1216 2859 1266 2913 Or.
1286 2877 1335 2928 pro

281 2951 368 3004 Sestio
389 2956 432 3018 tt,
451 2957 494 3006 48.
512 2953 575 3006 item
594 2955 621 3006 in
642 2952 767 3006 omnibus
784 2952 859 3006 libris
877 2952 919 3007 bic
937 2955 1047 3006 Mucias
1065 2950 1214 3024 appellatur
1225 2952 1266 3019 Q,
1284 2947 1335 2999 ibi-

281 3059 335 3110 que
354 3038 418 3091 nibil
436 3042 570 3094 annotarit
589 3041 640 3095 Or.
686 3041 739 3094 Sed
759 3042 786 3095 in
813 3041 939 3096 lemmate
957 3041 1128 3095 scholiorum
1151 3037 1333 3100 Bobieosium‚

280 3127 314 3178 ab
335 3130 367 3179 Α.
386 3127 458 3180 Maio
477 3141 645 3199 repertorum
668 3133 767 3200 past.
792 3130 834 3183 ed.
858 3129 907 3183 Or.
933 3142 1004 3183 recte
1028 3130 1125 3183 dicitur
1152 3132 1179 3181 0.
1205 3124 1333 3178 Scholion

280 3225 370 3268 autem
390 3214 441 3268 boc
460 3226 514 3267 est:
532 3219 574 3266 De
593 3221 620 3269 0.
640 3220 732 3269 Mucio
752 3218 835 3270 Cordo
853 3238 905 3270 non
924 3216 1050 3287 ignobilis
1068 3215 1183 3269 ltiatorio
1201 3225 1258 3276 est,
1287 3215 1334 3285 qui

279 3303 356 3355 solus
374 3303 530 3354 adulescens
548 3307 639 3373 rigore
658 3306 740 3356 animi
758 3307 977 3368 strenuissimus,
996 3323 1076 3385 quum
1094 3303 1253 3356 Porsinnam
1271 3302 1334 3374 (sic)

278 3393 461 3442 Etruscorum
486 3406 572 3460 regem
596 3389 677 3440 vellat
702 3392 831 3453 occidere,
864 3390 989 3459 deceptus
1018 3390 1193 3440 similitudine
1223 3390 1333 3441 babitus

275 3488 463 3552 purpuratum
481 3477 540 3528 eius
559 3477 668 3539 occidit,
687 3479 939 3548 comprehensusque
958 3478 1069 3529 virtutis
1088 3477 1217 3527 miraculo
1241 3476 1335 3526 ‹timis-

276 3588 327 3623 sus
346 3574 393 3617 est.
430 3564 517 3617 bocus
535 3575 623 3617 autem
633 3563 769 3630 orationis,
789 3562 836 3634 qui
854 3562 998 3628 labefacit,
1017 3574 1067 3616 est:
1085 3563 1243 3633 praesertim
1254 3582 1335 3632 quum

278 3657 338 3708 eins
356 3670 440 3703 essem
458 3653 594 3717 civitatis,
621 3670 654 3703 ax
673 3670 728 3723 qua
747 3654 779 3723 Q.
798 3653 910 3704 Mucius
937 3651 1011 3705 solus
1037 3651 1065 3702 in
1084 3660 1176 3702 castra
1200 3651 1334 3700 Porsenae

279 3742 413 3802 venisset,
438 3758 549 3813 eamque
566 3740 732 3810 interficere,
757 3743 897 3810 proposita
921 3739 972 3792 sibi
991 3750 1074 3791 morte
1081 3779 1088 3803 ‚
1109 3748 1222 3790 conatus
1247 3747 1332 3789 esset:

280 3848 312 3881 err
331 3846 388 3901 quo
406 3833 437 3880 P.
456 3828 558 3881 Decius
573 3828 690 3899 primam
705 3838 794 3897 pater,
810 3839 874 3898 post
891 3829 997 3900 aliquot
1015 3846 1100 3880 annos
1116 3827 1210 3896 patria
1230 3828 1332 3878 virtute

278 3918 421 3986 praeditus
433 3917 530 3986 filius,
555 3935 583 3968 se
601 3934 634 3967 ac
652 3916 739 3967 vitam
757 3935 848 3980 saara,
872 3917 1008 3968 instructa
1028 3916 1099 3978 acie,
1124 3934 1176 3984 pro
1192 3915 1283 3966 salute
1299 3919 1333 3966 P.

281 4007 314 4057 n.
333 4007 500 4076 antorieqae
519 4004 676 4057 devovisset.
692 4032 729 4044 -
775 4005 828 4057 Pro
855 4006 956 4057 saletis
980 4023 1046 4057 snae
1068 4002 1153 4056 Codd.
1183 4000 1241 4055 Cra.
1261 4005 1286 4054 t.
1307 4014 1333 4054 et

279 4090 351 4145 Gud.
370 4092 402 4146 C·
421 4111 487 4144 suae
505 4093 620 4157 salutis,
637 4091 726 4158 unde,
747 4112 810 4146 cum
828 4093 896 4146 absit
913 4111 979 4144 sear
998 4112 1012 4144 a
1031 4091 1098 4145 Cod.
1119 4090 1191 4143 Gud.
1210 4088 1258 4155 Α.,
1284 4088 1332 4140 ali-

281 4180 339 4250 quis
358 4180 494 4245 conficiat,
522 4198 589 4232 suae
607 4181 640 4234 ab
660 4181 746 4234 aliena
765 4200 846 4234 manu
867 4201 921 4234 esse
940 4179 1066 4234 Ciceroni
1084 4179 1231 4231 obtrusum.
1276 4175 1332 4244 Ego

281 4278 369 4320 tamen
389 4287 444 4321 nou
463 4267 614 4323 abiecerim.
634 4269 693 4321 Ma.
959 4270 965 4275 “

352 4361 379 4410 0.
398 4357 531 4424 Mucium]
550 4357 715 4409 Scaevolam.
734 4357 831 4412 Face.

353 4443 488 4512 Coclitem]
515 4443 657 4511 „Valerius
674 4443 721 4496 lib.
740 4445 782 4497 ΙΙΙ.
808 4463 866 4513 cap.
887 4443 919 4494 de
938 4437 1227 4495 l'ortitudine.“·rlld.
1246 4438 1333 4493 Man.
