3450 5342
454 681 692 732 eaotluotturtt
719 683 762 727 tu
791 684 961 732 CICERONIS
987 689 1171 742 rautnoxt.
1256 697 1338 744 ΧΧΙΧ

285 867 311 917 p.
332 847 498 900 itt-783.
545 845 582 897 Er
598 844 712 897 aliorum
740 857 828 898 autern
855 865 969 900 nuntero
999 851 1060 902 satis
1084 871 1182 923 magno
1208 855 1271 909 haec
1296 878 1340 909 ex-

284 935 448 1006 cerpsimus:
477 934 618 1004 Sapientes
642 954 730 988 omnes
746 953 827 1003 pares
844 953 914 987 esse„
962 937 1088 991 Virtutes
1103 959 1160 992 ecee
1177 942 1351 999 individuas.⁴

283 1024 438 1094 Sapientem
456 1041 557 1092 semper
575 1043 631 1076 esse
649 1025 677 1076 in
693 1025 803 1096 gaudio.
840 1024 996 1092 Sapientem
1014 1025 1058 1076 vel
1075 1027 1104 1077 in
1122 1033 1261 1082 tormentis
1279 1031 1342 1083 bea-

285 1122 427 1164 tamesae.
470 1112 624 1181 Sapientem
650 1131 707 1164 ease
734 1107 838 1179 ἀπαθῆ.
888 1113 1041 1180 Sapientem
1065 1133 1118 1167 non
1143 1120 1264 1186 opinari:
1292 1140 1343 1172 nan

284 1201 427 1269 ignorare:
444 1218 497 1252 non
510 1200 629 1270 fallere:
656 1219 709 1251 non
728 1199 844 1251 mentiri.
885 1199 1009 1267 Sapienti
1027 1198 1097 1253 nr‘irii
1111 1215 1223 1271 praeter
1240 1206 1342 1274 opinio-

283 1306 345 1353 nem
368 1287 479 1341 evenire.
522 1287 614 1339 Solem
639 1288 787 1356 eapientem
810 1305 897 1357 regem
925 1305 988 1340 esse.
1029 1290 1182 1358 Sapientem
1210 1293 1257 1344 deo
1285 1313 1342 1346 esse

284 1395 387 1445 parem.
423 1376 575 1446 Sapientem
592 1376 681 1426 omnia
700 1383 770 1426 recte
783 1374 896 1444 secere,
914 1374 1031 1426 maxima
1050 1378 1166 1432 minima.
1203 1381 1342 1449 Sapientes

284 1465 355 1517 solas
367 1465 438 1517 inter
455 1463 609 1529 aeamicoa.
645 1461 800 1531 Sapientem
818 1460 905 1512 solum
921 1462 1065 1529 pulchrum
1082 1484 1155 1531 esee,
1181 1467 1268 1518 coium
1293 1486 1343 1518 no—

288 1553 380 1616 bilem,
397 1553 485 1605 ralum
506 1553 605 1616 civem,
623 1549 710 1607 solum
731 1549 944 1620 aragistrotum,
963 1551 1051 1603 solum
1069 1554 1214 1618 rhetorem,
1230 1560 1340 1623 poetam

284 1641 409 1705 doctum,
427 1651 532 1706 vatem,
550 1639 730 1701 sacerdotem,
748 1637 872 1691 iudicem.
909 1638 1061 1707 Sapientem
1074 1660 1126 1693 non
1145 1642 1219 1709 affici
1229 1641 1339 1697 iniuria.

284 1728 441 1798 Sapientem
453 1747 506 1780 non
517 1729 661 1798 ignoscere,
678 1746 731 1779 non
743 1726 869 1780 misereri.
906 1727 1059 1796 Sapientem
1073 1747 1176 1782 sumere
1192 1729 1341 1801 aliquando

283 1826 397 1868 mortem
411 1834 504 1885 posce,
524 1816 627 1879 decere,
646 1813 783 1878 debere*).

359 1903 414 1965 lam
434 1915 464 1958 ut
482 1904 516 1956 de
534 1913 663 1972 tempore,
690 1920 744 1973 quo
768 1900 884 1970 scriptus
902 1899 981 1953 tuisse
1010 1900 1130 1954 rideatur
1153 1903 1271 1970 libellus,
1301 1904 1343 1958 Ιο-

286 2011 419 2064 quamur,
439 1991 582 2044 ridendum
601 1991 666 2057 erit,
686 2001 791 2055 utrum,
816 1989 905 2060 quiin
926 2007 985 2041 eam
1004 2008 1061 2043 rem
1081 1991 1232 2046 accuratius
1251 1992 1342 2063 inqui·

282 2083 417 2148 siveram,
436 2099 500 2134 cum
516 2079 729 2150 Wyttenbacbio
747 2078 855 2143 iaciant,
875 2097 908 2130 an
925 2078 958 2130 ab
978 2096 1010 2130 eo
1024 2078 1187 2131 dissentiant.
1224 2078 1257 2132 Et
1267 2080 1342 2151 prio-

285 2189 328 2221 ree
345 2168 453 2240 quidem
473 2178 583 2240 praeter
597 2186 643 2235 ea,
664 2187 733 2239 quae
751 2167 1003 2238 supraposuimus,
1031 2177 1187 2236 argumenta
1207 2166 1271 2219 nihil
1291 2168 1339 2220 ad-

284 2256 397 2308 modum
417 2255 604 2327 protulerunt,
630 2255 702 2327 quod
728 2254 761 2309 ad
788 2255 944 2308 alterutram
969 2255 1127 2308 sententiam
1148 2254 1185 2308 rei
1202 2255 1341 2309 stabilien-

285 2343 348 2397 dam
366 2344 406 2397 rel
430 2343 599 2398 refutandam
619 2344 728 2398 iaceret.
769 2343 812 2405 'Et
839 2342 943 2414 primus
967 2342 1091 2412 quidem,
1120 2342 1167 2414 qui
1192 2342 1340 2404 rationibus

284 2431 370 2485 allatis
387 2432 559 2504 impugnaret
577 2451 635 2486 eam
654 2431 832 2495 sententiam,
858 2449 911 2501 qua
932 2449 987 2483 uno
1006 2441 1128 2503 tempore
1147 2442 1173 2484 et
1191 2451 1246 2484 uuo
1266 2431 1340 2503 quasi

284 2531 379 2572 tenore
397 2519 510 2592 scriptus
528 2519 692 2573 existimatur
708 2518 785 2584 tiber,
804 2518 882 2590 eique
895 2518 1016 2572 absoluto
1035 2519 1121 2572 statim
1141 2520 1261 2574 additum
1281 2541 1341 2574 cre·
1423 2561 1426 2566 ,

283 2605 365 2660 (titur>
377 2607 561 2676 prooemium,
580 2607 630 2661 fuit
648 2604 850 2670 subtutus,
877 2607 924 2676 qui
943 2606 1037 2659 decem
1066 2607 1123 2660 iere
1141 2627 1277 2662 annorum
1296 2609 1339 2661 iu·

282 2694 425 2748 terrallum
450 2694 521 2748 inter
547 2693 705 2747 inchoatum
720 2693 927 2765 absolutumque
953 2694 1112 2763 opusculum
1139 2696 1243 2761 statuit,
1270 2707 1299 2748 ut
1318 2716 1341 2749 a.

283 2782 319 2835 U.
339 2801 364 2835 c.
384 2785 446 2836 tat.
464 2781 562 2852 scripta
582 2782 634 2834 tint
650 2780 785 2835 Paradora
805 2781 871 2845 tria,
892 2781 1055 2849 secundum,
1074 2794 1210 2852 quartum,
1228 2795 1339 2846 sextum,

283 2882 450 2942 postremum
471 2882 543 2925 certe
562 2889 618 2923 non
637 2881 697 2942 poet
715 2889 739 2924 a.
757 2871 823 2923 titt:
852 2868 1026 2922 Prooemium
1052 2881 1141 2923 autem
1167 2889 1231 2923 cum
1256 2870 1339 2924 tribus

283 2957 395 3028 reliquis
412 2977 484 3011 anno
503 2958 638 3010 tribuatur
656 2967 716 3028 post
733 2957 837 3009 Urbem
857 2957 1006 3023 conditam,
1026 2968 1056 3010 ut
1075 2976 1090 3010 a
1109 2957 1257 3029 plerisque,
1276 2961 1338 3010 tot.

284 3044 370 3100 Cuius
387 3047 496 3118 quidem
515 3046 663 3100 sententiae
680 3044 727 3098 bas
745 3043 831 3098 attulit
849 3045 981 3101 rationes:

356 3135 493 3188 Maiarum
512 3135 667 3205 vigiliarum
686 3153 766 3202 opus,
796 3133 829 3185 de
853 3153 908 3203 quo
936 3133 1057 3204 loquitur
1076 3131 1172 3188 Cicero
1191 3134 1219 3187 in
1237 3134 1339 3185 Prooe-

282 3221 357 3287 min,
374 3221 447 3275 aliud
466 3242 521 3276 esse
540 3238 597 3275 non
616 3232 716 3293 potest,
742 3222 792 3275 nisi
812 3221 881 3275 liber
904 3223 935 3273 de
959 3223 1046 3275 Clarie
1065 3221 1240 3286 Oratoribus,
1266 3222 1338 3293 quod

282 3311 311 3361 in
332 3310 442 3363 nomine
460 3311 543 3362 Hruti
561 3310 619 3380 ipae
637 3305 753 3382 scriptor
770 3310 952 3382 comparuisse
971 3311 1043 3365 dicit.
1079 3310 1177 3363 Brutus
1196 3319 1293 3373 autem,
1311 3320 1341 3360 ut

282 3406 404 3459 constat,
422 3396 536 3467 scriptus
554 3408 593 3450 est
611 3415 636 3450 a.
653 3397 687 3451 U.
706 3418 730 3453 c.
749 3403 811 3463 106,
831 3411 957 3453 extremo.
998 3398 1091 3464 Quum
1116 3407 1178 3449 onte
1200 3394 1272 3448 hunc
1290 3415 1340 3448 an-

283 3502 352 3536 num
371 3482 469 3553 scripta
498 3502 553 3536 esse
578 3503 632 3548 non
659 3485 760 3556 possint
779 3486 933 3550 Paradoxa,
962 3486 989 3536 in
1014 3479 1164 3536 Prooemio'
1185 3492 1273 3534 autem
1304 3484 1340 3549 Μ.

281 3568 409 3632 Catonia,
427 3568 503 3622 Bruti
521 3571 661 3638 avuncuii,
689 3574 789 3626 mentio
808 3573 854 3627 fiat
873 3584 903 3626 ut
922 3572 970 3623 riri
989 3568 1073 3641 [quod
1093 3579 1205 3640 apparet
1231 3588 1260 3621 ex
1280 3587 1339 3620 ver-

282 3657 324 3710 bis
341 3656 441 3714 sentit,
467 3669 523 3722 ert,
540 3661 645 3728 solet‚]‚
670 3659 737 3715 Cato
763 3682 825 3716 vera
851 3661 946 3715 Uticae
974 3668 1090 3711 mortem
1114 3654 1162 3711 sibi
1181 3654 1339 3709 consciverit

282 3762 374 3797 menae
393 3743 479 3816 Aprili
498 3765 521 3798 a.
536 3751 605 3814 tot,
634 3768 740 3804 necesse
764 3763 817 3817 est,
846 3747 1021 3804 Prooemium
1051 3744 1181 3818 scriptum
1208 3744 1241 3798 sit
1266 3757 1338 3814 ante,

282 3830 417 3902 quamde
437 3833 859 3892 eiusmortennntiusssomam
888 3836 1065 3909 perferretur,
1091 3834 1108 3889 i.
1127 3853 1150 3886 e.
1176 3852 1257 3888 verno
1281 3833 1338 3886 eius

288 3945 497 3962 *-

353 4027 380 4096 ⁸)
399 4026 493 4080 Unum
512 4028 581 4083 addo
600 4018 739 4086 Aristonis
759 4035 817 4086 onii
841 4031 1019 4085 Paradoxon:
1046 4024 1111 4082 εἶναι
1136 4021 1222 4089 ὅμοιον
1241 4025 1337 4093 ἀγαθῷ

282 4092 412 4168 'immiti
437 4097 484 4152 Τὼ
502 4098 595 4162 aonios
623 4102 656 4156 de
683 4125 737 4176 quo
764 4114 845 4159 exstat
871 4103 939 4156 liber
958 4101 1124 4157 doctissimus
1142 4100 1162 4153 l.
1181 4101 1212 4153 B.
1229 4097 1336 4167 Carp-

283 4168 391 4234 zovii,
411 4171 457 4241 qui
476 4172 643 4227 inscribitur:
662 4176 827 4228 Paradoxon
844 4176 963 4227 Stoicum
975 4173 1125 4227 -Ariotonis
1145 4173 1204 4222 Cbii
1223 4165 1335 4229 bootae

282 4232 373 4291 tirou
391 4262 415 4293 e.
431 4261 456 4294 τ.
479 4244 503 4294 λ.
539 4243 643 4314 Lipsiae
666 4249 745 4299 1742.
766 4250 790 4300 8.
815 4245 861 4298 ubi
888 4245 940 4297 vid.
959 4246 986 4297 in
1007 4243 1099 4314 primis
1116 4241 1188 4294 Sect.
1208 4239 1238 4290 ΙΙ.
1267 4235 1334 4308 Cap.

281 4311 305 4362 ³·
324 4315 351 4364 ⁴¹·
381 4331 407 4382 r·
428 4315 592 4368 ate-mo.
616 4315 683 4386 cap.
701 4320 726 4370 e.
753 4337 779 4387 ρ.
798 4319 960 4371 ser-em.
986 4313 1053 4384 cap.
1073 4316 1099 4366 r.
1125 4331 1150 4380 ρ.
1170 4312 1335 4364 eor—427.

281 4391 306 4432 et
325 4382 447 4435 universe
466 4384 499 4435 de
520 4395 614 4438 natura
633 4386 833 4441 Paradoxorum
853 4387 1007 4447 Stoicarum
1033 4384 1067 4435 ib.
1085 4381 1155 4434 Sect.
1174 4379 1205 4435 ΙΙ.
1226 4382 1292 4451 Cap.
1308 4385 1333 4434 1.
