3450 5342
610 720 612 725 .
683 677 883 739 raeaooxou
907 693 941 739 n.
1294 679 1343 751 97

283 851 393 920 quidem
412 849 445 901 ad
472 850 596 901 secundis
622 849 709 901 rebus.
724 850 811 902 addit:
848 851 905 904 scil.
932 852 1056 919 civitatis,
1089 854 1121 906 ad
1146 858 1279 913 ariversis:
1304 883 1340 917 sc.

284 937 417 1006 propriis3
435 937 467 1006 ad
486 949 645 990 structuram
664 957 726 990 cum
745 940 1004 1010 praepositionibus:
1030 940 1113 1007 ‚‚sed,
1140 963 1222 1013 quum
1247 967 1295 1016 per
1315 959 1341 1003 se

283 1025 462 1098 intelligatur,
482 1045 558 1090 eum,
578 1026 624 1097 qui
642 1026 698 1095 ipse
717 1025 745 1077 in
765 1026 888 1079 secundis
906 1029 986 1080 rebus
1011 1026 1056 1094 stt,
1082 1048 1136 1083 esse
1161 1031 1342 1098 fortunatum3

283 1115 304 1166 si
326 1113 548 1186 praepositionem
569 1115 712 1185 utrobique
733 1116 856 1179 retineas,
876 1115 1022 1185 legendum
1040 1116 1091 1171 erit
1107 1136 1173 1181 cum
1190 1117 1271 1170 Bern.
1282 1118 1340 1174 Bas.

284 1222 319 1264 ea
331 1203 629 1271 fortunatissimis,
660 1202 723 1272 quia
741 1222 806 1255 sane
825 1204 912 1255 maior
937 1204 1188 1279 fortunae-gradus
1215 1206 1342 1259 accedere

282 1290 399 1358 potest.“
434 1288 515 1341 Recte
534 1301 627 1342 monet
645 1289 757 1343 Beierus
775 1290 809 1342 ad
829 1288 1074 1360 Laet.1t‚54.(ad
1094 1310 1121 1345 u·
1134 1292 1184 1342 illa
1203 1293 1341 1362 superbia)

273 1395 339 1428 esse
358 1375 499 1429 ablativum
519 1377 695 1431 absolutum..
719 1378 826 1432 Habent
845 1379 925 1432 etiam
943 1377 1008 1432 On.
1026 1379 1046 1432 l.
1065 1378 1096 1430 Ν.
1115 1377 1195 1431 Drsd.
1213 1383 1239 1432 1.
1260 1383 1284 1434 3.
1309 1392 1343 1433 ra·

277 1466 567 1533 fortunatissimis.
604 1467 665 1520 Mr.

354 1587 495 1653 aduersis]
533 1591 572 1636 In
592 1587 713 1638 adversis
732 1585 926 1643 babentCodd.
938 1588 1017 1643 MSS.
1030 1601 1055 1642 et
1074 1589 1139 1642 Edd.
1159 1590 1213 1642 sere
1233 1609 1338 1642 omnes:

283 1692 333 1724 nos
353 1693 415 1726 cum
435 1675 527 1743 paucis
545 1671 631 1726 Codd.
650 1673 733 1740 (Pitb.
752 1673 810 1726 Crz.
822 1681 848 1729 2.
866 1677 905 1743 3.)
924 1676 993 1729 Edd.
1014 1676 1110 1730 Graes.
1123 1676 1207 1729 Gern.
1227 1676 1291 1739 0r.;
1310 1697 1340 1728 ex

282 1760 394 1830 quibus,
415 1760 448 1811 ad
469 1759 565 1812 Orellii
584 1761 745 1813 sententiam
767 1773 839 1813 recte
869 1775 962 1816 monet
980 1763 1099 1831 Gernb.,
1129 1765 1237 1818 absente
1262 1784 1341 1834 prae-

281 1847 416 1918 positione
435 1847 560 1918 cogitari:
585 1849 650 1899 dum
670 1867 713 1900 res
732 1861 808 1901 erant
826 1850 959 1903 secundae
985 1852 1023 1903 vel
1049 1852 1188 1915 adversae;
1217 1851 1340 1902 secundis

280 1937 310 1985 in
329 1934 408 1986 rebus
426 1955 493 1988 esse:
514 1936 588 1989 cuius
603 1957 643 1988 res
663 1947 739 1990 erant
755 1938 902 1990 secundae:
921 1939 1064 2010 laudatque
1083 1940 1161 1993 Auct.
1180 1939 1212 1992 ad
1224 1939 1339 1992 llerenn.

282 2023 330 2089 tV,
350 2027 393 2089 tt,
413 2027 459 2075 24:
480 2023 526 2076 ubi
546 2035 597 2078 est:
620 2028 726 2075 Errant
745 2026 841 2095 quiin
858 2030 1041 2094 prosperis
1059 2027 1164 2079 rebus
1183 2045 1270 2078 ornnes
1289 2027 1339 2076 irn-

279 2121 363 2179 petus
376 2108 511 2180 fortunae
530 2131 557 2163 se
578 2122 682 2180 putant
703 2112 823 2182 fugisse.
867 2115 1009 2178 Sapienter
1034 2118 1169 2185 cogitant,
1195 2117 1242 2185 qui
1260 2126 1338 2165 tem-

281 2198 430 2267 poribus
449 2201 616 2251 secundis
638 2218 718 2278 casus
742 2200 869 2251 aduersos
894 2201 1080 2271 reformidant.
1116 2199 1146 2252 ln
1162 2199 1229 2254 Cod.
1244 2199 1337 2255 Crnb.

281 2297 343 2357 post
362 2286 427 2337 viris
446 2286 541 2340 desunt
561 2288 640 2339 verba
661 2286 804 2339 videbatur
823 2307 908 2358 usque
927 2289 959 2340 ad
980 2290 1063 2341 vires:
1093 2289 1177 2344 oculis
1201 2289 1302 2342 librarii
1322 2311 1336 2344 a

281 2375 349 2425 viris
367 2375 400 2426 ad
422 2376 491 2427 vires
527 2375 728 2437 aberrantibus;
747 2373 791 2426 sed
812 2393 904 2426 errore
924 2376 1106 2429 animadverso
1128 2365 1210 2448 supra
1239 2377 1336 2431 lineam

282 2461 371 2513 addita
391 2473 461 2514 sunt.
497 2463 527 2514 ln
548 2461 607 2515 Crz.
627 2466 652 2514 1.
670 2462 751 2516 Drsd.
772 2467 796 2514 5.
822 2475 860 2516 est
887 2455 995 2515 suin‘mis
1019 2463 1209 2515 videbatur
1237 2467 1336 2529 viris,

281 2549 375 2619 Pergit
393 2549 451 2603 Cra.
463 2554 487 2602 1.
515 2556 576 2602 'cum
594 2550 674 2602 Drsd.
694 2554 719 2602 5.
743 2569 795 2620 quo
820 2549 927 2601 beatius
951 2551 1021 2602 nibil
1036 2568 1092 2602 esse
1112 2550 1221 2601 mortali
1235 2561 1336 2618 potest.

279 2638 363 2691 Drsd.
383 2641 407 2689 1.
428 2641 453 2690 3.
479 2636 536 2689 Crz.
557 2643 581 2689 2.
611 2657 662 2707 quo
683 2635 786 2686 beatius
805 2637 915 2688 mortali
933 2636 1003 2688 nibil
1019 2624 1198 2709 essi'upotesm
1223 2635 1337 2690 Drsd.2.

279 2724 332 2777 Or.
348 2725 380 2776 E.
391 2745 415 2792 η.
427 2723 642 2775 mortalibus
661 2723 737 2787 nibil,
755 2722 882 2777 Drsd.4.:
901 2726 972 2776 nibil
987 2724 1142 2777 mortalium
1158 2722 1222 2780 esse.
1249 2724 1336 2786 Onu.

280 2813 381 2864 omittit
399 2813 516 2864 mortali.
555 2811 626 2864 Gud.
647 2813 678 2863 A.
698 2810 777 2863 babet
795 2813 880 2864 nichil
892 2823 984 2882 potest
1002 2807 1059 2864 esse
1086 2813 1203 2864 mortali.
1252 2813 1293 2864 Ad
1314 2835 1336 2867 v.

281 2897 339 2951 esse
361 2899 422 2952 Ald.
438 2900 513 2956 Man.
530 2899 677 2953 annotavit:
696 2899 713 2950 i.
733 2918 755 2952 e.
773 2900 938 2971 contingere.
974 2899 1034 2952 Me.
1148 2890 1151 2893 ¹

356 3040 462 3104 Nescis,
480 3042 587 3104 insane,
606 3042 716 3109 nescis.]
737 3041 793 3105 „td
813 3043 963 3095 Antonium
982 3042 1035 3095 boc
1053 3040 1184 3103 refertur,
1208 3040 1235 3092 in
1257 3040 1336 3112 quiin

283 3138 337 3179 tota
357 3128 629 3181 oratione.inrebit.“
649 3129 824 3182 Ata-Man.
860 3131 923 3196 „Ad
942 3130 1092 3183 Antonium
1119 3129 1240 3181 referunt
1266 3151 1335 3183 non-

282 3215 357 3268 nulli.
394 3215 446 3268 Sed
467 3236 528 3278 cum
548 3218 576 3268 in
596 3237 753 3270 communes
776 3217 849 3271 locos
875 3219 940 3270 baec
959 3218 1093 3270 Paradoxa
1124 3216 1268 3269 coniecerit
1287 3215 1334 3270 Ci-

281 3323 362 3368 cero,
381 3305 435 3354 veri
453 3304 565 3356 similius
583 3316 621 3356 est
629 3291 637 3368 ,’
655 3324 806 3367 sermonem
825 3306 964 3363 infinitumv
979 3324 1048 3368 esse,
1076 3303 1102 3354 id
1123 3314 1160 3355 est
1180 3303 1213 3354 ad
1232 3303 1334 3354 nullam

280 3401 380 3443 certam
402 3409 544 3457 personam
564 3400 590 3440 et
609 3390 745 3442 delinitam
765 3393 911 3456 directum,
937 3392 980 3442 sed
1009 3391 1040 3441 ad
1067 3389 1240 3458 quemlibet.“
1261 3391 1334 3444 Fra.

278 3478 375 3548 Sylv·
416 3477 522 3541 „Finita
548 3476 668 3546 quaestio
688 3488 739 3529 est:
764 3479 791 3527 in
812 3477 962 3528 Antonium
980 3475 1111 3527 invehitur·
1131 3476 1214 3525 tota.“
1245 3475 1335 3543 Xyst.

278 3565 324 3616 Be
336 3563 394 3616 tul.
433 3564 601 3629 „Antonium
621 3563 761 3632 intelligit,
780 3576 826 3615 aut
843 3561 969 3632 Clodium
990 3564 1115 3626 fortasse,
1135 3561 1254 3631 quamvis
1271 3561 1334 3613 olim

280 3672 397 3716 caesum,
418 3664 446 3704 ut
465 3663 491 3704 et
508 3650 643 3704 Crassum.
681 3650 758 3718 Quos
777 3651 848 3702 enim
868 3650 938 3701 rivos
956 3669 1011 3705 non
1032 3648 1132 3719 potuit,
1155 3656 1274 3699 mortuos
1293 3647 1335 3699 ul·

280 3742 396 3794 ciscitur.
433 3740 501 3792 Nam
521 3741 548 3791 in
568 3739 619 3792 boc
640 3739 730 3792 libello
750 3739 817 3794 adeo
832 3738 925 3791 Stoico
945 3737 982 3789 vel
999 3737 1114 3814 manime
1133 3734 1272 3787 affectibus
1291 3736 1333 3787 in-

280 3828 510 3881 dulsissevridetur
529 3826 640 3893 Cicero,
671 3848 738 3899 quos
763 3827 799 3879 illi
822 3827 928 3898 penitus
947 3827 1095 3881 resecant.“
1120 3823 1208 3876 Hier.
1228 3823 1332 3876 Wolf.

281 3917 310 3968 lu
328 3917 448 3969 Antonio
468 3916 647 3987 plurimorum
668 3917 746 3969 bodie
767 3935 877 3987 quoque
895 3917 1072 3985 interpretum
1102 3910 1246 3964 sententiae
1266 3930 1332 3963 con-

281 4005 404 4057 veniunt:
436 4023 504 4074 quae
529 4006 607 4056 etiam
637 4004 812 4075 glossatorum
839 4004 1006 4056 coniecturas
1034 4003 1062 4053 in
1091 4001 1167 4052 verba
1195 3996 1332 4051 Ciceronis

280 4103 401 4145 contexta
420 4091 533 4144 intrusit.
572 4093 618 4145 Est
636 4095 708 4146 enim
728 4094 755 4145 in
775 4091 847 4148 cod.
861 4091 921 4144 Crz.
940 4096 971 4144 1:
991 4091 1076 4142 nescis
1091 4109 1105 4139 o
1118 4105 1205 4138 marce
1219 4085 1332 4135 anthoni

279 4181 380 4242 nescis,
399 4197 563 4251 quamquam
583 4181 664 4234 altera
684 4200 778 4233 manus
799 4200 898 4233 nomen
919 4181 966 4250 (m.
979 4181 1019 4247 a.)
1035 4175 1170 4246 expunxit3
1190 4171 1253 4223 Oxx.
1266 4171 1294 4220 E.
1305 4189 1331 4230 ψ.

278 4266 372 4316 insane
393 4286 408 4315 a
428 4269 520 4316 Marce
539 4268 658 4325 Antoni,
677 4268 728 4321 Ox.
748 4269 767 4322 l.
787 4269 882 4324 insane
901 4264 1073 4323 M.,Antonii
1082 4281 1091 4320 ‚·
1110 4256 1190 4310 Drsd.
1207 4261 1237 4308 4:
1258 4277 1272 4305 o
1290 4258 1331 4305 in-

278 4370 357 4408 sane.
384 4373 399 4403 o
426 4354 539 4406 Antoni.
586 4353 657 4407 Gud.
676 4355 708 4408 Α.
736 4357 831 4407 insane
859 4376 874 4406 ο
900 4353 1003 4405 antoni.
1040 4348 1092 4401 Sed
1120 4344 1200 4398 Drsd.
1218 4349 1242 4396 l.
1263 4356 1288 4397 et
1307 4348 1330 4399 3.

278 4441 389 4493 nescitis
406 4441 496 4493 insani
515 4443 631 4494 nescitis.
674 4442 756 4510 Quod
776 4456 863 4498 autem
893 4442 929 4494 ait
947 4435 1048 4492 Gernb.
1068 4432 1188 4504 Sylvium
1207 4445 1232 4486 et
1250 4432 1331 4486 Betu-

1082 4526 1104 4596 7
