3450 5342
348 685 398 756 96
681 683 854 730 rautuoxt
883 684 1076 733 stotcottutt.

349 844 431 896 Miser
449 842 529 894 videri
548 853 667 913 poterat,
686 860 748 895 curn
766 840 856 913 Syllae
876 860 949 894 arma
969 842 1086 897 victricia
1105 843 1225 914 sugeret:
1256 856 1283 897 at
1300 826 1398 899 'felicis-

348 935 412 985 sima
433 931 566 996 maiestas,
590 948 659 1001 quae
678 927 820 983 Cimbrum
845 947 860 982 a
886 948 952 983 nece
980 930 1117 985 deterruit.
1160 929 1287 984 Felicitas
1314 932 1342 983 in
1359 951 1396 984 ae-

348 1019 450 1070 rumnis
469 1018 606 1089 apparuit,
634 1035 697 1070 cum
719 1016 829 1069 aedibus
847 1016 930 1087 ipsius
953 1017 1097 1089 direptioni
1124 1019 1287 1089 propositis,
1314 1038 1396 1073 sacro·

347 1118 436 1159 sancta
455 1106 538 1176 ipsius
556 1103 677 1158 maiestas
686 1103 757 1176 vulgi
777 1105 896 1157 furorem
916 1103 1052 1159 deterruit.
1088 1104 1182 1172 Quid?
1201 1106 1277 1177 quod
1297 1107 1394 1178 gemina

347 1195 437 1246 laurus
455 1202 619 1245 senectutem
639 1193 696 1244 eius
720 1211 749 1243 es
774 1191 911 1245 aerumnis
936 1203 1071 1263 ereptam,
1105 1193 1190 1246 multo
1218 1194 1317 1247 maiori
1344 1214 1394 1248 eon

347 1281 432 1351 gloria
444 1279 590 1346 coronavit,
603 1297 684 1350 quarn
696 1279 782 1332 luerat
800 1288 872 1346 ante,
891 1276 1039 1332 calamitate
1049 1278 1173 1333 intestina
1185 1298 1303 1351 pressus.
1330 1279 1394 1333 Con·

347 1370 429 1422 lessus
449 1367 538 1421 tamen
557 1369 615 1437 ipse
631 1366 733 1419 Marios
751 1377 789 1421 eet
806 1384 834 1419 se
852 1366 979 1419 miserum
1000 1386 1071 1432 esse,
1100 1378 1128 1420 ut
1147 1366 1205 1421 Cic.
1225 1368 1278 1422 Or.
1305 1389 1331 1440 p.
1347 1368 1393 1422 red.

347 1457 380 1509 ad
400 1454 479 1523 Quir.
500 1456 537 1522 [8,
556 1455 602 1522 20]
621 1456 758 1508 testatur.“
778 1454 835 1507 Mr.

417 1543 557 1609 vidiacum]
577 1540 641 1608 „Sc
660 1541 693 1592 de
710 1539 815 1610 Regulo
834 1550 936 1594 tantum
954 1541 1024 1593 lame
1042 1552 1199 1612 acceperat:
1216 1542 1392 1612 Mariumipse

347 1633 473 1684 viderat.“
499 1630 577 1682 Ern.
626 1628 722 1696 „Vidit
742 1647 804 1683 eum
829 1629 941 1694 Cicero,
976 1629 1022 1701 qui
1051 1629 1099 1682 sub
1124 1648 1156 1682 eo
1182 1629 1305 1683 militavit
1330 1629 1390 1684 bello

345 1720 462 1772 Marsico
481 1718 635 1771 adolescens
653 1717 834 1788 duodeviginti
852 1736 1001 1770 annorum:
1026 1716 1059 1768 de
1077 1716 1182 1788 Regulo
1200 1718 1338 1770 audiverat
1355 1728 1391 1770 aut

346 1809 475 1878 legerat.“
494 1806 599 1878 Wytt.
637 1805 678 1857 Ad
698 1805 861 1858 locutionem
883 1806 917 1860 cl.
937 1803 992 1858 Cic.
1012 1803 1061 1858 Or.
1082 1822 1132 1877 pro
1149 1802 1256 1857 Scauro
1266 1804 1391 1876 Fragmm.

345 1917 372 1967 p.
391 1899 471 1949 1132.
489 1893 530 1947 ed.
549 1893 628 1946 Ern.:
646 1892 703 1943 Illa
720 1892 942 1944 audivimus:
968 1892 1018 1944 hoc
1044 1911 1105 1944 vero
1124 1893 1340 1946 meminimus
1363 1911 1390 1942 oc

342 1982 605 2052 poenevidimus.
640 1977 847 2033 Prosenaa:
880 1980 1115 2044 Meminerom,
1133 1980 1252 2045 iudices,
1280 1981 1389 2032 diuinum

344 2070 421 2122 illum
439 2071 527 2121 virum
548 2078 631 2140 atque
647 2085 680 2118 ex
697 2067 805 2131 iisdem,
835 2064 932 2137 quibua
949 2085 998 2119 nos
1016 2065 1154 2120 radicibus
1181 2078 1280 2119 natum
1298 2069 1336 2119 ud
1350 2086 1388 2119 so-

345 2158 428 2210 lutem
444 2156 548 2226 imperii
565 2149 662 2219 tuias,
681 2157 709 2208 0.
727 2158 761 2206 Μ
765 2155 841 2208 criu
849 2173 883 2208 m.
920 2153 980 2207 Mc.

415 2245 463 2317 qui
476 2243 542 2295 milri
559 2241 682 2294 secundia
700 2240 779 2294 robus
792 2261 863 2293 unus
875 2260 907 2292 ex
922 2242 1080 2313 fortunatis
1093 2269 1124 2281 -
1136 2241 1270 2305 adversis,
1284 2258 1387 2293 unusex

343 2335 453 2386 summis
469 2332 536 2385 viris
549 2327 692 2382 videbatur
700 2330 720 2396 :]
738 2330 824 2393 „Mihi
838 2327 956 2381 deletum
976 2328 1051 2381 estin
1074 2347 1129 2380 uno
1147 2331 1240 2381 meo.“
1259 2356 1294 2367 -
1311 2330 1389 2391 „For-

343 2421 468 2482 tissime,
486 2418 584 2470 unus.“
601 2445 637 2455 -
664 2415 1077 2480 ‚,F0r1enatu,0mnibuein
1098 2416 1282 2471 adversisetc.
1300 2415 1388 2468 unus.“

343 2507 415 2560 atd.
433 2505 519 2558 Man.
556 2503 629 2557 ldem
639 2504 673 2557 ad
687 2504 747 2556 uin
758 2502 879 2555 adversis
896 2503 1051 2574 explicanda
1066 2503 1151 2557 addit:
1169 2522 1259 2575 „quas
1272 2513 1388 2556 coustan-

342 2592 440 2648 tissime
460 2593 605 2666 pertulit:“
625 2605 651 2647 et
669 2593 702 2644 ad
713 2611 736 2645 r.
747 2591 898 2643 exsummis
911 2591 993 2643 viris:
1012 2592 1112 2658 „Recte
1130 2593 1173 2644 vir
1186 2593 1213 2644 in
1230 2587 1387 2662 perferendis

344 2682 466 2736 adversis.
506 2683 603 2735 Cicero
622 2682 650 2734 in
669 2680 767 2734 Bruto:
795 2681 830 2746 [c.
848 2681 904 2747 71.]
932 2679 995 2732 Vidi
1014 2679 1156 2750 Mitylenis
1173 2681 1278 2743 virum,
1294 2690 1320 2730 et
1338 2674 1386 2728 vidi

339 2772 422 2839 plone
440 2771 552 2824 uirum.“
589 2768 736 2834 „Advenis
754 2767 824 2836 (sine
841 2768 884 2833 in)
902 2765 971 2819 Pith.
983 2765 1041 2819 MS.
1058 2778 1083 2820 et
1095 2766 1145 2819 Ed.
1157 2765 1261 2838 Lang.“
1280 2764 1386 2817 Graes.

343 2858 384 2910 Ad
404 2874 482 2913 usum
502 2856 572 2908 vocis
590 2856 666 2908 homo
683 2865 710 2908 et
724 2855 779 2918 vir,
796 2853 830 2905 de
849 2853 959 2917 codem,
978 2854 1006 2905 in
1025 2853 1120 2907 scholis
1137 2853 1255 2907 laudavit
1266 2855 1385 2924 Wytten·

235 2931 238 2935 .
342 2945 452 3000 bachius
468 2941 649 2995 Bibliothecae
667 2940 783 2994 Criticae
795 2949 899 3010 partem
910 2940 971 2992 Vlll
990 2953 1015 2994 et
1026 2942 1082 2994 xtt.
1118 2942 1190 2995 Sunt
1206 2941 1234 2995 hi
1244 2941 1297 2995 loci
1313 2962 1338 3012 p.
1348 2944 1384 2993 8⁰.

343 3046 368 3088 et
385 3055 412 3104 p.
431 3035 466 3084 ttt
485 3049 525 3100 sq.
543 3029 589 3080 ubi
614 3028 690 3099 plura
717 3029 834 3100 reperies
858 3027 978 3082 collecta.
1023 3030 1097 3083 ldem
1126 3029 1157 3081 ad
1181 3049 1205 3083 v.
1229 3049 1264 3080 ex
1287 3029 1385 3081 summis

342 3125 408 3174 viris
427 3121 504 3173 baec:
525 3119 618 3184 „beata
638 3117 688 3170 vita
707 3137 728 3170 s.
744 3137 879 3170 summum
899 3119 1003 3171 bonum
1020 3117 1071 3172 hac
1089 3119 1117 3171 in
1136 3138 1165 3172 re
1184 3137 1311 3189 magnam
1329 3135 1384 3190 par·

343 3222 395 3262 tem
414 3207 498 3278 posita
517 3216 568 3270 est,
594 3205 669 3259 utin
689 3215 805 3276 utraque
828 3206 937 3258 lortuua
967 3207 1144 3260 constantiam
1165 3226 1317 3272 servemus,
1342 3221 1384 3257 uec

341 3295 457 3348 secunda
476 3293 617 3358 tollamur,
636 3313 686 3345 nec
705 3293 811 3346 adversa
831 3294 1022 3366 deprimamur.
1058 3294 1200 3347 Beatitudo
1218 3306 1308 3349 autem
1327 3312 1383 3365 pro·
1407 3336 1414 3353 ,

340 3382 467 3437 ficiscitur
485 3402 499 3435 a
519 3380 622 3447 virtute,
642 3381 723 3434 virtus
742 3392 831 3434 autem
843 3379 955 3435 Graecis
967 3381 1095 3436 defruitur
1106 3379 1230 3452 ἀκρότης,
1247 3381 1382 3442 summitas,

339 3471 357 3524 i.
375 3486 535 3524 e.·summus
553 3470 651 3541 gradus
671 3469 842 3541 perfectionis
859 3471 950 3523 animi.
986 3471 1078 3542 ltaque
1096 3471 1136 3522 vir
1155 3489 1277 3523 summus
1293 3470 1383 3522 Roma-

341 3559 382 3610 nis
399 3558 498 3611 dicitur
516 3559 556 3609 vir
573 3557 648 3610 omni
665 3559 760 3611 virtute
782 3558 941 3624 cumulatus,
961 3558 1065 3610 Graece
1083 3553 1176 3626 ἄκρὸςε
1196 3557 1251 3610 [ἰν.
1259 3561 1303 3623 45,
1321 3560 1346 3610 8.
1362 3565 1382 3606 et

340 3656 430 3700 nostra
450 3656 543 3698 annot.
562 3645 595 3697 ad
613 3644 749 3698 Plutarch.
768 3645 796 3697 in
821 3645 930 3699 Consol.
957 3646 990 3698 ad
1016 3644 1141 3715 Apollon.
1166 3664 1192 3715 p.
1211 3648 1274 3700 103.
1322 3643 1383 3695 Hinc

339 3743 365 3784 et
383 3733 456 3802 quod
476 3733 504 3783 in
521 3730 575 3784 alto
596 3743 646 3796 est,
675 3731 747 3801 quod
770 3750 907 3785 summum
925 3745 976 3799 est,
1003 3750 1083 3804 supra
1110 3732 1247 3785 fortunam
1273 3741 1382 3784 erectum

339 3830 475 3883 censetur,
493 3829 518 3870 et
536 3818 591 3888 ipse
609 3818 711 3889 lupiter
729 3819 937 3890 cognominatur
955 3817 1095 3883 tinnulum.
1139 3819 1212 3890 Ergo
1232 3820 1319 3871 minus
1337 3816 1381 3868 la-

339 3907 394 3959 tine
412 3908 452 3959 vir
468 3925 588 3960 summus
602 3905 682 3959 hodie
699 3907 854 3961 nominatur
872 3907 970 3979 aliquis
987 3908 1146 3962 eruditior.“
1180 3906 1239 3958 Mr.

410 3997 456 4067 qui
474 3995 539 4046 milri
555 3996 678 4047 secundis
696 3995 775 4048 rebus
793 3997 854 4063 cet.]
874 3996 929 4050 Pro
947 3997 1013 4048 milti
1031 4007 1069 4049 est
1086 3995 1155 4046 nihil
1172 3995 1201 4047 in
1214 3991 1350 4047 Code
1361 3993 1381 4044 d.

338 4082 472 4137 Scribitur
488 4083 499 4133 i
504 4102 522 4134 n
540 4084 664 4136 secundis
681 4083 759 4136 rebus
777 4085 805 4138 in
825 4085 912 4139 Codd.
929 4083 988 4137 Cra.
1005 4089 1030 4138 2.
1049 4082 1129 4136 Drsd.
1145 4086 1170 4135 l.
1190 4085 1215 4135 ³.
1234 4086 1260 4135 4.
1277 4087 1303 4135 5.
1319 4079 1381 4132 Sue-

337 4169 388 4223 rin.
407 4170 479 4223 Gud.
497 4170 529 4225 Α.
548 4171 642 4227 Duisb.
667 4171 758 4229 Guett.
805 4173 909 4226 Vocem
928 4173 993 4223 auidi
1017 4172 1144 4226 omittunt
1172 4170 1257 4223 Codd.
1283 4166 1382 4223 Suerin.

337 4257 416 4312 Drsd.
433 4260 538 4313 Habent
557 4261 680 4313 secundis
698 4263 733 4312 in
759 4261 838 4312 rebus
856 4260 923 4313 Osa.
950 4279 991 4312 sex
1010 4261 1130 4330 (praeter
1147 4277 1193 4325 ψ.,
1222 4260 1269 4331 qui
1289 4257 1383 4311 exhibet

337 4363 376 4394 ex
395 4347 488 4413 rebus,
516 4348 623 4422 omnes)
642 4367 704 4401 cum
723 4347 904 4414 Manutianis,
930 4358 956 4400 et
980 4346 1047 4399 Edd.
1073 4347 1231 4419 pleraeques
1264 4347 1384 4401 omittunt

337 4433 364 4482 in
382 4431 450 4486 Edd.
463 4435 547 4504 Lang.
564 4433 660 4488 Graev.
682 4435 731 4490 Ed.
752 4455 808 4507 pre.
825 4438 904 4489 ¹465.
923 4434 1039 4502 floheri,
1059 4433 1160 4488 Geruh.
1179 4448 1205 4491 et
1223 4435 1274 4491 Or.
1296 4431 1382 4487 utor·
