3450 5342
405 667 480 740 348
797 688 960 736 excussus
986 687 1057 735 vm.

404 868 460 903 esse
483 859 591 919 putem,
619 849 666 920 qui
693 858 852 900 senatum
882 865 957 900 esse
987 848 1019 899 in
1047 865 1081 898 re
1109 844 1259 915 publica
1294 867 1360 900 non
1383 859 1457 917 puta-

407 937 466 992 vit?
503 937 563 989 Mr.

827 1053 1034 1063 ν.--------ι---

774 1206 985 1266 Excuusus
1009 1207 1086 1265 Vlll.

629 1359 704 1432 sn
737 1357 1079 1434 omanoxon
1107 1363 1177 1454 lv,
1205 1359 1248 1432 12

426 1573 468 1594 ι,-
497 1539 548 1600 Ac
569 1533 659 1615 vide,
680 1558 786 1620 qctam
809 1536 881 1598 ista
905 1535 959 1598 tui
981 1534 1164 1600 latrocinii
1189 1533 1265 1597 tela
1290 1545 1436 1598 coutem-

404 1638 519 1702 serim.
562 1638 740 1701 Iactum
771 1647 805 1700 et
827 1637 1075 1702 immissam
1106 1661 1129 1700 a
1161 1649 1196 1702 te
1219 1635 1451 1715 rteftcrinmin

365 1727 368 1735 ¹
449 1763 502 1804 me
524 1739 696 1803 iniuriam
718 1761 852 1825 semper
873 1739 963 1803 duxi
971 1769 982 1804 .-
1003 1739 1276 1827 pervenisse
1300 1739 1418 1803 adme

759 1862 940 1927 autequam
956 1841 1096 1928 putavi.

475 2002 596 2068 „Nemo‚
622 2001 694 2072 quod
721 2002 819 2067 sciam,
844 2018 956 2066 eorum,
985 2001 1030 2071 qui
1054 2000 1142 2054 adhuc
1160 1997 1309 2052 Ciceronis
1327 1997 1449 2052 Paradoxa

404 2101 597 2155 tractaverunt,
617 2090 644 2141 in
664 2088 715 2142 hoc
733 2089 793 2142 loco
811 2089 863 2141 sive
883 2088 997 2160 legendo
1016 2090 1067 2140 sive
1086 2087 1245 2158 explicando
1266 2088 1359 2141 haesit.
1394 2085 1449 2136 Nam

405 2176 477 2248 quod
497 2197 548 2247 pro
566 2179 680 2242 iactam,
706 2195 768 2229 cum
796 2176 864 2229 liber
884 2176 992 2247 quidam
1020 2175 1229 2228 lllediolanensis
1251 2174 1390 2244 [intelligit
1403 2172 1450 2224 sine

404 2265 486 2316 dubio
505 2263 648 2315 editionem
675 2262 792 2334 aliquam
810 2264 1056 2328 Mediolanensem,
1085 2264 1166 2317 seculi
1187 2264 1264 2328 XV„
1298 2263 1390 2334 quales
1410 2260 1450 2312 ali·

405 2360 471 2420 quot
489 2368 550 2403 cum
570 2349 674 2404 Officiis
701 2364 750 2406 etc.
769 2353 913 2420 exierunt,]
944 2352 1053 2406 haberet
1078 2352 1177 2415 lotam,
1197 2351 1299 2421 Xystus
1329 2348 1450 2402 Betuleius

404 2438 519 2492 coniecit
531 2437 674 2510 legendum
688 2459 742 2493 esse
754 2442 871 2506 illatam,
890 2439 955 2492 nihil
968 2458 1120 2493 moramur:
1141 2458 1229 2509 neque
1241 2438 1328 2509 magis
1341 2436 1450 2490 audimus

404 2524 471 2578 duos
489 2525 550 2579 Atdi
576 2526 680 2597 nepotis
707 2527 802 2595 libros,
832 2527 950 2580 eiusdem
979 2527 1050 2581 vocis
1078 2527 1139 2581 loco
1158 2528 1274 2598 saetam
1303 2526 1448 2585 exhibentes,

404 2613 639 2685 Osoniensemque
657 2634 742 2668 unum
762 2618 954 2687 iactatumque.
991 2615 1057 2667 lllud
1079 2634 1191 2668 moneo:
1218 2613 1368 2685 posteriora
1388 2612 1449 2682 prio·

404 2702 477 2755 ribus
495 2721 589 2773 parum
611 2703 766 2768 convenire,
795 2722 828 2756 ne
847 2705 933 2757 dicam
961 2704 1154 2758 contradicere.
1200 2701 1324 2772 Explicat
1353 2700 1448 2773 quidem

404 2789 579 2844 Gernhardus
605 2791 684 2843 verba
712 2793 813 2842 iactam
832 2805 857 2845 et
886 2793 1042 2844 institissem:
1071 2793 1190 2856 Iacitur,
1215 2791 1326 2856 dicens,
1356 2788 1448 2846 iniuria,

404 2898 472 2950 quae
491 2879 586 2945 subito,
606 2890 733 2950 tanquam
753 2898 808 2931 uno
825 2879 888 2944 ictu,
908 2880 1035 2941 infertum
1058 2879 1159 2931 lentius
1169 2879 1352 2930 immittitur(
1377 2874 1449 2946 Equi·

404 2968 464 3020 dem
485 2987 539 3020 non
559 2984 696 3036 repugno:
717 2965 760 3017 sed
781 2967 933 3036 quomodo,
954 2986 1067 3038 quaeso,
1098 2965 1243 3017 irnnsissom
1264 2967 1294 3016 in
1324 2985 1352 3017 se
1378 2970 1448 3033 potest

403 3055 491 3106 dicere
510 3054 645 3116 iniuriam,
664 3071 733 3122 quae
751 3054 771 3104 si
789 3054 908 3107 immisso
926 3055 976 3107 luit
995 3055 1021 3106 in
1039 3052 1209 3118 Ciceronem,
1228 3072 1294 3105 eum
1312 3048 1447 3105 necessario

403 3141 510 3211 tetigit:
538 3150 564 3191 et
586 3139 672 3192 statim
692 3149 781 3193 tamen
801 3143 947 3209 subiicere,
971 3160 1110 3212 nunquam
1130 3140 1202 3193 illam
1223 3139 1257 3192 ad
1282 3160 1311 3194 se
1337 3139 1448 3191 iniuriam

399 3225 574 3297 pervenisse?
611 3226 683 3294 Quid
708 3228 813 3283 multa?
862 3233 995 3284 Emissam
1020 3230 1171 3302 proiectum
1200 3248 1258 3281 esse
1288 3248 1302 3280 a
1329 3227 1447 3280 Cicerone

404 3315 521 3368 existimo
547 3335 607 3382 cum
627 3317 854 3388 Wyttenbachio,
884 3319 926 3372 cui
953 3338 1003 3388 ego
1023 3317 1119 3370 Leidae
1138 3315 1210 3368 hunc
1230 3317 1321 3386 ipsum
1341 3313 1448 3366 libellum

403 3403 542 3456 iuvenibus
560 3403 706 3457 litterarum
731 3407 852 3460 studiosis
874 3407 1013 3477 explicanti
1040 3425 1150 3476 operam
1176 3404 1246 3457 dedi.
1305 3405 1364 3476 Ego
1390 3420 1448 3463 sero,

404 3492 475 3564 quod
491 3493 550 3558 ille,
571 3505 663 3564 utpote
682 3493 709 3545 in
728 3493 832 3559 scholis,
851 3482 955 3558 omisit,
975 3493 1048 3546 locos
1066 3493 1162 3546 addam
1182 3490 1388 3558 Ciceronianus,
1404 3506 1449 3560 quo

404 3580 489 3633 maior
506 3581 614 3634 accedat
632 3583 672 3634 isti
692 3582 861 3636 coniecturae
880 3584 1028 3636 auctoritas.
1078 3581 1111 3634 Et
1138 3582 1258 3653 primum
1289 3582 1396 3655 quidem
1418 3587 1449 3630 ed

404 3669 431 3720 in
450 3669 500 3722 Or.
521 3689 570 3738 pro
593 3667 685 3722 Caelio
703 3672 747 3735 12,
767 3673 810 3723 29.
829 3670 937 3722 aculeos
956 3699 990 3709 -
1008 3673 1168 3721 emittere
1186 3673 1216 3722 iu
1237 3672 1368 3722 dominam
1385 3679 1410 3719 et
1426 3667 1449 3716 in

403 3774 486 3807 reum.
523 3757 594 3807 Tum
612 3757 662 3809 Or.
682 3757 715 3810 de
734 3758 995 3828 llarusp.Respons.
1014 3762 1039 3824 l,
1059 3763 1091 3810 2:
1124 3758 1450 3829 'l'elo,quc1econiece·

403 3843 455 3893 rit
473 3843 596 3894 inimicus
615 3871 650 3881 -
669 3862 739 3914 quae
757 3844 859 3915 collega
878 3873 913 3884 -
933 3849 1068 3901 evolsit:
1088 3847 1134 3899 ubi
1152 3847 1216 3898 item
1237 3846 1307 3914 lere,
1325 3855 1351 3897 ut
1368 3851 1450 3894 nostro

403 3930 479 3996 loco,
499 3929 588 3983 iuncta
608 3929 689 3984 habes
706 3931 821 3984 iacienda·
840 3943 867 3986 et
884 3934 1024 3987 einittendi
1043 3935 1131 3988 verba.
1169 3933 1278 3986 Deinde
1301 3953 1358 3998 usu,
1378 3947 1449 4002 quem

403 4018 512 4084 dicunt,
531 4019 625 4073 tralato
645 4022 791 4091 posteriore
810 4023 891 4077 verbo
909 4024 943 4077 ita
965 4025 1048 4079 utitur
1065 4033 1169 4087 noster,
1190 4033 1220 4075 ut
1239 4021 1356 4075 alterum
1374 4018 1450 4081 addat,

404 4126 457 4178 quo
476 4107 584 4159 demum
603 4118 708 4160 tactum
726 4129 780 4163 csse
798 4133 859 4165 eum
879 4113 1061 4184 significatur,
1082 4112 1108 4164 in
1130 4129 1212 4183 quem
1232 4111 1320 4165 telum
1338 4112 1448 4161 emissum

404 4207 449 4250 est.
497 4195 543 4249 Sic
561 4197 594 4248 de
616 4196 666 4249 Or.
685 4198 718 4264 ll,
736 4203 779 4266 53,
801 4206 865 4256 214:
897 4205 1097 4275 Argumentum
1122 4201 1195 4252 ratio
1220 4201 1282 4269 ipsa
1311 4199 1448 4267 confirmat,

404 4305 473 4355 quoe
492 4285 672 4356 simulatque
697 4289 824 4340 emisso
848 4301 903 4355 est,
931 4289 1180 4341 atldaeresct't:
1209 4289 1243 4342 ad
1265 4308 1347 4360 quem
1373 4287 1447 4338 locun

404 4371 454 4421 rid.
475 4370 622 4437 Orellium,
648 4374 721 4446 Opp.
741 4377 795 4430 Cic.
815 4378 847 4430 Τ.
868 4379 884 4430 Ι.
905 4399 929 4449 p.
950 4383 1010 4432 298.
1056 4377 1096 4428 lle
1115 4375 1167 4429 Or.
1187 4379 1219 4443 ll,
1239 4383 1284 4444 54,
1307 4382 1377 4433 ²19:
1402 4391 1447 4425 ΝΜ

408 4487 438 4497 -
458 4459 529 4508 illud
547 4489 580 4497 -
601 4461 701 4516 dictam
725 4466 885 4519 antissam
916 4472 1059 4520 (tuerere
1091 4466 1197 4520 debeat.
1254 4468 1381 4539 Denique
1403 4466 1447 4534 ipsu
