3450 5342
671 692 867 742 rautnoxou
893 693 928 738 u.
1278 672 1327 745 95
1392 695 1395 700 ·

280 857 419 911 mutandis
435 858 548 907 Remum
567 851 665 905 mieeue
682 861 765 909 eeeet,
783 852 954 921 iurassetque
981 868 1009 902 ee
1027 851 1192 918 rediturum,
1217 856 1331 925 primum

280 957 314 997 ut
332 945 421 1008 venit,
448 941 570 1011 captivae
595 939 742 991 reddendae
765 941 795 990 in
812 949 911 991 aenatu
938 955 991 990 non
1009 939 1129 992 cenauite
1156 939 1249 994 deinde
1273 963 1330 997 cum

280 1032 444 1084 retineretur
460 1049 479 1081 o
493 1027 652 1099 propiuquie
668 1035 697 1078 et
715 1025 751 1077 ab
768 1027 878 1092 amicir,
896 1025 936 1077 ad
951 1024 1114 1094 supplicium
1131 1025 1217 1079 redire
1228 1032 1334 1097 maluit,

281 1139 364 1192 quam
376 1117 461 1186 fldem
478 1115 552 1168 tratti
569 1114 664 1166 datam
684 1113 813 1185 fallere.“
841 1112 997 1173 Morieot.
1044 1111 1156 1180 „Placia
1179 1114 1245 1168 mihi
1273 1117 1336 1170 Mo-

283 1207 357 1260 rieoti
375 1205 468 1270 lectio,
489 1197 553 1255 ὅταν
570 1204 665 1253 ἐκείνου
683 1203 759 1263 σῶμα
785 1198 1012 1270 αἰχμαλωτίζηται
1036 1210 1063 1254 et
1086 1198 1150 1254 htu'c
1172 1201 1212 1255 rei
1236 1202 1336 1256 confir-

283 1293 397 1346 mandae
415 1290 509 1345 serviet
525 1288 694 1343 Paradorum
713 1288 856 1360 quintum,
881 1281 929 1340 ire.
941 1287 1036 1346 nareae
1061 1287 1084 1338 ei
1103 1291 1178 1350 σοφοὶ
1194 1287 1336 1360 linituram.

283 1380 366 1448 Quod
386 1377 511 1449 congruit
529 1395 592 1430 cum
619 1376 742 1431 doctrina
766 1374 933 1442 christiana,
962 1393 1032 1446 quae
1057 1385 1086 1428 ut
1110 1376 1233 1447 corporis
1256 1379 1339 1433 eervi-

283 1478 367 1520 tutem
393 1485 448 1520 non
473 1465 575 1531 aufert,
604 1464 640 1518 ita
658 1463 758 1517 Paulus
784 1465 862 1518 etiam
888 1464 917 1517 in
936 1463 999 1534 ipeie
1025 1461 1135 1517 vinculis
1164 1463 1233 1519 liber
1259 1467 1338 1522 tuit.“

283 1554 376 1626 Xyat.
395 1552 581 1608 Betuleiue
616 1555 799 1621 „Caperetur,
817 1553 879 1621 copi
897 1562 924 1605 et
941 1548 1104 1605 Pithoeanue
1124 1553 1212 1606 etalii
1230 1555 1338 1609 codices

283 1643 423 1714 plurimi.“
437 1640 563 1694 'Graan
600 1639 654 1693 Pro
673 1650 763 1693 noetra
782 1639 898 1694 lectione
916 1638 1006 1693 iaudat
1025 1638 1107 1709 Borg.
1127 1638 1182 1695 Cic.
1202 1639 1339 1708 octar:

286 1730 383 1782 Virtue
400 1737 427 1778 et
452 1745 553 1795 eernper
577 1735 605 1776 et
629 1726 687 1778 eolo
711 1725 876 1792 liberaret„
900 1737 969 1799 quae
995 1755 1030 1768 -
1054 1727 1161 1779 etiamei
1192 1747 1338 1799 corpora

283 1823 395 1885 capta
412 1813 487 1866 rint
506 1813 589 1865 armie
608 1822 660 1863 out
677 1813 880 1864 conetricta
899 1813 1068 1876 vinculis,
1095 1823 1185 1866 tamen
1203 1844 1237 1853 —
1256 1815 1337 1868 iiber·
1417 1862 1418 1866 ,

283 1914 370 1956 totern
388 1912 478 1954 tenere
496 1899 597 1955 debeat.
635 1899 677 1952 De
694 1898 717 1950 F
719 1898 776 1954 inn.
795 1899 840 1966 111,
860 1903 909 1952 11.;
934 1899 1072 1969 Sapientia
1091 1918 1217 1970 corpus
1234 1902 1340 1955 etiamsi

284 1991 579 2060 constringatur,
614 1987 703 2038 animo
737 1996 827 2039 tamen
858 1985 969 2039 vincula
1004 1987 1081 2040 iniice'
1108 1989 1187 2041 nullo
1215 2001 1340 2058 pareunt.

285 2075 495 2152 wyttenbachio
524 2094 579 2128 non
605 2073 761 2146 displicebat
784 2084 956 2168 corper'etur,
990 2075 1078 2143 carpi,
1106 2074 1249 2141 nimirum,
1279 2077 1340 2148 quia

285 2167 370 2237 magis
389 2183 451 2219 cum
470 2161 644 2217 antecedente
665 2160 840 2214 cruciabatur
859 2173 1000 2233 congruat.
1037 2160 1104 2215 Mihi
1117 2162 1248 2217 librorum
1262 2162 1341 2218 lectio

286 2264 390 2307 tantum
410 2271 466 2305 non
486 2250 796 2322 omniumpraeierenda
808 2249 921 2304 risaeet.
954 2254 1123 2320 Carperetur,
1141 2254 1217 2320 carpi
1235 2251 1287 2324 legi
1306 2255 1343 2308 ait

284 2339 336 2393 Or.
354 2341 383 2392 in
402 2338 470 2392 Edd.
490 2336 536 2391 Cr.
555 2350 581 2392 et
599 2337 682 2409 Lang.
717 2337 1243 2409 Noereperimueetiaminttd.1atss.
1263 2340 1342 2395 Boul.

285 2425 344 2496 (sed
363 2425 412 2479 hae
429 2425 458 2478 in
478 2443 561 2496 marg.
579 2424 678 2479 habent
695 2436 815 2479 nostram
833 2425 990 2493 lectionem)
1009 2426 1163 2485 1111511.
1182 2430 1245 2486 Par.
1258 2433 1337 2485 15⁵3.

286 2515 317 2569 in
335 2514 386 2567 Et.
407 2513 566 2568 Aee-1511.
594 2523 633 2566 est
660 2524 830 2583 carperetur,
856 2514 933 2582 copi5
961 2513 989 2565 in
1013 2513 1074 2567 Par.
1100 2535 1120 2568 e.
1139 2536 1164 2569 a.
1192 2528 1340 2586 conentur,

285 2603 377 2672 carpi:
404 2612 431 2655 et
449 2601 487 2654 sic
515 2600 593 2653 etiam
615 2599 703 2653 codd.
727 2599 834 2653 Suerin.
859 2611 886 2653 et
911 2599 991 2653 Drsd.
1009 2603 1035 2652 1.
1060 2600 1170 2673 Legitur
1195 2615 1256 2674 poet
1278 2602 1344 2657 haec

284 2691 343 2761 ipse
369 2699 439 2741 certe
463 2689 491 2741 in
516 2686 603 2741 codd.
628 2685 699 2740 Gud.
717 2688 750 2740 A.
775 2687 856 2740 Dred.
875 2690 902 2741 1.
921 2691 947 2742 3.
976 2686 1034 2742 Cre.
1053 2693 1085 2754 ²3
1109 2689 1144 2742 in
1165 2689 1246 2744 Drsd.
1265 2696 1290 2744 1.
1308 2694 1341 2745 4:

286 2777 362 2828 abest
379 2776 444 2844 ipse.
481 2775 539 2827 Vox
557 2776 615 2827 eine
634 2773 706 2828 decet
723 2773 752 2826 in
770 2771 880 2837 01.E;
907 2773 934 2827 in
953 2775 1035 2829 Dred.
1052 2779 1077 2830 1.
1104 2777 1194 2830 votuit
1219 2778 1344 2831 scribitur

287 2882 338 2934 pro
362 2862 464 2932 potuit.
487 2861 546 2914 Mr,
594 2866 675 2932 „Ipse
697 2861 715 2915 i.
742 2881 766 2915 e.
792 2861 898 2915 animur
924 2862 1038 2934 Reguli„
1079 2862 1126 2918 sie
1157 2863 1343 2937 philosophum

287 2948 474 3004 Anaxarchum
492 2949 661 3021 accepimus,
685 2968 748 3004 cum
774 2969 789 3003 a
811 2950 941 3021 Tyranno
960 2951 1140 3006 Nicocreonte
1164 2962 1346 3024 torqueretur,

288 3037 395 3092 dixisse:
435 3039 543 3101 Turde,
569 3039 653 3091 tunde
677 3039 841 3091 Anaxarchi
866 3039 1019 3104 socculum,
1035 3041 1247 3092 'Anaxarchum
1274 3041 1345 3092 nihil

288 3125 406 3177 tundie.“
425 3124 497 3180 Fre.
516 3125 609 3198 Sylv.
646 3124 688 3179 Cf.
705 3126 803 3180 Tuecc.
821 3125 854 3192 Π,
874 3131 917 3179 11.
934 3125 968 3181 de
983 3127 1016 3181 N.
1034 3128 1069 3181 D.
1081 3127 1179 3193 ntae.
1214 3129 1256 3183 Ad
1282 3130 1345 3199 copi

290 3224 404 3268 annotat
421 3214 564 3284 (nimirum
583 3232 618 3268 ne
636 3215 712 3284 carpi
730 3213 843 3283 scribae)
860 3214 994 3270 Facciol.:
1013 3215 1125 3284 „Utitur
1143 3215 1196 3272 hoc
1213 3218 1310 3284 verbo,
1328 3237 1343 3271 a

290 3323 345 3374 quo
365 3313 403 3355 eet
421 3303 571 3370 captiva-25⁶
595 3329 603 3344 ·

362 3395 390 3441 0.
410 3406 471 3440 vero
491 3388 612 3440 Marium
630 3388 773 3455 vidimut,]
792 3387 986 3453 „Plutarchue‚
1005 3399 1032 3441 et
1054 3390 1185 3454 Vaieriue,
1203 3401 1230 3443 et
1248 3389 1344 3444 Cicero

287 3481 316 3533 in
336 3476 462 3529 Pisonem
481 3485 508 3526 et
526 3483 586 3545 poet
603 3474 660 3526 red.
679 3474 712 3526 ed
733 3473 854 3541 Quirit.“
873 3474 945 3527 Atd.
959 3473 1049 3528 Man.
1093 3473 1214 3543 intellige
1237 3474 1345 3529 Plutar-

287 3567 371 3622 chum
389 3564 418 3617 in
439 3561 498 3615 Vita
516 3559 611 3624 Marii,
636 3553 774 3614 Valerium
793 3559 940 3613 Maximum
958 3559 1070 3628 paeeim,
1093 3559 1121 3612 in
1141 3559 1235 3632 primia
1252 3559 1299 3626 Vi,
1318 3563 1344 3626 11,

287 3649 422 3714 1111111,
443 3653 467 3713 1,
488 3653 512 3701 1.
531 3646 601 3713 vut,
620 3649 664 3713 111,
683 3650 709 3701 ’1.
745 3647 833 3701 Locoe
857 3645 997 3701 Ciceronie
1014 3644 1141 3701 collectae
1167 3646 1247 3700 habea
1271 3647 1343 3719 apud

288 3737 423 3793 Orellium
441 3735 582 3789 Onomaet.
601 3732 657 3789 Cic.
675 3733 707 3800 11,
728 3754 754 3806 p.
773 3737 937 3790 ast-386.
982 3733 1069 3789 Locue
1085 3734 1113 3787 in
1126 3731 1176 3789 Or.
1196 3735 1224 3789 in
1242 3735 1295 3792 Pia,
1306 3747 1344 3791 eet

290 3827 470 3881 uirtuti.
487 3824 517 3877 in
536 3823 655 3894 Onpoet
670 3822 737 3876 Rea.
754 3823 788 3877 ad
809 3820 889 3889 Quir.
908 3842 931 3876 c.
951 3825 976 3877 3.
994 3833 1021 3875 et
1039 3825 1099 3876 αθ.
1135 3821 1182 3876 Hie
1199 3822 1265 3878 locis
1282 3843 1344 3879 cum

291 3913 425 3970 cumulate
444 3911 605 3965 eatieiactum
623 3911 657 3964 eit
675 3911 714 3977 iia,
735 3910 824 3982 quiin
842 3910 1003 3964 memoriam
1021 3910 1110 3965 redire
1123 3910 1237 3981 cupiunt
1252 3930 1343 3964 rerum

291 4015 424 4074 generum
444 3999 536 4065 Marii,
561 3997 798 4070 ionga·Francisci
816 3996 900 4070 Sylvii
933 3999 967 4051 de
994 4017 1026 4052 eo
1051 3997 1223 4052 annotatione
1248 3999 1343 4050 omissa

290 4090 440 4143 breviorem
459 4087 528 4142 addo
547 4085 601 4142 huc
618 4086 761 4142 facientem
779 4086 856 4156 Xyeti
874 4085 1001 4142 Betnleii:
1019 4087 1100 4152 „Non
1119 4086 1196 4141 facite
1214 4097 1253 4140 eet
1262 4085 1344 4148 dictu,

292 4189 382 4231 utrum
401 4174 502 4230 Mariua
518 4175 653 4237 aerumnis
670 4174 792 4247 plur-ibor
810 4193 846 4230 au
864 4175 946 4229 rebus
962 4173 1070 4246 egregie
1087 4173 1246 4243 fortiterque
1264 4173 1344 4240 gestie

291 4263 390 4318 clarior
406 4263 495 4318 fuerit.
540 4261 656 4333 Superat
680 4272 769 4315 amen
795 4261 877 4316 virtue
907 4271 1025 4325 tanmm,
1055 4269 1085 4312 nt
1110 4276 1140 4310 ex
1166 4257 1206 4313 1υέ
1230 4256 1344 4325 felicior,

292 4370 373 4424 quam
392 4370 422 4404 ex
440 4351 491 4404 illie
507 4349 693 4404 aerumnosior
711 4349 763 4403 dici
781 4349 876 4420 ponit:
906 4366 990 4418 neque
1017 4343 1084 4397 adeo
1111 4362 1238 4397 aerumna
1259 4344 1344 4399 felici·

290 4449 372 4495 tatem
392 4459 421 4492 er
439 4438 578 4495 virtutibus
595 4447 690 4489 natam
704 4454 759 4490 non
777 4434 934 4506 restinguit,
961 4433 1016 4484 imo
1034 4451 1070 4485 ne
1088 4430 1211 4486 obliterat
1228 4431 1345 4503 quidem.
