3450 5342
499 702 662 752 sxcunsus
681 703 728 750 xi.
763 703 805 748 su
833 701 1031 750 ramnoxos
1054 703 1096 764 vi,
1116 699 1141 747 2.
1273 677 1346 752 361

292 864 450 936 ceteroquin
470 863 678 937 elegantissimos
695 875 721 919 et
737 862 965 936 ingeniosissimos
982 862 1017 917 ita
1038 861 1162 919 hariolari
1192 863 1256 932 (nisi
1274 863 1349 916 malis

293 951 458 1020 halueiuari)
479 952 603 1024 potuisse.
639 953 700 1007 Non
720 953 809 1025 inepte
825 952 1034 1005 Morisotus:
1061 968 1225 1022 quamquam
1244 951 1345 1005 sontem

291 1041 394 1094 erroris
412 1059 467 1094 non
485 1040 556 1095 vidit.
599 1041 788 1093 Lambinus
805 1040 874 1092 iusto
893 1037 1021 1092 audacius
1037 1057 1093 1091 rem
1108 1037 1194 1110 gessit,
1213 1037 1246 1090 de
1263 1037 1347 1090 libro-

292 1147 354 1180 rum
373 1128 518 1199 scriptione
536 1148 632 1200 parum
650 1128 788 1182 sollicitus.
831 1125 895 1179 Gil
898 1126 1000 1180 anius
1023 1125 1088 1180 mihi
1108 1145 1171 1180 cum
1190 1124 1295 1179 Orellio
1313 1126 1346 1179 ad

292 1236 385 1270 uerum
403 1217 507 1270 ridetur
525 1216 644 1289 proxime
672 1216 825 1281 accessisse,
853 1213 974 1280 Codicis,
998 1233 1083 1286 quem
1109 1213 1271 1286 inspexerat,
1297 1233 1347 1269 nec

289 1315 382 1357 tamen
400 1305 510 1371 veteris,
541 1305 617 1359 cuius
635 1301 785 1358 varietatem
805 1301 908 1356 exhibet
933 1299 994 1357 Car.
1011 1301 1178 1375 Stephanus,
1203 1302 1347 1358 lectionem

291 1390 436 1463 amplexus.
480 1391 670 1446 Gruterum
701 1412 758 1446 non
791 1410 947 1458 moramur,
982 1389 1029 1464 qui
1054 1390 1115 1446 h.l.
1141 1391 1210 1445 iusto
1236 1391 1347 1464 propius

290 1479 404 1532 Victorii
423 1479 527 1551 vestigia
548 1479 648 1552 pressit.
694 1480 870 1534 Graevius
888 1490 914 1534 et
932 1479 978 1552 qui
1001 1499 1062 1534 eum
1080 1479 1163 1533 secuti
1181 1491 1258 1546 sunt,
1288 1499 1347 1532 me·

289 1563 355 1620 lius:
381 1565 427 1619 sed
445 1571 583 1641 antiquam
602 1567 717 1638 glossam
735 1579 882 1635 servantes,
908 1567 1025 1623 asciolo
1043 1567 1195 1637 inductam,
1219 1567 1345 1623 Ciceroni

280 1653 411 1726 exempla
429 1674 525 1726 parum
543 1667 605 1728 apta
619 1657 792 1710 obtruserunt
807 1674 869 1710 cum
880 1654 946 1710 aliis.
982 1655 1163 1709 Bentleius
1181 1674 1237 1708 non
1253 1654 1345 1721 semel,
1387 1660 1389 1665 '

290 1753 318 1796 et
334 1740 387 1796 hoc
405 1728 514 1814 quoque
532 1743 608 1811 loco,
628 1744 756 1799 audacior
773 1756 903 1799 nontam
920 1745 949 1798 in
968 1742 1083 1798 lectione
1101 1743 1246 1809 mutanda,
1265 1762 1346 1814 quarn

291 1829 321 1881 in
340 1830 469 1885 sententia
480 1832 629 1903 torquenda
639 1843 759 1904 apparet.
795 1831 1033 1902 flottingerus
1051 1831 1124 1903 quod
1138 1829 1225 1897 suasit,
1245 1829 1346 1883 etiamsi

291 1916 384 1988 paullo
402 1918 544 1973 violentius
563 1920 756 1992 transponendi
773 1918 881 1974 licentia
900 1938 970 1984 usus,
989 1918 1045 1971 viro
1064 1917 1173 1990 egregio
1184 1916 1280 1970 honori
1300 1927 1347 1983 est,
1371 1952 1379 1963 ι
1417 1967 1421 1973 .

291 2022 458 2075 quamquam
483 2006 507 2059 ei
532 2026 589 2059 non
622 2009 705 2080 magis
730 2007 885 2081 adstipulari
912 2007 1063 2079 potuimus,
1097 2024 1178 2078 quam
1204 2003 1239 2057 G.
1267 2003 1346 2057 Her-

290 2110 433 2159 manno,
461 2094 517 2147 viro
547 2113 670 2162 summo,
698 2115 753 2148 non
774 2114 829 2168 quo
846 2095 984 2167 displiceat
1011 2095 1068 2147 eius
1092 2092 1186 2158 lectio,
1210 2091 1254 2145 sed
1283 2093 1345 2164 quia

291 2179 467 2250 praeferenda
487 2180 625 2236 ridebatur
642 2202 689 2249 ea,
710 2203 794 2255 quae,
813 2202 875 2237 curn
894 2182 995 2255 optima
1013 2181 1159 2247 sententia,
1178 2179 1258 2234 habet
1275 2190 1347 2232 vete-

290 2268 327 2320 ris
348 2267 410 2321 libri
443 2269 628 2324 auctoritatem
660 2291 717 2325 nou
744 2271 978 2326 contemnendam.
1028 2267 1223 2322 Liebaldtii
1255 2278 1343 2321 autem

290 2356 490 2424 coniecturam,
509 2378 579 2429 quae
596 2359 802 2431 transpositione
820 2378 915 2413 sanare
931 2356 987 2411 vult
1003 2355 1110 2422 locum,
1138 2366 1167 2409 ut
1186 2373 1243 2407 non
1265 2373 1344 2425 prae-

290 2443 402 2496 lerimus
419 2457 526 2498 nostrae
543 2444 668 2513 lectioni,
693 2447 729 2500 ita
750 2447 865 2501 multum
885 2457 1018 2518 praestare
1037 2463 1176 2498 censemus
1194 2440 1343 2495 defensioni

290 2531 408 2603 glossae,
436 2554 489 2605 qua
507 2533 541 2586 T.
557 2533 677 2588 Baden
706 2536 774 2589 tueri
793 2535 877 2590 voluit
895 2555 983 2590 servos
1002 2535 1134 2587 atrienses
1152 2552 1186 2587 ac
1205 2519 1346 2600 topiarios,

291 2618 416 2673 Ciceroni
437 2632 542 2691 praeter
561 2623 741 2677 necessitatem
760 2633 786 2676 et
806 2634 901 2679 contra
926 2626 1021 2679 iustam
1040 2622 1093 2676 loci
1118 2621 1277 2677 sententiam
1295 2619 1346 2672 ob·

291 2716 387 2759 trusos.
422 2707 452 2760 M
462 2726 483 2760 r.

714 2844 920 2858 U*-

671 3037 883 3098 EXCURSUS
907 3039 962 3098 Xl.

422 3170 426 3179 ’
516 3206 591 3282 ΑΙ)
617 3206 960 3282 rsmnoxon
985 3211 1054 3303 vr,
1079 3210 1117 3283 s.

308 3433 351 3446 —
377 3399 475 3486 ,quir
496 3397 609 3464 leuno
631 3421 698 3463 non
716 3407 823 3485 putet
857 3393 1036 3482 confiteri,
1058 3396 1148 3461 eibi
1168 3403 1324 3488 qtinesito

699 3522 785 3586 opus
807 3498 933 3562 esae?“

360 3676 444 3741 „Prot
471 3677 540 3748 Quis
558 3687 591 3728 ts
608 3695 662 3729 non
676 3685 757 3746 putet
776 3675 911 3744 confiteri,
932 3674 1003 3727 tihi
1027 3678 1150 3749 quaesito
1174 3696 1241 3749 opus
1265 3679 1343 3732 esse?

286 3765 469 3819 soloecismus
486 3776 539 3831 est,
568 3785 649 3837 quem
676 3784 765 3837 neque
791 3763 967 3836 deprehendit
985 3764 1123 3833 Erasmus,
1155 3787 1243 3840 neque
1269 3767 1342 3840 quis-

286 3871 369 3922 quam
386 3851 468 3920 alius,
484 3853 558 3923 quod
573 3853 663 3907 sciam.
699 3852 746 3907 Est
764 3854 836 3907 enim
855 3852 1025 3921 verisimile,
1051 3853 1072 3907 si
1090 3853 1163 3909 hunc
1180 3856 1342 3910 observasset

285 3937 428 4002 Erasmus,
460 3941 532 4011 quod
552 3942 586 3994 ab
611 3960 644 3994 eo
661 3941 751 3995 suisset
770 3941 913 4011 diligenter
940 3942 1094 3996 adnotatus:
1123 3944 1231 4014 quando
1261 3945 1340 3996 etiam

287 4026 584 4099 minutiora-quaedam
604 4028 786 4100 reprehendit.
823 4029 996 4101 Quamquam
1015 4030 1044 4082 in
1063 4027 1242 4084 Ciceroniana
1261 4031 1340 4085 Cice-

285 4134 382 4169 ronem
402 4115 429 4168 iu
440 4115 611 4171 soloecismos
628 4116 733 4188 scripsit
751 4116 873 4170 incidisse
884 4115 916 4184 ').
954 4116 1099 4189 Bulepbori
1118 4117 1145 4169 in
1164 4116 1215 4171 boc
1234 4118 1341 4190 dialogo

291 4250 496 4259 *-

354 4337 379 4405 ’)
398 4337 485 4392 Exstat
503 4339 605 4394 Erasmi
624 4341 795 4395 lloterodanti
816 4341 961 4412 Dialogus,
990 4342 1036 4412 qui
1054 4345 1210 4399 inscribitur
1228 4343 1340 4399 Cicero·
1412 4340 1415 4345 ’

282 4410 395 4475 nianus,
420 4411 496 4463 cuius
520 4411 553 4464 ad
580 4432 689 4466 manum
717 4425 755 4467 est
785 4412 866 4467 editio
892 4413 1089 4484 Lugdunensis,
1118 4416 1187 4470 edita
1215 4437 1238 4470 a.
1259 4422 1338 4474 1528.

281 4480 402 4546 octonis,
422 4481 455 4535 ad
475 4481 574 4538 calcem
594 4483 700 4556 Dialogi
719 4484 841 4538 derecta
862 4484 947 4539 latini
961 4483 1112 4559 Graecique
1132 4490 1262 4543 sermonis
1275 4510 1340 4562 pro-
