3450 5342
658 708 854 757 rrnruoxon
881 711 931 757 ιιι.
958 710 1028 759 εει».
1047 713 1082 759 ιι.
1322 697 1392 771 151

339 871 391 921 Est
415 868 485 921 euim
514 868 633 941 aliquid,
662 869 735 940 quod
751 887 804 921 non
829 877 1009 938 oporteat,
1037 869 1144 922 etiamsi
1164 871 1260 929 licet.
1310 880 1394 948 Quic.

337 955 405 1026 quid
429 973 491 1010 vero
511 956 682 1020 nonlicet,
715 965 786 1008 certe
810 974 863 1008 non
893 967 1042 1026 oportet.
1060 986 1096 998 —
1139 961 1238 1012 Docere
1266 973 1293 1017 ει
1315 965 1393 1022 licere

337 1041 387 1179 {pb}
413 1042 526 1099 invicem
548 1055 726 1116 opponuntur
747 1062 797 1115 pro
824 1043 911 1099 Marc.
933 1047 985 1111 1ος
1018 1045 1096 1099 licere
1116 1056 1142 1100 et
1162 1047 1243 1118 nefas
1267 1067 1323 1104 esse
1341 1073 1390 1124 pro

362 1130 423 1183 abo
443 1135 470 1186 4.
506 1131 565 1185 Mr.

409 1235 537 1307 quicquid
554 1255 607 1288 non
624 1239 749 1306 oportet,]
775 1236 916 1310 „Eiiiptice
941 1238 1054 1306 dicitur,
1079 1257 1130 1310 pro
1156 1250 1265 1312 oportet
1289 1242 1390 1316 aliquid

337 1339 393 1373 non
412 1323 524 1383 iacere..
545 1326 601 1377 lam
618 1344 682 1377 vero
700 1324 772 1396 apud
793 1325 953 1379 Ciceronem
971 1336 1076 1397 oportet
1093 1327 1143 1379 doc
1155 1327 1223 1395 fieri
1247 1327 1320 1383 idem
1339 1351 1390 1386 no-

337 1418 373 1461 tat
393 1430 425 1465 ac
442 1413 541 1481 justum
559 1424 612 1480 est,
630 1413 779 1467 secundum
794 1412 914 1467 officium
934 1423 981 1468 est.
1027 1413 1088 1468 vid.
1117 1414 1243 1489 Heusing.
1270 1419 1304 1472 ad
1332 1418 1388 1476 Cic.

337 1496 395 1551 011.
414 1501 458 1567 ttt,
477 1505 521 1556 28.
540 1505 565 1567 §.
586 1504 629 1556 15.
665 1501 738 1572 Ergo
758 1501 893 1574 quicquid.
905 1518 959 1554 non
977 1510 1082 1571 oportet
1102 1501 1172 1554 idem
1192 1512 1238 1570 est,
1257 1523 1290 1559 ac
1306 1506 1329 1560 si
1348 1507 1390 1562 di-

299 1605 301 1609 ·
336 1596 412 1639 catur
430 1588 558 1659 quicquid
578 1600 617 1642 est
635 1599 729 1642 contra
747 1587 834 1658 legem
853 1587 1011 1641 naturalem.
1057 1586 1087 1640 ld
1115 1599 1204 1642 autem
1222 1592 1310 1647 scetus
1335 1614 1390 1649 esse

335 1684 430 1742 putare
449 1675 584 1729 debemus.
619 1675 701 1729 Notat
719 1686 807 1728 autem
826 1674 911 1728 scelus
929 1695 1064 1728 summurn
1083 1677 1210 1731 delictum
1237 1679 1326 1736 civile:
1351 1694 1390 1737 est

335 1763 409 1813 enim
428 1781 443 1814 a
462 1781 557 1833 graeca
576 1763 680 1834 origine
698 1763 869 1827 verbiurtu,
886 1773 963 1834 tego:
982 1763 1045 1817 hinc
1063 1764 1162 1818 dicitur
1179 1764 1262 1820 homo
1281 1780 1389 1838 opertus
1448 1810 1450 1817 .

334 1849 479 1903 sceleribus
497 1851 568 1924 apud
588 1849 665 1904 Cie‘t
683 1851 723 1901 W
729 1861 790 1922 ytt.
832 1848 894 1901 Non
914 1849 978 1904 dixit
997 1849 1094 1904 Cicero
1112 1863 1222 1922 opertus
1239 1854 1389 1920 sceleribus,

334 1937 380 1989 sed
400 1949 539 2008 coopertus
556 1940 668 1991 scelere:
686 1937 801 2009 Philipp.
825 1934 885 2003 XII,
904 1940 931 2002 1,
952 1939 1003 2003 15;
1028 1949 1054 1992 ει
1072 1951 1211 2008 coopertus
1229 1940 1388 1993 sceleribus:

334 2025 363 2076 in
384 2026 461 2079 Verr.
480 2026 539 2080 Act.
556 2025 589 2093 ll,
608 2026 638 2080 L.
656 2025 676 2094 l,
694 2031 721 2092 4,
740 2029 764 2080 9.
788 2025 847 2079 Mr.
897 2025 1007 2084 „Licere
1035 2037 1061 2080 et
1088 2039 1208 2096 oportere
1234 2031 1271 2083 sic
1294 2028 1386 2082 distin·

334 2112 410 2182 guit‚
440 2125 469 2168 ut
495 2116 547 2169 hoc
570 2116 671 2188 species
695 2115 742 2180 sit,
774 2114 841 2167 illud
868 2116 979 2185 genus.“
1011 2114 1085 2169 Fre.
1104 2114 1193 2187 Sylv.

406 2237 492 2295 scelus
509 2267 544 2276 -
562 2239 655 2310 nefus]
704 2238 812 2311 Operae
831 2240 947 2312 pretium
966 2251 1004 2293 est
1022 2239 1124 2312 legere,
1151 2259 1218 2313 quae
1238 2241 1271 2294 de
1289 2240 1386 2295 horum

335 2325 526 2380 vocabulorum
544 2329 672 2383 sententia
691 2339 717 2381 et
729 2327 880 2381 differentia
891 2327 1006 2400 disputat
1021 2328 1193 2382 Doederlein.
1207 2328 1263 2382 Lat.
1282 2326 1385 2400 Synon.

334 2433 362 2467 u.
391 2414 507 2486 Etymol.
531 2417 563 2470 tl.
589 2438 616 2489 p.
636 2420 689 2471 tor
709 2436 748 2487 sq.
779 2415 824 2487 qui
855 2426 960 2483 tamen,
993 2416 1026 2469 de
1057 2427 1148 2470 nostro
1177 2415 1238 2470 loco
1264 2415 1385 2488 loquens,

335 2504 495 2559 Ciceronem
514 2516 605 2559 censet
632 2525 687 2559 non
714 2515 767 2558 tam
796 2524 825 2557 ea
852 2504 1015 2574 distinguere
1039 2503 1165 2570 voluisse,
1196 2522 1276 2575 quam
1303 2521 1385 2556 unam

334 2592 503 2664 eandemque
521 2593 679 2647 sententiam
697 2592 813 2646 oratorie
832 2592 957 2660 dilatare,
984 2612 1067 2665 quare
1095 2611 1146 2645 nec
1163 2601 1283 2661 oportere
1308 2601 1334 2644 et
1350 2591 1387 2642 li-

334 2696 394 2730 cere
413 2679 498 2749 magis
515 2676 675 2744 ἀντιθέτως,
691 2699 776 2759 Ι(μιεῐη
796 2678 963 2747 συνωνύμως,
983 2681 1062 2752 poni,
1081 2680 1223 2751 omnisque
1241 2678 1386 2732 sententiae

333 2766 387 2818 vim
407 2785 462 2819 esse
479 2767 568 2838 potius
592 2767 619 2820 in
640 2786 704 2822 soce
723 2768 853 2841 quicquid
880 2788 930 2840 per
955 2768 1129 2841 Anaphoram
1157 2767 1278 2839 repetita.
1332 2764 1385 2817 Sed

334 2855 453 2910 conferri
472 2855 566 2923 selim,
586 2876 654 2929 quae
673 2855 706 2908 de
721 2868 835 2928 utroque
855 2855 983 2911 vocabulo
1003 2859 1102 2922 (scelus
1121 2866 1146 2909 et
1163 2855 1257 2926 nefas)
1277 2871 1405 2906 eorum-.

335 2963 389 3014 que
407 2942 572 3016 synonymis
590 2944 706 3016 disputat
730 2945 758 2997 in
777 2944 837 2997 libri
857 2944 1075 2998 Doederleiniani
1098 2963 1226 3010 censura,
1254 2962 1323 3015 quae
1349 2955 1387 2997 est
1490 2967 1493 2972 ·

334 3031 363 3084 in
388 3031 477 3085 Jahnii
502 3033 627 3086 Annalib.
652 3032 760 3087 Philott.
780 3037 860 3088 1829.
880 3033 968 3100 111,1.
993 3053 1019 3104 ρ.
1037 3034 1072 3088 34
1090 3051 1148 3104 sqq.
1178 3050 1259 3104 quam
1282 3030 1387 3102 scripsit

334 3117 369 3172 G.
391 3120 421 3173 C.
437 3121 471 3175 F.
488 3109 579 3188 L'tsch,
597 3120 697 3193 Gymn.
715 3121 822 3176 Suerin.
839 3123 932 3175 Praec.
970 3120 1028 3173 ΜΓ.

365 3286 367 3291 ,
406 3243 535 3312 quicquid
550 3262 603 3294 non
619 3242 706 3309 licet,]
721 3240 820 3310 „Quod
841 3241 949 3294 vetitum
967 3252 1007 3294 est
1024 3241 1128 3313 legibus
1141 3241 1276 3307 civilibus,
1302 3241 1385 3294 debe-

334 3348 394 3381 mus
412 3340 506 3399 putare
524 3330 605 3399 nefas
622 3348 693 3386 esse,
709 3328 727 3380 i.
747 3349 769 3381 ε.
788 3331 851 3383 item
871 3340 964 3382 contra
983 3328 1077 3399 legem,
1089 3329 1213 3382 divinam.
1250 3329 1318 3381 Nam
1331 3331 1385 3400 fos

333 3429 359 3471 ει
377 3416 565 3486 nesasdicitur
582 3416 611 3467 in
630 3415 688 3486 lege
706 3427 816 3469 naturae
835 3435 855 3467 s.
876 3415 973 3480 divina,
992 3435 1039 3468 av.
1053 3415 1125 3484 seri,
1143 3415 1215 3468 unde
1226 3426 1265 3468 est
1277 3416 1385 3486 fotum,

332 3505 410 3577 quod
428 3503 546 3554 divinum
566 3513 688 3572 putatur,
717 3503 808 3574 prouti
827 3522 851 3554 a.
869 3522 891 3554 v.
909 3520 987 3555 orare
1005 3512 1042 3554 est
1060 3501 1213 3565 oraculum,
1232 3500 1305 3572 quod
1323 3501 1386 3552 item

331 3592 454 3646 divinum
473 3601 604 3643 censetur.
617 3618 651 3629 -
687 3589 825 3644 Sententia
839 3588 992 3661 argumenti
1007 3607 1039 3641 eo
1057 3587 1135 3654 redit,
1156 3598 1185 3641 ut
1202 3587 1342 3640 virbonus
1359 3601 1385 3643 ει

332 3680 439 3752 sapiens
457 3698 513 3731 non
532 3678 710 3732 absterrentur
736 3697 750 3730 a
773 3676 843 3731 male
866 3676 990 3731 faciendo
1019 3675 1204 3748 magnitudine
1227 3694 1384 3747 poenarum,

334 3788 403 3841 quae
422 3767 524 3822 delictis
541 3766 641 3839 positae
660 3777 722 3820 sunt
740 3786 789 3838 per
807 3765 879 3838 leges
897 3764 999 3832 civiles,
1026 3764 1071 3818 sed
1098 3764 1211 3817 eandem
1237 3764 1288 3816 vim
1313 3763 1384 3836 apud

334 3878 396 3910 eum
415 3856 511 3910 habeat
529 3867 554 3910 et
573 3855 612 3908 lex
632 3855 713 3909 civilis
731 3865 756 3908 et
776 3853 816 3906 lex
842 3853 977 3907 naturalis.
1029 3855 1121 3925 ltaque
1146 3852 1216 3906 hanc
1244 3852 1385 3923 periodum

334 3946 378 3999 tali
398 3946 480 3999 modo
498 3945 634 3999 dilatando
652 3965 672 3998 s.
692 3965 741 4017 per
759 3943 932 4016 paraphrasin
950 3943 1120 4014 interpretari
1138 3941 1213 3996 iicet:
1230 3941 1284 3994 Nos
1296 3952 1384 3994 autem

332 4035 360 4086 in
379 4034 445 4088 vitae
464 4034 589 4088 societate
608 4044 634 4086 ει
652 4033 846 4087 consuetudine
866 4034 984 4087 actiones
1002 4042 1105 4085 nostras
1122 4030 1238 4102 dirigere
1255 4029 1383 4081 debemus

334 4140 389 4174 non
408 4123 593 4193 magnitudine
612 4141 731 4192 poenae,
752 4142 832 4194 quam
852 4122 891 4174 les
911 4119 993 4175 civilis
1011 4119 1113 4173 delictis
1130 4117 1267 4189 imposuit,
1285 4117 1330 4169 sed
1344 4136 1386 4168 se-

334 4210 452 4265 cundum
473 4209 627 4263 facultatem
646 4211 858 4276 benefaciendi,
878 4229 959 4282 quam
975 4209 1073 4281 cuique
1091 4206 1194 4259 homini
1214 4215 1307 4257 natura
1320 4221 1386 4256 con-

335 4300 417 4353 cessit.
453 4299 590 4370 Quicquid
609 4299 680 4351 enim
700 4300 926 4354 contraotsrcium
945 4309 992 4364 est,
1012 4297 1039 4349 id
1058 4295 1109 4364 legi
1121 4304 1232 4346 naturae
1244 4303 1385 4363 repugnat,

336 4397 362 4439 et
379 4386 492 4440 eandem
510 4387 562 4438 vim
581 4387 653 4458 apud
673 4405 723 4439 nos
741 4385 839 4440 habere
857 4387 951 4451 dehet,
971 4402 1051 4455 quam
1069 4382 1089 4434 si
1108 4379 1168 4452 lege
1186 4378 1254 4433 civiti
1267 4399 1316 4451 pro
1327 4400 1386 4436 sce-

335 4471 389 4525 lere
415 4471 558 4529 hebertum
587 4484 613 4526 ει
631 4473 760 4544 quicquid
778 4474 837 4546 lege
856 4473 925 4531 cirili
944 4470 1052 4525 vetitum
1079 4479 1131 4536 est,
1156 4467 1207 4523 hoc
1224 4467 1288 4523 item
1315 4469 1385 4541 apud
