3450 5342
586 699 607 744 l.
661 697 798 746 CODICES
826 697 913 744 utut]
941 697 1076 747 scutttt.
1323 701 1357 746 xt

307 876 392 928 quum
412 856 543 928 legissem,
569 855 622 909 adii
641 875 690 927 per
716 854 854 927 epistolam
882 853 1056 908 Fredericum
1077 852 1233 921 osannam,
1263 858 1296 910 V.
1316 855 1356 910 Cl.

307 944 489 996 Professorem
500 943 661 1008 Gissensem,
679 943 707 996 in
726 942 802 996 cuius
820 943 941 997 notitiam
955 940 1018 994 mibi
1039 942 1127 994 venire
1138 942 1248 1012 contigit
1259 943 1358 997 Mann-

307 1030 388 1084 bemii
406 1051 429 1084 a.
447 1035 526 1086 1839.
554 1031 581 1084 in
600 1030 803 1102 Philologorum
829 1041 978 1096 conventu,
1010 1048 1093 1100 quum
1119 1027 1205 1099 ipsum
1230 1027 1357 1083 Ottonetn

307 1117 429 1171 nondum
449 1137 570 1187 nossem,
600 1128 629 1171 ut
652 1119 717 1170 meis
742 1118 827 1175 verbis
846 1116 918 1170 hunc
945 1110 1030 1168 virum
1059 1127 1182 1188 rogaret,
1212 1116 1284 1188 quod
1310 1136 1359 1189 ego

307 1204 363 1274 ipse
383 1223 479 1275 rogare
498 1225 553 1258 non
572 1205 707 1259 auderem.
744 1202 768 1257 Is
785 1223 848 1257 vero
866 1203 1068 1275 perhumaniter
1077 1203 1171 1256 litteris
1183 1202 1216 1256 ad
1234 1223 1277 1256 me
1295 1205 1361 1259 datis

307 1309 398 1344 mense
416 1291 482 1345 lulio
501 1312 525 1346 a.
544 1295 622 1348 1818.
640 1291 785 1346 transmisit
802 1291 860 1345 illas
878 1289 1010 1345 Codicum
1028 1290 1219 1346 Dresdensium
1238 1291 1360 1347 collatio·
1390 1358 1397 1375 .

307 1398 355 1433 nes
378 1382 601 1448 accuratissimus,
631 1382 715 1453 iisque
740 1380 841 1437 addidit
868 1379 948 1434 baec:
977 1379 1127 1437 Contulisse
1155 1401 1202 1437 eos
1228 1383 1359 1446 iuvenem,

306 1468 398 1522 litteris
417 1464 513 1523 nos'tris
531 1481 700 1540 praematura
719 1481 806 1524 morte
823 1479 963 1540 ereptum,
977 1469 1107 1524 ‘amicum
1133 1469 1181 1523 sibi
1200 1480 1227 1524 et
1243 1469 1359 1522 familia-

306 1575 379 1622 rem,
399 1556 520 1610 doctrina
539 1557 730 1630 diligentiaque
753 1557 902 1628 insignem,
921 1556 1184 1611 ferdinandum
1202 1555 1357 1611 Schmid-

307 1643 405 1707 tium,
422 1642 617 1699 Sorariensem.
652 1645 722 1699 Eum
736 1656 889 1700 nostrarum
902 1644 1050 1699 litterarum
1069 1634 1161 1699 amore
1171 1644 1290 1711 ductum,
1309 1666 1359 1717 per

305 1729 436 1783 feriarum
455 1731 540 1784 otium
560 1733 678 1785 Dresdae
697 1744 927 1798 commorantem,
952 1731 1095 1787 contulisse
1121 1752 1166 1786 eos
1184 1730 1280 1797 libros,
1310 1751 1356 1783 ro-

305 1827 399 1888 gatum
418 1836 433 1868 a
453 1837 495 1883 se,
516 1817 562 1888 qui
581 1829 701 1871 nostrum
719 1817 824 1872 huncce
839 1817 961 1871 libellum
973 1816 1075 1870 dudum
1094 1818 1122 1869 in
1132 1817 1233 1870 deliciis
1251 1817 1358 1870 habuis-

305 1915 353 1957 set.
390 1903 447 1958 Sibi
466 1915 555 1957 autem
574 1924 604 1956 ex
625 1903 666 1958 his
684 1905 804 1977 quinque
823 1903 969 1957 Codicibus
982 1903 1098 1973 primurn
1117 1914 1142 1957 et
1161 1902 1284 1974 quintum
1294 1922 1357 1973 prae

306 1992 401 2046 ceteris
420 1991 501 2045 videri
520 1992 715 2055 memorabiles.
753 1992 833 2061 Quod
854 1990 919 2044 mihi
941 2010 1050 2064 quoque
1069 1990 1104 2044 ita
1123 1990 1207 2044 visum
1227 2001 1272 2043 est.
1308 1989 1358 2043 Se-

306 2077 410 2132 cundus
428 2089 516 2131 autem
535 2089 562 2132 et
581 2091 690 2150 quartus
708 2080 744 2134 ita
763 2089 826 2133 sunt
843 2078 942 2133 similes
960 2079 1030 2132 inter
1048 2098 1083 2146 se,
1103 2089 1141 2145 ut,
1163 2078 1283 2150 quamvis
1301 2095 1356 2131 non

304 2169 334 2220 in
359 2168 485 2221 omnibus
512 2169 684 2235 conveniant,
723 2168 842 2222 eiusdem
870 2178 958 2222 tamen
984 2167 1100 2221 familiae
1128 2186 1184 2221 esse
1212 2167 1358 2220 rideantur.

305 2256 508 2310 Accuratiorem
527 2269 616 2311 autem
635 2275 729 2310 eorum
747 2255 880 2310 librorum
895 2255 1015 2310 notitiam
1027 2255 1148 2311 exhibere
1162 2275 1218 2309 non
1236 2274 1356 2327 possumr

305 2363 394 2416 neque
412 2345 481 2411 scio,
506 2356 597 2398 utrum
625 2343 824 2398 membranacei
840 2343 909 2409 sint,
945 2363 979 2397 an
1004 2343 1137 2397 chartacei
1164 2342 1241 2409 libri,
1269 2362 1357 2415 neque

304 2441 417 2484 aetatem
437 2433 511 2497 novi,
531 2452 584 2504 qua
609 2433 701 2505 scripti
720 2442 791 2484 sunt.
836 2428 891 2483 Sed
909 2442 968 2484 utut
994 2443 1045 2498 est,
1074 2450 1205 2484 summam
1229 2432 1285 2484 viro
1304 2432 1355 2485 bu·

305 2519 460 2573 manissimo
479 2520 592 2591 gratiam
610 2521 695 2574 debeo
713 2520 854 2591 habeoque
864 2517 895 2585 ⁴).

377 2608 486 2660 Primus
502 2607 581 2662 babet
598 2609 626 2661 in
643 2609 733 2663 fronte
752 2626 895 2661 numerum
915 2607 1029 2673 120.d.,
1046 2606 1248 2678 inscriptionem
1266 2617 1355 2659 autem

303 2695 390 2748 hanc:
417 2699 456 2746 M.
485 2699 516 2750 T.
542 2697 673 2747 Ciceronis
698 2695 765 2747 liber
785 2695 987 2765 paradoxorum
1011 2696 1114 2763 incipit.
1159 2695 1302 2764 Prologus.
1321 2721 1355 2732 -·

303 2783 427 2836 Graecae
447 2782 647 2836 Paradosorum
666 2782 852 2855 inscriptiones
871 2782 974 2836 desunt·
1003 2782 1041 2835 ‘ln
1059 2781 1112 2836 stne
1130 2781 1241 2851 legitur:
1260 2779 1358 2848 Expli-

304 2871 383 2921 ciunt
400 2869 552 2938 paradoxa.

376 2958 514 3010 Secundus
538 2957 619 3011 habet
643 2976 785 3011 numerum
807 2961 868 3012 106.
889 2977 914 3029 g.
952 2957 1123 3012 lnscribiturs
1150 2961 1190 3012 M.
1211 2957 1295 3010 Tullii
1314 2957 1356 3009 Ci-

303 3047 406 3098 ceronis
424 3047 456 3096 dc
473 3046 634 3099 Paradoxis.
677 3046 782 3099 Desunt
808 3045 872 3098 item
897 3045 1084 3118 inscriptiones
1101 3044 1234 3099 Graecae:
1263 3043 1354 3099 Latina

303 3134 384 3186 etiarn
403 3134 531 3187 Paradoxi
557 3133 625 3187 tertii
652 3145 677 3187 et
701 3135 771 3189 sexti.
819 3134 848 3186 ln
875 3133 928 3187 line
955 3145 1005 3188 est:
1032 3136 1086 3186 Hic
1104 3135 1190 3202 finem
1211 3132 1354 3202 paradoxo

304 3221 455 3273 Stoicorum
473 3221 582 3273 liabent.

380 3310 488 3361 t'ertius
506 3328 648 3362 numerum
669 3308 747 3363 babet
766 3312 827 3363 118.
847 3328 870 3363 c.
912 3309 1020 3381 Incipit:
1049 3313 1089 3361 M.
1110 3313 1141 3365 T.
1161 3309 1292 3363 Ciceronis
1317 3307 1355 3357 ort

303 3400 423 3447 Brutum
439 3397 588 3464 poradoso
616 3397 676 3464 [sic]
703 3398 844 3466 incipiunt.
888 3396 1007 3452 Graecae
1034 3397 1219 3468 inscriptiones
1247 3395 1357 3449 desunt:

300 3480 397 3534 Latina
415 3482 477 3535 item
496 3483 625 3536 Paradori
645 3483 723 3538 tertii.
760 3483 789 3536 ln
808 3483 878 3539 fines
897 3489 937 3540 M.
959 3489 988 3538 T.
1005 3487 1032 3538 0.
1050 3485 1206 3537 Purudoso
1227 3484 1265 3533 od
1282 3487 1356 3535 Bru·

302 3581 365 3621 turn
379 3569 501 3638 feliciter
518 3570 675 3639 expliciunt.

374 3658 475 3726 Quarti
493 3677 621 3712 numerus
639 3671 677 3714 est
695 3663 757 3716 119.
775 3661 801 3714 d.
839 3660 986 3733 lnscriptus
1005 3671 1056 3713 est:
1086 3662 1125 3710 M.
1148 3659 1233 3711 Tullii
1252 3659 1354 3710 Cicero·

300 3747 346 3799 nis
372 3745 411 3795 ud
434 3749 473 3798 M.
498 3750 617 3799 Brutum
642 3747 748 3802 libellus
775 3751 997 3819 paradoxarum
1023 3748 1084 3816 [sic]
1103 3747 1228 3819 feliciter
1251 3746 1356 3815 incipit.

300 3833 422 3887 Graecae
441 3832 626 3905 inscriptiones
644 3835 752 3890 desuntz
771 3837 863 3890 Latina
880 3837 943 3890 item
963 3848 988 3890 et
1007 3835 1111 3889 Graeca
1130 3834 1254 3906 paradoxi
1278 3833 1354 3886 tertii.

301 3921 332 3972 ln
353 3919 406 3972 fine
424 3925 552 3992 scriptum
572 3933 623 3977 ests
644 3928 684 3977 M.
704 3926 835 3978 Cic-aronis
850 3925 995 3994 paradoxo
1015 3924 1173 3992 expliciunt.
1209 3923 1305 3974 Amen.

374 4009 475 4076 Quinto
494 4007 640 4080 adscriptus
658 4023 695 4066 est
717 4032 845 4066 numerus
864 4016 924 4067 tat.
945 4012 969 4065 d.
1019 4010 1207 4082 lnscriptiones
1235 4009 1354 4062 Graecae

300 4141 510 4152 ——ss

373 4235 397 4303 ⁸)
416 4235 497 4304 Quod
517 4237 537 4289 si
557 4251 618 4292 sunt
636 4239 661 4291 hi
682 4239 768 4293 Codd.
787 4241 965 4305 Dresdenses,
995 4252 1023 4294 ut
1042 4261 1069 4293 en
1090 4238 1208 4291 nurneris
1228 4233 1355 4304 suspicari

298 4309 378 4371 licet,
404 4325 471 4377 quos
489 4307 607 4362 adhibuit
626 4310 711 4364 Otto
737 4312 764 4364 in
785 4312 890 4365 edendo
918 4311 1021 4365 Catone
1047 4313 1147 4362 maiore
1166 4304 1288 4374 (183⁰),
1308 4304 1356 4357 lta·

297 4381 346 4432 bes
365 4397 411 4430 eos
428 4378 574 4449 descriptos
591 4379 712 4452 (excepto
732 4402 780 4448 eo,
801 4385 846 4453 qui
867 4383 945 4436 babet
964 4381 996 4432 N.
1018 4384 1093 4448 118.)
1114 4380 1140 4430 in
1161 4379 1216 4430 eius
1234 4376 1356 4429 editionis

298 4449 465 4521 praelatione
485 4469 510 4519 p.
528 4449 639 4503 XXVlll
657 4471 696 4521 sq.
