3450 5342
358 640 432 716 288
680 659 851 709 rinnon
880 657 1074 707 aromonuu.

357 845 434 887 rum,
465 823 540 877 cuius
559 820 642 874 multa
660 819 761 874 mentio
783 818 855 891 apud
875 817 1054 886 Ciceronem,
1084 815 1212 890 inprimis
1237 817 1268 870 in
1290 817 1408 883 verrinis,

358 924 387 967 ut
406 915 483 966 Verr.
501 909 521 977 l,
540 914 584 965 56.
603 909 636 962 ad
656 908 753 976 Quint.
771 907 805 961 fr.
825 907 870 972 ΙΙΙ,
891 911 916 973 1,
935 910 979 961 2..“
1015 906 1092 959 Ern.

428 1000 516 1069 operis
534 997 659 1064 dundis,]
696 994 824 1066 „Operae
843 994 958 1061 dantur,
983 993 1004 1046 si
1025 994 1085 1066 quis
1113 993 1258 1064 operarios
1282 992 1323 1046 vel
1350 1011 1408 1046 con·

359 1085 433 1140 ducit
451 1084 489 1138 vel
510 1083 642 1158 possidet,
663 1101 763 1154 eosque
781 1083 836 1149 dat,
855 1082 873 1134 i.
887 1100 911 1134 e.
931 1080 1025 1146 elocat,
1042 1094 1115 1135 certa
1133 1083 1294 1137 mercede.“
1310 1083 1350 1134 W
1356 1092 1406 1152 ytt.

358 1173 487 1247 Sequitur
505 1172 533 1226 in
552 1171 716 1227 cod.1)rsd.
735 1174 759 1224 5.
775 1169 892 1240 publicis
911 1169 1067 1223 tributis
1095 1170 1253 1235 sumendis,
1283 1181 1308 1224 et
1326 1169 1406 1224 eadem

358 1262 445 1337 glossa
464 1260 567 1328 addita,
586 1258 654 1312 cod.
674 1257 753 1313 Suer.
766 1258 885 1328 publicis
903 1258 1038 1311 sumendis
1057 1256 1224 1311 tributis.
1244 1286 1280 1296 —
1308 1257 1405 1322 „Publi-

359 1352 398 1404 cis
407 1349 557 1404 sumendis:
572 1345 689 1417 publicis
708 1342 861 1398 tributis
879 1345 1014 1399 sumendis
1028 1356 1165 1417 quattuor.
1201 1345 1327 1398 Publicis
1338 1347 1405 1396 dun·

360 1438 413 1491 dia
431 1434 566 1489 sumendis
585 1433 708 1504 [repetita
727 1452 791 1487 voce
809 1434 896 1488 media
916 1454 946 1487 er
965 1433 1084 1506 proxime
1095 1433 1340 1500 antecedentibus‚]
1361 1451 1405 1485 esse

360 1524 390 1579 in
409 1522 525 1597 quodam
545 1534 633 1576 vetere
653 1520 697 1573 alii
715 1520 845 1574 scribunt.
883 1521 1018 1593 intellige:
1036 1521 1221 1576 conducendis
1236 1522 1402 1594 vectigalibus,

359 1611 433 1687 quod
451 1609 657 1683 publicanorum
677 1611 760 1661 erat.“
783 1608 854 1663 Ald.
876 1609 964 1663 Man.
1006 1610 1043 1677 „i.
1060 1629 1084 1664 e.
1104 1610 1287 1676 redimendis,
1315 1609 1405 1664 eondu-

360 1697 453 1755 osndis
470 1696 581 1751 aedibus
599 1696 713 1768 publicis
731 1695 770 1748 rel
788 1698 870 1751 sacris
886 1697 1043 1752 reficiendis.
1085 1697 1217 1751 Similiter
1237 1698 1273 1750 de
1291 1696 1402 1751 decumis

360 1788 439 1841 verr.
450 1785 494 1852 ΙΙΙ,
510 1789 559 1840 64ι
578 1787 650 1837 Nam
666 1785 720 1836 nisi
737 1784 779 1835 itu
796 1795 882 1851 esset,
899 1803 948 1837 cur
966 1796 999 1838 tu
1012 1785 1165 1856 Apronium
1181 1785 1318 1844 malebas,
1335 1804 1403 1858 quon

360 1875 527 1942 Minucium,
550 1875 712 1925 decumus
739 1874 802 1943 agri
827 1874 953 1925 Mancini
970 1871 1128 1927 sumere?
1164 1873 1247 1946 Opus
1278 1875 1401 1946 publicum

361 1973 526 2017 memoratur
545 1960 579 2014 de
596 1961 709 2032 Harusp.
732 1959 814 2030 Resp.
832 1962 879 2015 8.“
906 1960 1007 2032 Borg.
1027 1991 1061 2001 -
1106 1961 1245 2029 „Publica
1270 1962 1403 2027 sunsit,si

362 2052 421 2123 quis
440 2051 578 2123 publicum
598 2068 667 2120 opus
691 2047 833 2116 conducit,
861 2048 942 2103 veluti
970 2051 1003 2103 ab
1022 2049 1152 2103 aedilibus
1184 2060 1233 2103 aut
1254 2049 1402 2104 censoribus

362 2151 472 2211 pontem
492 2138 608 2209 aliquem
628 2134 802 2189 reficiendum
820 2157 841 2191 s.
860 2136 1033 2203 struendum,
1058 2147 1130 2193 certa
1150 2137 1277 2208 pecunia.
1313 2136 1402 2189 Graece

361 2228 486 2296 δημόσιον
503 2227 577 2296 ἔργον
595 2221 762 2288 λαμβάνειν.“
798 2226 906 2296 Wyit.
976 2224 979 2229 ¹

431 2331 499 2381 opus
516 2331 572 2364 csse
591 2313 725 2384 quaesito]
762 2312 835 2379 „Eos
853 2331 909 2365 non
927 2323 1067 2368 contentos
1084 2333 1140 2368 esse
1159 2334 1190 2368 rs
1207 2335 1255 2370 sua
1279 2316 1348 2369 lamii
1355 2314 1401 2379 ian',

368 2419 424 2453 non
443 2398 541 2453 babere
558 2399 647 2453 satis.“
682 2400 812 2455 Manut.

434 2507 502 2557 opus
520 2506 576 2540 csse
595 2490 729 2562 quaesito]
775 2493 849 2558 Opus
875 2490 973 2544 omittit
996 2491 1096 2555 Os.n.‚·
1116 2509 1212 2545 vocem
1231 2511 1292 2546 esse
1310 2491 1357 2546 Or.
1371 2484 1403 2556 u,

361 2595 419 2630 esse
438 2598 506 2648 opus
523 2577 622 2632 babent
642 2577 714 2631 Gud.
734 2577 765 2634 B.
785 2587 811 2630 et
828 2577 908 2632 Drsd.
926 2582 953 2632 4.
991 2579 1173 2649 „Quaesitum
1197 2579 1215 2631 i.
1235 2599 1264 2650 q.
1289 2591 1403 2651 quaestus,

361 2666 378 2718 i.
399 2685 422 2720 e.
441 2665 577 2720 lucrum.“
595 2668 704 2738 vvyn.
739 2666 829 2719 Verba
848 2666 919 2717 domi
943 2677 1008 2718 tuns
1037 2668 1164 2720 omittunt
1191 2667 1282 2721 Codd.
1299 2665 1405 2720 Gutt.

365 2753 396 2808 B.
417 2753 475 2807 Cra.
495 2759 520 2808 2.
540 2754 663 2808 Dana.
700 2753 805 2808 Absunt
835 2753 929 2807 eadem
953 2773 968 2807 a
997 2753 1084 2808 Codd.
1102 2754 1162 2809 Bas.
1182 2766 1209 2808 et
1228 2754 1320 2809 Guell.
1361 2755 1404 2806 Pro

362 2843 467 2911 puriter
483 2853 522 2896 est
536 2854 644 2913 purtem
663 2844 691 2895 in
710 2842 795 2896 Codd.
815 2842 881 2896 Ora.
897 2860 920 2907 σ,
938 2859 968 2904 ψ.
989 2840 1062 2896 Gud.
1081 2842 1112 2895 Α.
1132 2842 1163 2894 Β.
1183 2845 1244 2895 Cra.
1263 2847 1290 2897 Ι.
1308 2843 1347 2913 (in
1364 2841 1405 2894 boc

363 2950 377 2983 a
398 2950 439 3002 pr.
456 2932 507 2999 m.)
521 2931 583 2983 Cra.
601 2935 626 2982 2.
645 2930 725 2982 Drsd.
745 2935 785 2997 1.;
803 2933 831 2983 in
849 2931 930 2984 Drsd.
947 2933 973 2984 3.
989 2942 1105 3000 patrem.
1141 2930 1202 2983 Mr.

435 3027 624 3069 accusatorum
644 3027 727 3088 utque
746 3017 913 3085 indicum]
959 3019 1027 3085 „llic
1046 3019 1125 3090 plane
1148 3018 1298 3090 legendum
1324 3036 1405 3074 censeo

363 3114 553 3156 accusatorum
571 3114 655 3175 atque
673 3104 842 3169 indicum,
870 3105 1008 3177 multoque
1026 3106 1093 3159 adeo
1121 3108 1208 3177 magis
1232 3127 1316 3179 quam
1339 3121 1405 3176 supra

364 3190 437 3257 [Par.
456 3191 489 3254 V,
508 3191 561 3257 3.]:
588 3192 693 3243 index
721 3212 783 3244 vero
811 3205 946 3266 quantum
976 3195 1058 3246 habet
1080 3195 1271 3247 dominatum!
1278 3202 1294 3226 “
1327 3196 1406 3248 Laru-

363 3278 432 3351 bin.
478 3280 635 3351 [Perpcram
660 3281 688 3334 in
708 3281 833 3335 lemmate
857 3282 909 3337 Ed.
938 3283 1031 3336 bamb.
1051 3287 1131 3337 1566.
1149 3283 1250 3353 legitur
1278 3285 1405 3344 iudicum,

363 3367 409 3438 qui
428 3387 506 3421 error
523 3369 586 3422 item
605 3370 689 3422 estin
708 3370 757 3423 Ed.
774 3369 884 3436 Graev.;
903 3371 948 3425 sed
968 3372 1047 3425 etiam
1065 3372 1092 3424 in
1112 3390 1176 3425 ann.
1197 3373 1254 3443 ipsa
1277 3383 1315 3426 est
1332 3369 1407 3423 iudi-

362 3455 467 3509 cumin
486 3456 649 3514 Edcolon.
675 3469 700 3511 et
719 3459 811 3512 Lanrb.
833 3463 904 3512 1580
928 3461 993 3527 (nec
1009 3474 1073 3512 'vero
1098 3460 1125 3512 in
1156 3460 1207 3513 Ed.
1226 3462 1302 3533 Arg.·
1314 3459 1407 3526 158Ι.)τ

363 3564 444 3616 quem
465 3565 585 3599 errorem
606 3558 678 3600 recte
698 3547 870 3619 reprehendit
888 3546 918 3598 F.
936 3546 969 3601 N.
990 3546 1126 3613 Kleinins,
1153 3549 1200 3619 qui
1220 3568 1244 3602 a.
1264 3553 1343 3604 183⁰.
1357 3545 1405 3599 edi·

363 3632 401 3687 dit
437 3632 589 3687 Emendatt.
607 3633 816 3703 Lambinianas.]
860 3635 968 3701 „Miror
986 3634 1132 3687 Gruterum
1152 3635 1197 3689 bic
1225 3648 1407 3691 secutum'esse

365 3718 487 3771 Lambini
506 3722 689 3773 coniecturam
709 3723 790 3793 [quae
819 3733 858 3774 est
883 3723 947 3775 item
975 3722 1054 3775 lectio
1075 3723 1144 3775 Vict.
1172 3733 1199 3800 et
1217 3724 1288 3777 Rob.
1315 3719 1407 3792 Stepb.]

364 3817 457 3859 contra
477 3805 608 3858 Codicum
630 3809 752 3867 omnium
770 3809 859 3864 fidem.
905 3813 1082 3864 Accusatores
1108 3823 1135 3864 et
1153 3810 1257 3866 indices
1277 3810 1346 3880 iungi
1364 3824 1409 3860 nec

365 3912 455 3946 rarum
482 3912 533 3946 nec
558 3892 687 3964 flagitium
706 3906 760 3948 est:
789 3897 854 3967 quin
874 3915 979 3968 semper
1005 3898 1196 3968 iungebantur.
1245 3900 1409 3953 Accusatores

364 3982 436 4034 enim
454 3981 577 4036 indicum
606 3983 765 4038 testimoniis
787 3986 950 4040 nitebantur.
997 3985 1050 4038 Sed
1076 3997 1247 4040 accusatores
1266 3998 1293 4041 et
1319 3985 1409 4039 iudices

365 4072 438 4125 coire
457 4071 618 4143 flagitiosum
637 4084 682 4126 est.
729 4074 809 4127 ludex
827 4075 899 4129 enim
918 4093 970 4128 nec
988 4085 1076 4145 partes
1093 4074 1183 4127 lacere
1204 4093 1257 4127 nec
1276 4073 1350 4146 sequi
1369 4071 1410 4122 de·

366 4161 417 4214 bet.
451 4162 652 4215 Conveniebant
670 4172 768 4227 autem,
786 4172 816 4215 ut
834 4172 1075 4233 corrumperentur
1086 4161 1187 4215 iudices
1205 4159 1240 4215 ad
1250 4157 1409 4214 damnandos

365 4267 440 4312 reos,
460 4268 576 4320 quorum
594 4249 673 4302 bonis
691 4249 837 4304 inhiabant.
889 4251 918 4303 ln
937 4250 1085 4304 Pithoeano
1101 4247 1203 4302 Codice
1231 4260 1259 4303 et
1284 4249 1338 4303 alio
1360 4244 1410 4299 MS·

367 4336 436 4386 domi
455 4347 537 4396 tuae,
555 4348 581 4390 et
599 4340 771 4409 properiter
790 4339 916 4393 scribitur
932 4350 1053 4409 partem:
1080 4340 1132 4391 boc
1151 4336 1252 4390 modos
1283 4338 1332 4409 qui
1349 4335 1410 4388 videt

372 4423 440 4479 domi
452 4433 516 4476 tuoe
533 4437 639 4494 partem
647 4440 850 4489 accusatorum,
867 4427 985 4480 iudicum
998 4427 1162 4481 consociatos
1173 4429 1299 4498 greges.“
1317 4422 1412 4476 Grae·
