3450 5342
620 707 817 757 ransoorou
839 709 872 755 v.
906 707 976 754 cer.
994 707 1016 755 r.
1268 685 1343 762 229

284 871 341 922 Pro
361 869 435 920 dictu
454 877 493 921 est
511 865 612 918 dictum
630 867 659 919 in
678 866 764 921 tribus
781 865 843 919 Aldi
856 865 942 931 Mam,
961 865 1008 937 qui
1028 865 1158 920 aliasesse
1177 867 1241 923 dicit
1257 870 1342 925 dicto:

282 975 365 1028 quam
376 975 427 1027 ego
438 954 581 1008 lectionem
594 954 682 1025 reperi
692 954 721 1008 in
731 953 800 1007 Edd.
812 952 874 1006 Ald.
882 956 962 1008 1548.
974 953 1051 1008 Boul.
1062 953 1174 1008 Lambb.
1186 953 1267 1009 Goth.
1286 956 1342 1011 Pro

282 1044 404 1096 mirabile
422 1043 477 1096 sola
498 1041 547 1094 Ed.
561 1042 621 1095 Asc.
639 1045 719 1096 1511.
739 1040 818 1094 babet
836 1039 1001 1095 admirabile.
1044 1040 1121 1094 Hanc
1148 1040 1258 1095 fortasse
1276 1039 1342 1094 Edi-

282 1131 383 1184 tionem
402 1141 463 1183 ante
482 1128 576 1183 oculos
593 1129 710 1183 babebat
729 1128 790 1182 Ald.
808 1127 899 1194 Mam,
926 1147 988 1182 cum
1015 1130 1143 1183 scriberet
1161 1147 1256 1181 omnes
1279 1147 1341 1183 suos

283 1216 370 1271 Codd.
389 1216 511 1270 exbibere
531 1216 662 1271 mirabile.
698 1215 771 1270 Gud.
791 1215 822 1268 A.
842 1216 941 1269 omittit
958 1234 1015 1279 eos,
1033 1216 1114 1270 Drsd.
1134 1220 1160 1270 5.
1177 1217 1266 1289 pergit
1283 1234 1341 1270 ser·

282 1324 330 1358 vos
347 1323 421 1366 esse,-
452 1305 546 1359 Duisb.
573 1303 653 1358 babet
681 1307 741 1358 Non
768 1305 837 1355 enim
862 1304 897 1353 di
904 1304 1009 1356 cimus
1026 1322 1070 1357 eos
1088 1323 1110 1357 e.
1129 1324 1151 1360 s.
1187 1304 1230 1359 Ad
1254 1323 1277 1359 v.
1299 1303 1343 1355 di-

283 1402 349 1443 cunt
367 1403 459 1445 monet
477 1391 537 1445 Ald.
555 1392 631 1446 Man.
648 1391 851 1463 intelligendum
872 1410 927 1445 esse
946 1391 1031 1444 Stoici
1037 1411 1048 1453 ,·
1078 1390 1112 1444 ad
1129 1410 1235 1446 servos:
1263 1409 1342 1461 „eer-

282 1480 351 1534 eitus
368 1479 478 1550 duplex:
502 1479 586 1534 animi
604 1491 631 1534 et
653 1480 801 1552 corporis.“
820 1509 858 1520 -
903 1478 968 1546 „Est
992 1477 1058 1532 baec
1081 1479 1155 1550 quasi
1180 1477 1339 1534 conteitatio

283 1567 345 1621 litis.
377 1566 478 1638 Urget,
504 1569 559 1620 imo
583 1567 698 1622 excludit
723 1567 917 1622 definitionem¹
937 1567 1020 1630 vocis,
1046 1585 1115 1637 quae
1143 1578 1181 1621 est
1204 1567 1277 1639 apud
1295 1566 1339 1619 iu-

282 1655 465 1709 reconsultus:
483 1654 536 1706 sive
555 1675 569 1707 a
590 1655 730 1709 serviendo
749 1656 835 1710 dictos
853 1655 938 1721 voles,
958 1656 1010 1708 sive
1029 1652 1101 1726 ‹juod
1112 1655 1145 1706 ab
1162 1653 1336 1725 imperatore,

282 1762 298 1795 a
319 1762 374 1814 quo
393 1742 422 1794 in
441 1741 513 1795 bello
531 1742 602 1813 capti
620 1753 714 1811 erant,
731 1742 825 1796 servati
844 1743 924 1797 sint.“
960 1743 1052 1812 Xyst.
1069 1741 1267 1795 Betuleius.

355 1838 388 1879 ut
407 1828 567 1898 mancipia,]
587 1826 706 1896 „Aliter,
727 1829 828 1901 inquit,
846 1830 913 1883 servi
933 1829 1074 1896 dicuntur,
1094 1847 1175 1900 quam
1194 1827 1338 1899 mancipia,

281 1935 353 1986 quae
370 1915 453 1969 solam
472 1915 576 1971 civilem
590 1915 826 1988 significationem,
853 1917 920 1970 servi
940 1928 1076 1989 praeterea
1102 1915 1231 1968 moralem
1251 1934 1341 1990 quau-

282 2004 344 2056 dam
365 2003 472 2057 babent.
523 2003 659 2077 Mancipia
678 2006 826 2077 siquidem,
855 2015 919 2059 teste
947 2004 1118 2072 Florentino,
1148 2003 1236 2070 dicta,
1265 2001 1339 2074 quod

283 2110 368 2143 mauu
386 2092 419 2144 ab
446 2090 565 2145 hostibus
583 2094 737 2164 capiuntur.
788 2096 853 2165 Leg.
871 2097 897 2147 4.
915 2093 945 2146 tf.
965 2092 998 2145 de
1017 2103 1084 2146 statu
1104 2090 1177 2144 bom.
1221 2090 1263 2143 De
1282 2109 1338 2161 quo

283 2179 344 2250 lege
368 2190 505 2250 praeterea
535 2179 677 2234 Boethium
703 2182 731 2233 in
757 2180 868 2252 Topicis
895 2179 1040 2234 Ciceronis.
1086 2178 1224 2232 servitutis
1248 2187 1339 2231 autem

284 2265 388 2336 plures,
413 2267 452 2319 vel
472 2267 578 2321 La‘e'rtio
597 2277 675 2335 teste,
703 2268 911 2340 significationes
928 2279 997 2320 sunt.
1041 2266 1108 2319 Nam
1129 2276 1271 2338 postquam
1290 2265 1339 2318 de·

284 2353 368 2407 finivit
395 2348 445 2424 τήν
461 2357 613 2425 ἐλευθερίαν
638 2360 753 2414 λξουοίαν
783 2350 848 2408 εἶναι
871 2357 919 2422 τῆς
943 2351 1138 2425 αὐτοπραγίας,
1167 2353 1205 2406 illi
1225 2351 1339 2425 opponit

283 2437 333 2509 τήν
350 2443 481 2508 δουλείαν,
500 2462 582 2514 quarn
600 2443 693 2497 definit
712 2447 832 2515 στέρησιν
856 2447 904 2513 τῆς
923 2439 1111 2512 αὐτοπραγίας.
1147 2441 1252 2494 Deinde
1272 2440 1338 2493 sub·

283 2528 372 2600 iungit
390 2529 485 2594 aliam,
515 2532 636 2584 δουλείαν
651 2529 700 2600 τήν
718 2535 745 2584 le
763 2528 893 2591 sinceriter.
929 2531 1000 2584 Hinc
1018 2528 1091 2582 addit
1109 2529 1229 2594 tertiam,
1246 2523 1295 2596 τήν
1312 2529 1339 2578 ie

283 2613 373 2684 κτήσει
393 2637 421 2667 τε
441 2621 485 2668 καί
503 2613 637 2683 ὑποτάξει,
664 2620 708 2672 cui
734 2620 882 2692 opponitur
911 2614 928 2690 η’
952 2622 1105 2679 δεσποτεία,
1134 2634 1203 2687 quae
1229 2624 1256 2667 et
1283 2613 1339 2684 ipsa

283 2721 366 2776 prava
401 2713 447 2756 est.
509 2702 580 2758 Sunt
604 2717 694 2758 autem
719 2705 784 2760 baec
816 2725 927 2779 quoque
950 2705 1122 2760 subobscura.
1172 2703 1242 2757 Satis
1267 2701 1338 2755 clara

282 2788 367 2843 fuerit
392 2789 560 2860 differentia,
587 2793 609 2846 si
635 2794 770 2862 dicamus,
801 2797 923 2867 corporis
946 2794 1097 2847 servitutem
1123 2790 1188 2845 nibil
1208 2790 1339 2861 derogare

283 2877 399 2931 libertati
426 2879 517 2932 animi.
571 2880 703 2954 Epicteti,
729 2883 844 2953 opinor,
876 2881 998 2936 doctrina
1026 2879 1094 2936 baec
1115 2890 1167 2935 est:
1196 2871 1237 2930 ‘o're
1261 2873 1340 2936 uenit

282 2963 379 3030 δεσμδς
397 2963 517 3030 adumar
533 2972 580 3032 μὶν
594 2967 678 3040 τύχη,
705 2974 792 3040 ψυχῆς
816 2973 846 3022 di
871 2976 959 3026 κακία.
979 2964 994 3021 o‘
1011 2972 1057 3032 μὶν
1082 2962 1133 3038 reip
1152 2958 1183 3018 τδ
1203 2968 1277 3028 σῶμα
1296 2967 1338 3016 λε-

283 3054 406 3123 bruher,
424 3055 471 3126 τήν
489 3058 520 3109 δὲ
537 3053 625 3128 ψυχήν
641 3061 789 3126 δεδεμίνος,
807 3060 912 3118 δοῦλος.
930 3052 944 3109 δ
962 3054 989 3111 δ’
1006 3044 1041 3109 αὖ
1054 3053 1085 3108 ed
1103 3059 1178 3118 σῶμα
1195 3056 1337 3118 δεδομένος,

283 3139 333 3212 τήν
351 3144 380 3195 δὲ
397 3141 484 3214 wopis
503 3147 651 3213 λελυμένος,
668 3146 833 3218 ίλεῦδερος.“
850 3147 943 3217 Xyst.
963 3143 1073 3198 Betul.
1231 3157 1234 3162 ’

355 3250 424 3302 quoe
441 3242 508 3285 eunt
526 3232 689 3285 dominorum
702 3235 788 3304 facta
806 3235 917 3301 αοαα,]ι
941 3231 1065 3304 „Optimi
1083 3230 1144 3283 libri
1163 3247 1238 3282 nexo.
1275 3227 1337 3284 Vid.

282 3314 424 3369 Budaeum
442 3316 472 3370 in
490 3317 639 3372 Pandect.“
657 3318 687 3372 C.
706 3319 809 3392 Lang.
846 3319 970 3385 „Omnes
988 3318 1048 3370 libri
1068 3329 1168 3372 veteres
1189 3317 1221 3370 ad
1242 3335 1337 3380 unum,

282 3422 354 3476 quos
364 3403 474 3474 quidem
488 3403 607 3472 viderim,
627 3405 727 3460 babent
743 3425 818 3471 nexo,
837 3407 909 3477 quod
921 3405 1018 3477 probo,
1038 3414 1118 3472 atque
1137 3405 1172 3455 ita
1186 3421 1282 3455 censeo
1297 3403 1336 3456 le·

281 3490 432 3565 gendum.“
450 3491 492 3544 La
502 3510 527 3543 m
536 3493 567 3545 bi
577 3512 594 3545 n
604 3513 647 3546 us.
683 3496 781 3560 „Nexu
792 3492 844 3547 boc
853 3504 900 3558 est,
918 3511 987 3563 quae
997 3489 1132 3560 mancipio
1150 3488 1253 3540 vendita
1266 3498 1336 3552 sunt,

281 3580 309 3633 id
328 3589 382 3644 est,
408 3597 477 3649 quae
494 3580 533 3634 sic
551 3581 655 3634 vendita
674 3593 752 3649 sunt,
772 3593 801 3635 ut
819 3579 956 3634 evictionis
973 3575 1122 3649 periculum
1141 3575 1170 3627 in
1188 3593 1215 3627 se
1234 3574 1338 3644 recipe-

283 3679 325 3722 ret
352 3676 379 3721 et
404 3679 551 3739 praestaret
574 3669 703 3722 venditor.
748 3671 842 3720 Nexus
867 3678 904 3720 eat
929 3665 1064 3735 obligatio.
1113 3662 1174 3715 Vid.
1202 3671 1279 3714 notas
1304 3659 1336 3715 ad

282 3756 387 3809 Farnm.
408 3756 465 3823 Vll,
484 3759 548 3810 30.“
566 3755 743 3810 Graevius.
780 3757 922 3811 Neminem
942 3751 1087 3807 Lambinus
1101 3750 1269 3804 obedientem
1289 3747 1338 3802 ha-

282 3842 355 3907 buit,
372 3861 461 3914 neque
479 3833 670 3917 ipse'recepit,
691 3863 772 3916 quam
792 3845 940 3916 probabat,
961 3841 1102 3896 lectionem
1121 3858 1197 3893 nexo.
1233 3839 1293 3892 Mr.

356 3948 425 3982 mxu
445 3941 496 3982 aut
514 3932 607 4003 aliquo
624 3934 684 3984 iure
702 3933 786 4000 civili]
824 3931 1003 3998 „servitutem
1031 3929 1118 3995 idem,
1147 3946 1228 4000 quem
1255 3945 1335 3997 supra

281 4014 408 4082 laudari,
426 4017 598 4072 Florentinus
616 4019 695 4074 docet
715 4020 794 4073 etiam
814 4020 879 4074 iuris
897 4020 1016 4091 gentium
1035 4037 1091 4070 esse
1110 4014 1336 4076 constitutionem,

282 4122 340 4159 non
355 4102 437 4158 modo
448 4105 514 4158 iuris
531 4106 621 4160 civilis.
658 4107 813 4161 Marcianus
825 4109 905 4161 etiam
920 4126 1008 4160 servos
1026 4105 1062 4158 ait
1082 4124 1138 4158 non
1157 4114 1260 4156 tantum
1278 4100 1336 4152 iure

282 4191 405 4266 gentium
422 4193 451 4246 in
471 4206 592 4248 nostrum
611 4195 762 4249 dominium
779 4194 881 4266 redigi,
901 4194 946 4247 sed
966 4194 1044 4248 etiam
1065 4192 1123 4245 iure
1145 4189 1222 4243 civili.
1256 4186 1339 4239 Cuius

281 4281 434 4352 exemplum
454 4282 505 4337 boc
523 4284 627 4356 insigne
646 4296 685 4338 est
703 4285 736 4337 de
756 4304 833 4337 nexu.
881 4285 949 4336 Nam
977 4281 1022 4352 qui
1048 4280 1106 4350 lege
1129 4277 1201 4331 tabb.
1223 4273 1281 4329 Xll.
1301 4277 1336 4329 ob

281 4388 327 4422 aee
346 4368 465 4422 alienum
483 4372 661 4427 creditoribus
685 4373 713 4426 in
740 4372 931 4444 temporariam
956 4369 1107 4423 servitutem
1138 4363 1337 4429 addicebantur,

281 4457 383 4512 addicti
402 4469 428 4512 et
446 4459 504 4513 nexi
524 4461 608 4515 vocati
628 4461 692 4514 olim
715 4462 830 4516 luerunt.
880 4461 922 4513 De
941 4478 996 4529 quo
1016 4455 1074 4526 lege
1092 4453 1160 4506 Bnd.
1188 4452 1216 4505 in
1241 4450 1280 4505 tit.
1306 4450 1340 4503 de
