3450 5342
385 647 460 721 266
719 666 891 715 ramnom
918 662 1111 712 srorconnrr.

385 839 560 902 vitissimus
587 836 757 901 habendus
784 830 835 922 sit)
859 833 1002 911 dubitet,
1034 834 1113 915 quin
1146 827 1191 900 in'
1208 835 1331 898 virtute
1357 833 1432 896 divi-

383 974 447 1037 tiae
474 975 562 1038 sint?
602 973 759 1055 quoniam
786 971 878 1034 nulia
905 970 1087 1051 possessio,
1113 972 1205 1035 nulla
1231 973 1282 1034 vis
1310 971 1382 1034 auri
1404 974 1431 1030 et

335 1088 371 1171 ris
385 1112 511 1192 argenti
535 1112 656 1192 pluris,
693 1127 793 1191 qnam
818 1109 941 1186 virtus,
980 1108 1184 1173 aestimanda
1208 1112 1268 1171 est
1334 1104 1428 1171 Odii

382 1245 597 1314 immortales!
633 1263 700 1310 non
725 1246 910 1327 intelligunt
942 1247 1111 1323 homines,
1144 1263 1243 1326 quam
1280 1262 1428 1325 magnum

382 1384 520 1463 vectigal
543 1383 585 1445 sit
609 1383 823 1463 parsimonia.
875 1384 981 1449 Venio
1005 1383 1092 1446 enim
1106 1383 1172 1446 iam
1196 1381 1241 1444 ad
1263 1385 1427 1462 sumptuo-

382 1538 455 1585 sos:
481 1522 632 1602 relinquo
659 1519 756 1583 istum
784 1522 1030 1600 quaestuosum.
1092 1516 1188 1599 Capit
1215 1519 1272 1581 iile
1299 1536 1343 1580 ex
1367 1517 1425 1580 suis

381 1658 524 1740 praediis
549 1673 694 1722 sexcena
720 1657 887 1721 sestertia:
922 1673 986 1736 ego
1012 1660 1148 1719 centena
1176 1672 1220 1718 ex
1248 1655 1351 1717 meis:
1378 1653 1425 1728 illi

382 1802 497 1862 aurata
523 1800 608 1860 tecta
634 1797 668 1858 in
702 1795 786 1858 viliis
821 1799 854 1858 et
883 1796 956 1859 sola
990 1809 1177 1857 marmorea
1213 1791 1366 1867 facienti,
1398 1791 1424 1850 et

380 1937 490 2015 signa,
517 1935 663 2011 tabulas,
689 1935 927 2014 supellectilem
949 1937 980 1996 et
1003 1936 1128 1997 vestem
1154 1931 1283 1996 infinite
1310 1947 1422 2016 concu-

380 2072 533 2154 piscenti,
567 2088 635 2135 non
666 2070 767 2135 modo
793 2070 917 2137 fructus
943 2073 998 2135 iile
1025 2070 1142 2135 estad
1170 2073 1340 2152 sumptus,
1373 2068 1421 2132 sed

379 2208 477 2270 etiam
505 2207 548 2271 ad
583 2206 696 2283 senus,
734 2209 883 2289 exiguus.
947 2208 999 2272 Ex
1038 2225 1114 2271 meo
1144 2207 1236 2270 tenni
1270 2205 1420 2285 vectigali,

377 2345 529 2409 detractis
552 2346 735 2427 sumptibus
762 2347 958 2427 cupiditatis,
985 2347 1109 2427 aliquid
1135 2347 1238 2410 etiam
1264 2345 1418 2410 redunda-

378 2483 434 2547 bit.
486 2484 564 2550 Uter
578 2486 677 2565 igitur
700 2488 748 2550 est
775 2485 917 2561 divitior,
940 2485 993 2548 cui
1011 2484 1110 2562 deest,
1133 2502 1176 2549 an
1192 2486 1247 2547 cni
1274 2480 1417 2565 superati

380 2626 434 2705 qni
460 2628 551 2704 eget,
584 2641 626 2687 an
661 2624 716 2704 qui
743 2622 911 2687 abundat?
951 2622 1043 2685 cuius
1069 2622 1256 2702 possessio,
1292 2639 1359 2703 quc
1381 2620 1419 2682 est

377 2762 503 2840 maior,
530 2778 571 2825 eo
598 2762 671 2840 pius
697 2762 834 2842 requirit
859 2760 903 2824 ad
928 2776 964 2823 se
986 2758 1160 2823 tuendam:
1187 2776 1231 2822 an
1259 2777 1345 2841 quae
1362 2758 1417 2821 suis

377 2915 413 2961 se
447 2897 571 2960 viribus
607 2897 767 2960 sustinet?
820 2895 885 2959 Sed
922 2895 1002 2977 quid
1039 2912 1102 2975 ego
1138 2895 1180 2959 de
1212 2915 1268 2960 me
1298 2898 1415 2977 loquor,

379 3030 435 3110 qui
456 3044 587 3091 morum
614 3045 653 3090 ac
672 3034 859 3108 temporum
888 3031 967 3095 vitio
994 3031 1198 3111 aliquantum
1229 3034 1332 3097 etiam
1354 3035 1412 3113 ipse

376 3162 517 3225 tortasse
544 3161 577 3225 in
601 3161 699 3225 huius
725 3166 849 3227 saeculi
871 3183 986 3229 errore
1012 3169 1150 3231 verser?
1191 3158 1235 3231 Μ’
1271 3169 1414 3233 Manilius

377 3302 506 3382 patrum
532 3302 723 3364 nostrorum
746 3303 908 3364 memoria
939 3296 991 3387 (ne
1014 3320 1145 3383 semper
1158 3301 1288 3383 ¹Curios
1316 3309 1348 3369 et
1361 3304 1414 3367 Lu·

376 3438 486 3502 scinos
504 3434 691 3528 loquamur)
716 3457 842 3521 pauper
859 3439 993 3505 tandem
1018 3441 1095 3504 fuit:
1121 3441 1239 3506 habuit
1263 3444 1351 3507 enim
1370 3459 1416 3506 ae

376 3576 501 3643 diculas
527 3580 562 3643 in
589 3578 735 3657 Carinis,
762 3584 795 3642 et
821 3579 958 3643 fundum
984 3581 1018 3643 in
1043 3580 1220 3645 Labicano.
1274 3583 1342 3648 Nos
1366 3579 1440 3660 igi.

376 3722 429 3778 tur
455 3716 642 3792 divitiores,
675 3719 731 3796 qui
756 3719 851 3798 plura
877 3718 1059 3783 habemus?
1111 3719 1246 3784 Utinam
1275 3713 1416 3803 quidem!

319 3901 321 3905 .
377 3850 441 3916 Sed
462 3868 531 3914 non
556 3850 784 3915 aestimatione
812 3870 940 3931 census,
966 3872 1080 3918 verum
1107 3855 1196 3918 victu
1212 3860 1314 3938 atque
1338 3854 1416 3918 cuitu

375 3989 568 4053 terminatur
594 3989 753 4070 pecuniae
777 3991 907 4056 modus.
959 3991 1033 4057 Non
1066 4007 1138 4054 esse
1173 3992 1332 4073 cupidum
1366 4006 1415 4070 pc·

375 4128 472 4192 cunia
497 4131 564 4191 est:
586 4143 654 4190 non
680 4144 752 4191 esse
779 4144 927 4191 emacem
948 4128 1086 4207 vectigal
1113 4131 1171 4190 est.
1202 4186 1205 4191 .
1226 4111 1414 4194 Contentum

376 4280 455 4326 vero
481 4264 548 4327 suis
575 4265 673 4328 rebus
701 4281 773 4330 esse
796 4266 962 4330 maximae
989 4270 1063 4328 sunt
1086 4262 1357 4344 certissimaeque
1373 4258 1414 4321 di-

376 4395 482 4459 vitiae.
533 4396 662 4463 Etenim
689 4401 717 4463 si
740 4403 792 4466 isti
818 4403 926 4466 callidi
953 4418 1063 4465 rerum
1078 4399 1308 4463 aestimatores
1335 4399 1417 4481 prata
