3450 5342
339 651 410 723 104
658 670 830 716 ranauoxa
857 668 1050 715 srorconun.

336 833 382 898 IV,
403 836 428 895 2,
446 833 477 885 32
497 830 588 901 Neque
607 829 674 880 enim
694 829 782 897 turpis
801 847 870 881 mors
884 828 958 898 forti
977 829 1034 879 viro
1050 836 1139 895 potest
1160 826 1294 890 occidere,
1313 844 1394 896 neque

335 922 480 971 immatura
497 917 646 980 consulari,
665 936 712 968 nec
730 916 826 967 misera
847 916 976 983 sapienti.
1011 913 1070 966 Mr.

408 1008 484 1057 Mors
503 1003 631 1056 terribilis
649 1014 689 1054 est
705 1004 753 1065 iis,
772 1022 884 1073 querum
904 1004 949 1068 -]
976 1001 1021 1064 „ld
1041 1012 1093 1066 est,
1116 1000 1162 1070 qui
1182 999 1251 1052 nihil
1271 1020 1390 1072 unquam

338 1096 365 1147 in
384 1094 433 1147 vita
452 1102 601 1164 gesserunt,
623 1092 695 1162 quod
716 1090 787 1161 apud
808 1089 988 1159 posteritatem
1009 1088 1060 1140 ulla
1085 1087 1163 1140 laude
1183 1088 1301 1158 dignum
1322 1098 1389 1150 esset,

337 1201 453 1253 quorum
473 1179 617 1244 memoria,
638 1191 667 1233 ut
685 1180 737 1232 dici
756 1178 838 1241 solet,
859 1179 928 1247 perit
947 1196 1009 1229 cum
1030 1177 1126 1229 sonitu.
1163 1176 1202 1228 Ea
1223 1187 1317 1228 autem
1339 1176 1390 1228 lans

336 1270 407 1341 apud
428 1268 607 1339 posteritatem
627 1286 799 1336 permansura
820 1266 914 1318 virtute
935 1276 1050 1336 paratur.
1087 1264 1166 1317 Unde
1186 1275 1225 1316 est
1244 1263 1313 1315 illud
1334 1263 1388 1313 Vir-

337 1358 391 1427 gilii
411 1357 456 1410 lib.
477 1354 586 1406 Aeneid.
606 1355 639 1418 X,
659 1356 711 1406 467
724 1357 831 1406 469:

451 1471 485 1479 -
524 1470 555 1479 -
594 1470 628 1478 -
666 1445 750 1491 Breve
767 1451 792 1489 et
812 1439 988 1508 irreparabile
1007 1450 1111 1509 tempus

453 1528 580 1579 Omnibus
600 1539 640 1579 est
661 1529 751 1578 vitoe:
768 1528 817 1578 sed
829 1528 938 1598 sumam
955 1528 1095 1578 extendere
1109 1528 1201 1597 sactis

454 1619 512 1666 Hoc
530 1616 642 1666 virtutis
661 1621 752 1683 opus.“
772 1643 805 1652 -
843 1646 878 1654 -
915 1645 951 1655 -
986 1615 1058 1668 Fre.
1078 1613 1231 1685 Sylvius.

337 1702 488 1768 „Nimirum
508 1704 538 1755 iis
556 1714 593 1755 est
612 1722 684 1755 mors
703 1702 840 1767 terribilis,
868 1705 913 1772 qui
932 1704 1010 1755 vitam
1030 1702 1138 1754 silentio
1164 1714 1321 1768 transeunt,
1339 1703 1385 1754 rel-

338 1791 375 1842 uti
403 1810 513 1860 pecora,
540 1802 568 1843 ut
593 1791 629 1842 ait
652 1789 798 1843 Sallustius.
837 1789 927 1857 [Catil.
947 1792 1013 1856 1.].⁴‘
1039 1789 1219 1842 Graevius.
1239 1821 1274 1829 —
1307 1789 1383 1842 Codd.

337 1876 408 1929 Gud.
428 1880 460 1930 A.
479 1877 537 1930 Crz.
557 1884 582 1930 2.
602 1877 701 1931 habent
722 1898 789 1930 mors
808 1890 859 1929 est
880 1877 1064 1930 terribilis.
1107 1878 1161 1928 Pro
1180 1878 1214 1927 iis
1236 1878 1313 1930 multi
1331 1878 1383 1930 libri

338 1977 363 2016 et
381 1966 471 2035 scripti
490 1977 516 2018 et
534 1966 595 2018 editi
614 1965 712 2018 habent
730 1967 780 2018 leis.
827 1966 894 2018 Cod.
913 1967 1006 2018 Duisb.
1028 1985 1096 2016 mors
1115 1964 1267 2016 terribilis?
1285 1968 1332 2015 sed
1348 1967 1384 2027 iis,

339 2072 450 2124 quorum
459 2072 467 2111 ,¹
487 2051 593 2104 Suerin.
613 2064 653 2104 est
674 2053 764 2107 illis.
811 2054 841 2105 ln
861 2053 911 2107 Or.
930 2073 953 2107 o.
984 2053 1078 2105 desunt
1103 2052 1181 2103 verba
1206 2052 1270 2104 inde
1289 2074 1303 2104 a
1323 2071 1383 2104 murs

339 2160 423 2210 usque
442 2141 474 2193 ad
492 2161 543 2193 non
560 2151 665 2210 potest:
694 2138 744 2192 alia
764 2152 852 2193 auum
873 2160 968 2193 manus
987 2141 1014 2192 in
1034 2157 1118 2209 marg.
1137 2139 1291 2210 adscripsit:
1323 2158 1383 2190 nrors

339 2230 466 2281 terribilis
484 2230 541 2294 liis,
567 2247 679 2299 quornm
706 2229 769 2281 laus
787 2231 868 2280 emori
886 2248 937 2280 non
955 2238 1054 2296 potest.
1102 2226 1131 2277 ln
1157 2225 1207 2277 Ed.
1237 2245 1294 2296 pre.
1314 2229 1383 2279 1465.

340 2316 602 2387 Vic1.tt0b.steph.
623 2315 733 2384 legitur:
753 2327 783 2366 nt
804 2315 838 2365 ab
856 2314 981 2384 improbis
1001 2311 1222 2384 demigrandum?
1254 2314 1297 2364 Sit
1322 2332 1382 2364 mors

340 2405 466 2456 terribilis
485 2406 535 2469 iis,
553 2433 594 2454 -·
629 2402 678 2455 Or.
701 2403 747 2472 qui
774 2404 801 2454 in
821 2402 977 2471 Manutiana
998 2401 1147 2472 reperisset:
1168 2421 1239 2455 more
1266 2401 1383 2453 terribilis

339 2503 378 2542 est
398 2493 445 2556 iis,
463 2511 575 2563 quorum
594 2492 655 2542 lotis
673 2492 754 2541 cruori
768 2500 874 2558 potest,
903 2490 1003 2541 addens
1023 2509 1049 2541 se
1069 2488 1185 2553 nescire,
1211 2508 1267 2560 quo
1293 2506 1381 2540 errore.

340 2578 397 2649 Ego
417 2580 472 2632 eius
491 2598 597 2633 causam
623 2577 801 2648 deprehendi,
827 2595 889 2629 cum
914 2577 942 2629 in
963 2588 1078 2647 quatuor
1104 2576 1179 2629 libris
1202 2576 1277 2630 hunc
1301 2577 1380 2628 locum

339 2667 416 2719 simili
436 2667 516 2719 modo
536 2679 692 2736 corruptum
712 2666 839 2718 vidissem.
888 2663 957 2717 Casu
976 2667 1047 2716 enim
1067 2682 1128 2717 cum
1148 2664 1249 2717 factum
1270 2676 1341 2728 esset,
1358 2673 1381 2713 ut

340 2754 439 2807 librarii
454 2755 565 2808 alicuius
579 2754 672 2808 oculus
691 2774 704 2806 a
726 2754 813 2824 priore
827 2773 939 2823 quorum
958 2754 989 2804 ad
1011 2753 1139 2823 posterius
1153 2754 1299 2816 aberraret,
1318 2752 1381 2803 ideo·

341 2862 392 2912 que
413 2843 481 2894 linea
501 2843 602 2911 integra
629 2842 769 2905 excideret,
797 2843 897 2894 facturn
924 2853 975 2904 est,
1002 2852 1031 2892 ut
1057 2841 1147 2909 inepta
1173 2839 1239 2893 haec
1263 2839 1379 2892 sententia

342 2931 433 2980 exiret:
454 2948 522 2979 mors
541 2928 667 2978 terribilis
679 2939 726 2980 est
744 2930 787 2984 iis,
806 2949 918 2999 qeins-um
936 2929 998 2979 laus
1017 2929 1098 2978 emori
1115 2948 1178 2979 non
1198 2940 1298 2998 potest:
1318 2948 1380 2979 eam·

342 3036 394 3085 que
409 3034 488 3084 supra
508 3034 536 3066 ex
557 3014 676 3083 margine
696 3014 763 3067 Cod.
783 3015 832 3067 Or.
853 3035 875 3070 o.
897 3016 1061 3068 enotavimus
1079 3026 1104 3067 et
1125 3014 1236 3067 totidem
1251 3016 1333 3067 verbis
1349 3014 1380 3064 le-

342 3104 429 3172 gimus
452 3105 479 3153 in
498 3102 547 3154 Ed.
569 3112 656 3153 nostra
674 3102 770 3155 Aldina
791 3123 814 3155 a.
833 3108 912 3158 1552.
956 3103 1019 3170 Quo
1039 3121 1130 3155 errore
1155 3115 1301 3172 conspecto
1329 3119 1380 3153 cum

343 3200 480 3243 corrector
497 3208 554 3241 non
572 3188 670 3240 librum
690 3191 840 3261 inspexisset
858 3191 932 3256 MS.‚
960 3192 1031 3242 unde
1050 3191 1193 3260 exscriptus
1214 3203 1282 3243 esset
1300 3206 1381 3250 novus,

343 3276 547 3347 expungendum
568 3278 668 3329 censuit
686 3276 751 3329 illud
770 3299 830 3347 non,
848 3281 921 3351 quod
942 3280 1098 3332 sententiam
1119 3279 1254 3331 rideretur
1270 3278 1381 3331 turbare:

342 3383 401 3415 rere
429 3364 500 3416 enirn
526 3376 630 3436 poterat
655 3367 786 3438 scripsisse
813 3370 924 3434 Cicero,
958 3369 990 3420 iis
1022 3365 1166 3420 terribilem
1198 3385 1253 3418 esse
1279 3377 1382 3418 mortem

316 3445 319 3450 ’
342 3472 432 3522 posse,
451 3472 567 3523 quorum
585 3454 641 3506 laus
659 3455 739 3525 possit
752 3458 844 3508 emori.
883 3457 974 3524 Quare
988 3475 1048 3508 cum
1063 3454 1220 3507 Manutiana
1240 3455 1304 3509 anui
1315 3455 1383 3507 1555.

341 3541 531 3608 exprimeretur
550 3543 583 3594 ad
602 3543 736 3614 exemplar
753 3546 876 3598 editionis
893 3546 1006 3598 Aldinae
1025 3544 1088 3596 anni
1100 3546 1182 3595 1552:
1202 3542 1281 3595 huius
1298 3542 1384 3594 editio-

342 3629 382 3680 nis
400 3649 452 3680 non
470 3631 601 3683 abiectum
621 3642 673 3695 est,
691 3633 873 3702 scriptumque
886 3652 998 3703 quorum
1015 3633 1077 3682 laus
1097 3632 1177 3681 emori
1194 3642 1294 3698 potest.
1330 3629 1386 3680 llie·

343 3735 400 3767 ron.
420 3725 508 3768 autem
527 3717 658 3782 Wolfius,
678 3718 724 3789 qui
743 3716 881 3773 Ciceronis
900 3722 979 3773 verba
1004 3721 1135 3789 descripta
1156 3718 1188 3769 ad
1207 3718 1257 3769 Ed.
1277 3738 1300 3770 a.
1314 3719 1387 3769 1555.

342 3802 384 3853 edi
401 3802 482 3867 iussit,
501 3802 579 3868 item,
602 3824 689 3875 neque
707 3802 853 3861 Codicibus
871 3809 996 3880 inspectis
1015 3827 1101 3878 neque
1120 3806 1187 3857 Edd.
1206 3817 1277 3871 vett„
1297 3803 1386 3858 edidit:

342 3909 410 3941 nrors
427 3888 555 3941 terribilis
572 3901 613 3942 est
631 3893 677 3956 iis,
696 3912 809 3964 quorum
834 3898 897 3949 laus
914 3898 995 3949 emori
1015 3905 1117 3967 potest.
1164 3894 1207 3945 Ad
1234 3892 1387 3946 sententiam

342 3987 367 4029 et
385 3975 418 4028 ad
438 3977 517 4028 rerba
536 3978 631 4030 confer
649 3998 711 4033 cum
730 3980 814 4057 Borg.
840 3982 896 4040 cic.
921 4004 972 4057 pro
990 3982 1088 4037 Archia
1107 3987 1152 4035 12:
1186 3994 1238 4032 aut
1258 3982 1390 4035 nobiseum

340 4065 421 4116 simul
445 4066 577 4117 morituro
603 4069 690 4120 omnia
717 4070 899 4125 arbitremur?
917 4100 953 4111 -
996 4071 1077 4139 Quod
1104 4091 1133 4122 ex
1159 4069 1237 4140 Eybii
1265 4066 1391 4138 excerptis

341 4164 461 4207 enotatus
480 4165 518 4206 est
535 4154 653 4208 inversus
672 4159 815 4213 verborum
834 4162 917 4214 ordo:
936 4167 1017 4210 emori
1035 4160 1111 4223 laus,
1128 4158 1156 4210 id
1176 4157 1231 4221 vix,
1251 4168 1281 4209 ut
1302 4155 1388 4226 plera·

341 4259 408 4309 que,
426 4251 518 4295 notatu
538 4241 649 4314 dignum
669 4244 779 4300 videtur.
816 4248 877 4301 Mr.
1155 4253 1158 4257 ’

384 4322 389 4329 ’
410 4328 528 4395 Quorum
546 4330 607 4383 laus
624 4334 704 4384 cruori
721 4354 773 4386 nnn
789 4336 900 4404 potest.]
931 4334 1015 4397 „Laus
1040 4353 1093 4386 non
1120 4345 1224 4387 tantum
1250 4348 1289 4389 est
1308 4334 1393 4404 gloria

340 4424 528 4481 postmortem
553 4438 708 4484 remanens,
731 4421 776 4475 sed
802 4422 857 4491 ipsa
884 4422 963 4478 etiam
989 4424 1085 4487 virtus,
1116 4442 1184 4493 quae
1211 4442 1274 4477 cum
1301 4421 1394 4473 animo
