3450 5342
690 706 732 750 tu
756 704 953 751 rsuiuoxon
978 705 1007 766 v,
1026 699 1051 748 2.
1322 679 1398 755 357

342 869 427 921 istum
445 887 498 919 non
516 867 592 919 modo
611 885 731 930 servum,
750 867 798 918 sed
815 866 1006 938 nequissimum
1024 883 1142 929 servum,
1168 865 1275 918 etiamsi
1292 868 1320 918 in
1338 887 1396 919 om-

337 955 463 1025 plissimn
476 954 591 1024 familia
609 963 693 1005 erutus
711 956 763 1019 sit,
790 953 981 1022 appellandum
1005 965 1082 1023 puto.
1117 953 1204 1005 Pari
1221 955 1395 1006 stultitia

339 1052 425 1094 sunt
444 1041 545 1109 [omisit
562 1040 594 1094 H.
613 1060 681 1113 quos
700 1041 807 1111 signa,]
827 1059 915 1112 quos
933 1040 1093 1106 tabulae,
1113 1059 1198 1112 quos
1216 1041 1397 1095 coelatum

341 1140 537 1200 argentum,
564 1149 646 1200 quos
666 1129 853 1182 Corinthio
873 1147 994 1198 opero,
1017 1147 1100 1200 qnos
1126 1128 1308 1199 aedificio
1334 1149 1398 1183 mn-

339 1217 486 1287 gnisico
505 1216 609 1267 nimio
631 1232 730 1285 opere
749 1215 940 1270 delectant.
989 1218 1185 1282 alissimus,
1213 1217 1398 1293 inquiunt,

340 1296 734 1374 civitatisprincipes.
784 1305 849 1356 Vos
876 1300 1022 1356 verone
1049 1324 1295 1359 conservorum
1324 1307 1398 1376 pui-

343 1391 415 1442 dern
434 1401 626 1444 vestrorum
644 1393 827 1462 principes
844 1396 944 1446 estis.
981 1394 1075 1465 Atque
1094 1395 1173 1446 utin
1193 1412 1293 1464 magno
1306 1393 1398 1465 somi-

340 1479 380 1530 tra
388 1489 453 1530 sunt
462 1479 512 1531 olii
521 1479 660 1545 lautiores,
674 1490 705 1531 ut
715 1479 767 1532 sibi
781 1480 916 1545 videntur,
928 1480 1007 1546 serni,
1018 1483 1065 1532 sed
1079 1491 1168 1534 tanuen
1179 1483 1257 1547 servi,
1267 1483 1397 1534 atrienses

341 1587 374 1618 oc
388 1567 515 1636 topinrii;
534 1567 645 1619 sedut
661 1567 869 1638 irrfnmilio,
887 1567 948 1639 qui
964 1577 1132 1620 tractant
1151 1571 1231 1632 isto,
1250 1571 1311 1640 qui
1329 1578 1396 1620 ter·

340 1666 445 1726 gunt,
465 1657 521 1727 qui
546 1665 697 1726 ungunt,
715 1656 773 1726 qui
793 1665 957 1721 verrunt,
982 1656 1043 1728 qui
1060 1665 1246 1726 spargunt,
1264 1676 1328 1708 non
1342 1656 1398 1707 iio-

341 1745 579 1797 nestissirnunr
597 1744 707 1796 locum
725 1745 921 1796 servitutis
948 1753 1084 1806 tenent5
1111 1745 1211 1796 sicin
1230 1742 1396 1799 civitate}

341 1834 402 1904 qui
419 1851 452 1886 se
466 1832 1035 1901 istorumrerumcupiditotibns
1050 1832 1269 1892 dediderunt,
1288 1831 1396 1883 istius

340 1920 535 1971 servitutis
558 1920 669 1970 locum
691 1937 802 1988 poene
826 1921 987 1992 infimum
1011 1919 1197 1978 obtinerem
1234 1917 1315 1986 Quod
1335 1939 1396 1971 reru

341 2006 490 2059 orationem
510 2007 603 2060 fecerit
620 2008 655 2061 ita
667 2008 827 2074 continuari,
847 2020 877 2062 ut
895 2008 1026 2062 illatosed
1034 2008 1164 2080 quaedam
1177 2019 1325 2062 structurae
1335 2026 1396 2078 per-

342 2094 459 2148 turbatio
469 2093 538 2149 lacta
551 2114 606 2149 esse
617 2096 743 2161 videatur,
759 2096 783 2148 id
794 2096 854 2149 satis
867 2097 994 2168 frequens
1004 2115 1058 2149 esse
1069 2095 1140 2167 apud
1151 2094 1322 2158 Ciceronem,
1341 2094 1396 2165 qui,

340 2183 361 2235 si
381 2183 515 2254 inceptam
541 2183 673 2237 rationem
698 2185 839 2249 tenuisset,
872 2183 950 2252 plena
978 2185 1099 2238 oratione
1119 2184 1228 2237 sortasse
1245 2183 1280 2237 ita
1306 2182 1398 2234 luisset

341 2271 503 2342 scripturus:
530 2269 787 2340 „Quemadmodum
814 2272 841 2324 in
867 2291 963 2344 magua
983 2271 1082 2325 familia
1110 2282 1171 2324 suut
1197 2270 1241 2324 alii
1271 2269 1397 2323 lautiores

340 2360 422 2425 servi,
442 2358 486 2412 alii
504 2361 593 2413 minus
609 2359 729 2427 honesti,
748 2361 782 2414 ita
803 2359 882 2432 plane
901 2372 927 2414 et
945 2361 985 2415 isti
1005 2359 1180 2432 cupiditatum
1200 2375 1308 2411 suarum
1329 2355 1395 2408 serri

343 2446 388 2500 alii
406 2446 485 2499 aliam
504 2445 601 2501 liabent
621 2447 813 2519 dignationem.
854 2450 943 2522 Atque
962 2449 1042 2515 atii,
1070 2449 1116 2520 qui
1135 2447 1289 2518 signorum,
1318 2444 1395 2497 tabu-

342 2534 448 2601 larum,
473 2533 655 2605 similiumque
673 2554 763 2589 rerum
784 2554 877 2591 curam
897 2535 1008 2602 babent,
1036 2554 1090 2588 non
1116 2533 1327 2587 honestissimum
1354 2530 1394 2583 lo-

342 2640 405 2674 cum
424 2621 554 2674 servitutis
571 2632 675 2689 tenent,
694 2623 730 2677 ita
749 2624 828 2678 etiam
848 2625 995 2678 earundem
1014 2643 1104 2676 rerum
1123 2622 1214 2692 cupidi
1241 2619 1313 2673 istius
1337 2637 1394 2670 ser-

341 2707 429 2761 vitutis
446 2708 537 2762 locum
559 2728 643 2780 paene
660 2711 784 2764 infimum
803 2716 924 2766 tenent.“
961 2713 1043 2782 Quod
1062 2713 1083 2765 si
1104 2713 1172 2765 sorte
1191 2709 1286 2782 aliquis
1304 2707 1395 2779 paullo

344 2797 504 2850 fastidiosior
522 2817 577 2851 uon
603 2799 677 2852 ierat
693 2801 870 2872 (quamquam
899 2801 952 2854 sint
977 2800 1075 2854 similes
1100 2810 1258 2854 structurae·
1275 2796 1308 2848 de
1335 2796 1393 2848 Ost.

342 2887 368 2948 1,
387 2887 436 2938 3⁰:
456 2885 627 2956 Quinetiam
645 2898 710 2953 eto,
729 2889 765 2942 ib.
783 2886 828 2952 lll,
846 2893 890 2946 26.
943 2889 1016 2941 Utile
1044 2888 1270 2952 visitaturus,
1299 2884 1394 2937 Tusce.

343 2971 364 3038 l,
384 2979 409 3030 1.
455 2974 562 3027 Etenim
579 2974 605 3026 ei
622 2974 693 3041 etc),
717 2996 762 3029 eos
781 2988 885 3031 mutare
902 2978 977 3032 iubet
995 2977 1048 3030 leni
1067 2975 1234 3030 correctione
1252 2975 1297 3024 Et
1315 2981 1348 3023 ut
1365 2973 1394 3024 in

337 3063 453 3134 familia
471 3073 520 3115 etc.
575 3060 823 3135 Transpositiouem
850 3077 940 3119 autem
966 3066 1002 3120 ita
1029 3065 1056 3118 in
1075 3064 1158 3118 libros
1177 3074 1276 3117 veteres
1296 3059 1393 3113 venisse

342 3152 483 3206 existimat:
510 3149 676 3216 „Putabam
704 3151 807 3223 inquit,
837 3154 927 3223 turbas
944 3155 1005 3207 istas
1024 3154 1165 3206 verborum
1185 3154 1271 3221 puTO
1297 3149 1396 3202 PAR!

341 3238 444 3292 dedisse
462 3237 664 3308 proximitatem.
710 3237 740 3288 ln
762 3238 859 3310 quibus
878 3240 1087 3294 coalescentibus
1107 3258 1168 3292 cum
1196 3236 1321 3291 librarius
1344 3236 1392 3290 sibi

338 3327 407 3380 visus
425 3335 491 3378 esset
508 3323 711 3395 deprehendisse
731 3343 824 3379 vocem
840 3327 1017 3378 TOPIARH
1043 3325 1154 3378 inies-ius
1173 3325 1262 3395 paullo
1291 3336 1394 3378 exstau-
1484 3345 1487 3350 ’

340 3426 408 3479 tem,
428 3425 485 3466 tum
504 3410 607 3483 reliqua
629 3410 692 3464 inde
710 3431 724 3465 a
745 3411 847 3484 periodi
867 3412 944 3466 initio
963 3413 1058 3478 rerba,
1087 3432 1133 3464 sua
1151 3410 1212 3464 sede
1234 3423 1322 3477 mota,
1341 3412 1393 3465 huc

341 3502 482 3557 transtulit.
517 3500 585 3553 lllud
604 3520 689 3554 unum
710 3499 795 3567 addo,
815 3500 887 3571 quod
907 3501 927 3554 si
948 3501 1011 3572 quid
1031 3500 1102 3553 aliud
1123 3517 1261 3570 unquam,
1289 3497 1391 3569 liquido

336 3611 415 3662 posse
438 3609 481 3642 me
505 3588 640 3643 affirmare
664 3588 796 3656 arbitror,
827 3608 882 3642 non
910 3589 953 3657 id,
989 3589 1061 3660 quod
1089 3587 1149 3641 libri
1176 3605 1270 3639 omues
1294 3584 1392 3638 habent

335 3680 455 3749 ipsius
479 3677 621 3731 servitutis
653 3677 814 3733 Ciceronem
841 3679 990 3750 scripsisse,
1022 3677 1068 3731 sed
1096 3676 1162 3729 isti
1170 3673 1390 3728 iss-servitutis:

334 3769 420 3820 istum
439 3784 536 3838 nempe
554 3767 706 3820 servitutem
726 3766 874 3835 dicentem,
902 3787 971 3840 quae
997 3767 1030 3820 ab
1049 3765 1158 3819 istarum
1179 3781 1267 3817 rerum
1287 3773 1326 3816 est
1343 3782 1392 3815 cu-

338 3854 475 3926 piditate.“
503 3853 579 3908 llanc
589 3853 672 3927 igitur
682 3855 832 3927 llottingeri
847 3855 1052 3927 disputationem
1064 3853 1237 3908 Hermann
1246 3870 1282 3903 us
1296 3868 1392 3920 quam·

336 3961 420 4013 quam
439 3941 530 4015 paullo
549 3942 676 3997 audacius
693 3944 794 3997 mederi
812 3943 873 3997 loco
892 3955 996 4007 censet,
1020 3962 1107 4014 neque
1125 3941 1204 4013 plane
1224 3957 1315 3991 verum
1340 3956 1391 3989 acu

335 4031 411 4103 quasi
432 4023 558 4101 tetigisse,
578 4030 745 4101 ingeniosam
765 4042 852 4083 tamen
874 4051 928 4084 esse
948 4030 1085 4084 concedit:
1117 4030 1173 4099 ipse
1198 4038 1286 4079 autem
1315 4043 1389 4076 suam
1463 4014 1466 4019 ¹

334 4120 372 4174 ita
390 4112 547 4172 senteutiam
567 4117 723 4188 expromsits
760 4117 820 4184 „td
841 4138 952 4171 manum
971 4129 1032 4172 suut
1051 4118 1104 4171 duo
1123 4115 1322 4168 Parailosorum
1335 4110 1390 4163 Co-

332 4207 421 4271 dices,
440 4227 510 4263 unus
529 4206 679 4278 Lipsiensis,
698 4207 765 4260 alter
783 4207 861 4259 amici
883 4206 1030 4260 cuiusdam.
1067 4207 1096 4259 ln
1117 4206 1206 4277 priore
1224 4215 1276 4256 est:
1296 4202 1388 4272 Atque

333 4297 415 4349 utin
433 4312 532 4368 magno
545 4295 661 4367 familia
680 4295 829 4348 stultorum
847 4296 897 4346 olii
915 4305 980 4348 sunt
998 4295 1129 4347 lautiores
1152 4295 1245 4364 (supra
1270 4289 1316 4342 lin.
1344 4289 1388 4353 da,

332 4393 365 4437 ut
384 4383 495 4438 voluisse
514 4383 632 4437 videatur
648 4395 786 4438 corrector
803 4383 984 4450 liindutiores)
1016 4392 1048 4434 nt
1078 4381 1129 4434 sibi
1158 4380 1284 4431 videntur
1307 4381 1387 4445 servi,

333 4472 384 4526 sed
400 4482 465 4525 sunt
486 4471 615 4540 (deletum
634 4482 671 4527 est
694 4483 775 4539 sunt,
803 4485 827 4526 et
853 4492 932 4545 supra
952 4471 1050 4527 lineam
1074 4479 1134 4541 post
1158 4467 1287 4520 atrienses
1313 4465 1385 4538 posi-
