3450 5342
538 699 574 744 il.
592 748 597 757 ¹
626 697 800 745 nutttontts
828 699 1081 753 tnttuoxotttttt.
1264 709 1335 755 XVll

287 859 489 912 Venundantur
507 858 667 910 Parrhisius
683 857 749 927 (sic)
769 859 798 910 in
828 860 887 911 rico
912 859 968 911 divi
987 860 1078 914 iacobi
1101 880 1118 913 a
1144 866 1279 936 Gausrido
1304 868 1335 919 de

285 948 414 1019 Marnef‚
434 946 485 1000 sub
500 949 578 1019 signo
596 945 738 998 Pelliccni.
756 975 791 991 ν·-
820 946 849 998 ln
868 945 934 999 line:
954 951 997 998 Er
1016 947 1126 1002 aedibus
1143 953 1253 1004 Ioannis
1265 958 1336 1005 Bar·

284 1033 348 1098 bier,
369 1035 469 1086 decima
481 1034 523 1085 clie
541 1035 637 1086 mensis
654 1032 804 1101 Iullii(sic)
815 1033 897 1085 Anno
915 1035 963 1086 drii
978 1035 1115 1088 millesima
1129 1036 1336 1129 quingew'timo

284 1123 454 1177 Duodecimn.
481 1125 505 1176 8.
541 1122 601 1178 Non
627 1133 735 1175 noverat
755 1119 787 1174 C.
806 1120 951 1175 Beierus
975 1123 1045 1177 banc
1063 1123 1223 1191 editionem,
1249 1124 1336 1198 risque

284 1208 458 1263 Oreliius.

356 1300 380 1349 4.
419 1297 528 1349 Tullius
549 1297 579 1347 de
599 1297 710 1366 Officiis
732 1307 783 1349 etc.
803 1315 850 1347 nec
869 1316 921 1347 nou
940 1298 1087 1349 Paraduxa
1104 1300 1234 1353 eiusdem:
1264 1305 1337 1370 Opus

284 1384 384 1440 Bened.
402 1384 582 1455 Brugnoli
608 1383 700 1435 studio
724 1382 906 1434 emaculatum
931 1382 1033 1435 additis
1052 1387 1160 1439 Graecis
1183 1405 1253 1458 quae
1277 1388 1337 1438 clee-

283 1484 349 1525 rant
366 1502 400 1515 -
426 1471 625 1522 -adiunctis
647 1481 790 1538 praeterea
815 1471 1010 1521 commentariis
1036 1474 1132 1526 Franc.
1156 1472 1336 1526 Omniboni

281 1560 461 1632 Ascensiique
478 1561 507 1612 in
528 1559 653 1611 ultimum
673 1558 845 1611 Paradoxon.
867 1558 1096 1628 quadlatinorum
1113 1561 1207 1614 nullus
1218 1563 1257 1612 ad
1270 1564 1336 1613 lraec

283 1666 369 1719 usque
388 1657 508 1716 tempora
527 1664 615 1698 ausus
633 1655 674 1698 est
693 1645 842 1697 enucleare.
860 1675 895 1686 -
933 1645 962 1699 ln
981 1645 1048 1699 fine:
1068 1650 1228 1717 Impressum
1251 1652 1336 1702 Vene-

281 1734 385 1784 tiis-
405 1744 515 1801 sumptu
537 1733 658 1804 miraque
677 1732 819 1803 diligentia
837 1733 949 1785 Ioannis
968 1734 999 1784 de
1012 1734 1120 1787 Tridino
1133 1737 1203 1788 alias
1223 1738 1337 1789 Tacuini
1370 1750 1375 1757 ⁴

280 1839 359 1873 anno
379 1849 411 1863 -·
436 1819 475 1873 M.
494 1819 528 1873 Ι).
547 1819 628 1871 Xilil.
653 1819 695 1869 die
724 1819 821 1870 ultimo
848 1817 999 1871 Februarii.
1025 1820 1044 1873 i.
1069 1840 1105 1875 m.
1131 1820 1247 1875 Graecas
1271 1822 1336 1875 baec

280 1908 366 1961 editio
391 1906 470 1961 babet
492 1906 690 1961 Paradoxorum
721 1905 922 1976 inscriptiones,
955 1908 1000 1960 sed
1026 1909 1179 1963 accentibus
1209 1920 1335 1963 carentes.

284 1996 345 2050 Vid.
365 1994 398 2049 C.
417 1994 528 2048 Beier.
546 1994 564 2046 Ι.
584 2012 607 2047 c.
623 2014 649 2064 p.
660 1997 722 2047 44⁹.
741 1994 775 2046 Ν.
794 1999 837 2048 ts.

357 2104 381 2154 5.
418 2102 457 2153 M.
468 2103 498 2152 T.
510 2076 648 2151 Ciceronis.
674 2101 717 2149 De
735 2097 876 2152 Amicitia.
907 2102 948 2150 De
957 2103 1106 2154 Senectute.
1138 2100 1335 2153 Paradene.—

284 2187 315 2240 in
335 2188 402 2240 fine:
422 2186 610 2257 Argentorati.
636 2183 1010 2238 Excedibusdclrurerianis.
1038 2188 1130 2238 Mense
1147 2188 1229 2239 Maia.
1255 2187 1356 2240 Anno'

284 2273 323 2327 Μ.
340 2274 374 2327 D.
392 2275 449 2325 XV.
467 2278 493 2327 4.
531 2273 592 2326 Non
611 2290 708 2343 paucas
725 2271 805 2325 babet
824 2270 950 2326 lectiones
970 2272 1079 2344 probas,
1106 2293 1120 2333 a
1147 2274 1337 2344 posterioribus

286 2361 429 2434 neglectas.

359 2470 384 2521 6.
422 2467 510 2518 Cicero
535 2485 595 2518 cum
620 2476 764 2518 conunento
791 2465 910 2519 Marsi.
959 2465 1129 2516 Maturancii
1152 2476 1179 2516 et
1204 2466 1336 2519 Ascensii.

289 2557 322 2607 In
340 2557 382 2609 M.
405 2558 433 2607 'l'.
453 2554 583 2605 Ciceronis
603 2554 633 2604 tle
653 2552 701 2622 off.
721 2554 799 2608 amic.
821 2570 876 2606 sen.
901 2561 928 2602 ct
945 2550 1093 2619 paraclesis
1112 2550 1192 2603 libros
1206 2570 1337 2622 perquam

284 2641 436 2711 familiaris
463 2641 616 2711 explicatio.
635 2670 669 2681 -
716 2644 827 2712 laques.
853 2639 971 2691 Maillet.
1016 2637 1047 2691 in
1074 2637 1140 2691 fine:
1175 2638 1338 2692 Absolutum

289 2727 338 2780 ltuc
355 2729 528 2798 preclarum
553 2747 619 2796 opus
643 2727 735 2797 Lugd.
760 2726 932 2778 exactissima
966 2745 1032 2777 cura
1056 2754 1091 2764 -
1118 2735 1145 2776 et
1169 2725 1339 2778 nitidissimis

289 2834 452 2869 excussum
482 2813 695 2867 curatoribus:
737 2832 809 2865 anuo
838 2812 938 2863 domini
963 2814 1003 2862 M.
1023 2814 1133 2864 CCCCC.
1151 2815 1217 2864 XV.
1244 2814 1339 2864 mensis

289 2902 363 2955 iulii.
381 2902 398 2954 i.
420 2922 455 2955 m.
475 2932 509 2941 -
546 2892 577 2954 ln
597 2901 647 2954 bac
665 2919 777 2973 quoque
795 2899 845 2954 Ed.
863 2897 966 2954 Graeca
986 2898 1079 2952 litteris
1097 2899 1196 2953 Latinis
1215 2910 1275 2953 sunt
1294 2920 1357 2950 ει»

291 3009 390 3060 pressa;
416 3010 438 3043 v.
465 3009 488 3044 c.
515 2989 644 3042 Paradoxi
670 2989 763 3061 quinti
782 2987 920 3060 inscriptio
947 2997 998 3039 est:
1025 2987 1072 3037 Oti
1096 3005 1184 3037 uranos
1210 2987 1339 3056 bosoplios

290 3077 438 3130 eleutheros
456 3077 583 3146 kepantes
600 3076 630 3127 tu·
648 3078 714 3130 mori
739 3077 805 3132 duli.
849 3077 879 3130 in
900 3073 1120 3140 Commentariis,
1150 3073 1195 3126 ubi
1220 3073 1338 3127 Graecae

291 3164 423 3218 debebant
440 3182 494 3217 esse
513 3183 603 3231 voces,
622 3164 718 3220 lacuna
739 3177 785 3220 est.

362 3273 390 3324 ἵ.
416 3268 526 3322 Aldina:
546 3274 580 3321 In
592 3269 642 3321 lroc
653 3271 751 3324 volum.
763 3269 949 3322 continentur:
969 3271 1009 3321 M.
1024 3270 1053 3319 Τ.
1062 3265 1192 3317 Ciceronis
1204 3263 1259 3332 Off.
1273 3265 1340 3314 Cato

292 3359 353 3411 mai.
374 3377 396 3410 s.
423 3357 454 3407 de
478 3360 539 3408 Sen.
557 3356 668 3409 Laelius
685 3376 708 3412 s.
737 3358 768 3408 de
787 3356 876 3409 Amic.
901 3358 988 3408 Somn.
1014 3354 1085 3423 Scip.
1109 3371 1142 3402 ex
1167 3353 1215 3404 VI.
1235 3350 1266 3399 cle
1285 3367 1338 3418 rep.

290 3452 456 3511 excerptum.
467 3470 502 3480 —
528 3442 681 3510 Παράδοξα.
719 3441 877 3512 (Adduntur
887 3438 1023 3511 Θεοδώρου
1041 3445 1098 3509 rupi
1110 3436 1196 3509 γήρως
1213 3437 1339 3506 ipun'ruu.

284 3527 405 3596 Ὄνειρος
423 3530 513 3592 Zara.)
551 3527 667 3580 latine:
690 3528 809 3581 Venetiis
825 3529 853 3578 in
873 3526 984 3578 aedibus
1002 3528 1069 3579 Aldi
1086 3536 1113 3576 et
1126 3525 1251 3577 Andreae
1264 3526 1341 3577 Asu-

291 3618 349 3668 lani
366 3615 457 3667 soceri.
476 3617 517 3666 M.
536 3620 573 3668 D.
591 3617 692 3667 XVII.
712 3617 804 3666 Mense
822 3612 893 3665 Iuni.
914 3615 939 3665 8.
987 3611 1054 3662 Vide
1080 3610 1112 3662 de
1136 3629 1166 3662 ee
1186 3609 1235 3666 Ed.
1254 3609 1339 3664 Orell.

292 3703 392 3756 Onom.
413 3700 485 3754 Tull.
506 3702 524 3753 l.
545 3721 571 3774 p.
588 3704 650 3757 343.

362 3809 387 3858 8.
423 3802 536 3858 Aldina:
566 3807 606 3858 M.
639 3804 710 3859 Tull.
735 3805 787 3859 Cic.
806 3803 861 3875 Off.
889 3803 920 3854 de
937 3804 1025 3856 Amic.
1045 3802 1075 3853 de
1098 3805 1159 3854 Seu.
1179 3829 1214 3840 -
1251 3804 1343 3852 Para-

294 3893 377 3958 doxa,
408 3892 552 3962 interprete
570 3894 709 3959 Accensa,
745 3892 878 3958 Venetiis,
907 3888 1172 3944 northwican.
1193 3887 1342 3958 Elegantis-

293 3977 355 4030 sime
374 3977 471 4044 editio,
498 3980 531 4031 ab
549 3978 661 4032 aliarum
683 3978 842 4033 Aldinerum
869 3977 1027 4033 lectionibus
1051 3976 1141 4030 multis
1158 3976 1224 4031 locis
1248 3974 1343 4026 admo·

294 4063 355 4116 dum
375 4064 536 4137 discrepans.
583 4066 625 4121 De
652 4087 681 4122 ea
709 4065 759 4121 Ed.
782 4065 852 4122 baud
880 4066 1020 4139 frequente
1050 4063 1099 4117 vid.
1127 4061 1212 4116 Orell.
1239 4059 1341 4113 Onom.

296 4151 364 4206 Tutt.
382 4152 415 4204 Τ.
434 4152 453 4205 Ι.
471 4173 498 4224 p.
517 4156 579 4208 349.

362 4262 386 4312 t.
422 4259 464 4310 M.
486 4261 516 4312 T.
536 4261 564 4312 C.
590 4261 688 4329 Officia
717 4260 861 4332 diligenter
885 4261 1025 4313 restituta.
1062 4252 1157 4307 Eiusd.
1182 4250 1213 4299 dc
1237 4251 1300 4303 Am.
1315 4264 1342 4305 et

292 4347 352 4398 Sen.
370 4346 483 4415 Dialogi
500 4346 610 4416 singuli.
646 4350 795 4402 Paradoxa
813 4360 841 4401 et
859 4349 1027 4414 Summdcip.
1043 4347 1106 4395 Cum
1121 4359 1183 4392 ann.
1203 4341 1343 4392 Erasini

291 4435 352 4487 nor.
372 4444 400 4484 et
417 4431 492 4484 Plril.
512 4433 753 4491 Melanctleonis:
773 4440 842 4488 Item
857 4453 921 4488 ann.
939 4431 1036 4485 Barth.
1055 4428 1193 4482 Latomi
1212 4427 1239 4477 in
1253 4431 1342 4479 Pura·

1093 4521 1114 4584 b
