3450 5342
669 709 710 755 ιιι
739 707 934 754 ιιιιιιιοιιοιι
962 707 1006 770 1v,
1023 702 1048 751 1.
1311 684 1384 760 343

331 867 438 920 Docebo
456 868 554 938 cepisse
572 867 716 931 maximas,
735 888 875 942 omnesque
893 889 939 922 cas
957 869 1125 941 iniquitates,
1147 865 1286 936 dequibus
1303 879 1385 921 antea

333 954 405 1021 disi,
423 955 468 1006 sui
487 965 616 1026 quaestus
631 973 715 1008 causa
733 957 905 1009 constituisse
924 958 1061 1009 vincam
1070 976 1080 1016 ,·
1114 952 1147 1006 ad
1164 953 1282 1006 Herenn.
1293 954 1339 1022 IV,
1355 962 1385 1012 5:

333 1041 364 1092 Si
392 1043 569 1106 concederem,
607 1043 696 1094 aliena
721 1053 840 1111 oportere
872 1060 1008 1096 assumere
1034 1040 1173 1112 exempla,
1207 1043 1386 1109 vincerem,

334 1129 416 1181 unius
434 1139 560 1198 oportere.
597 1129 671 1201 Ego,
695 1141 724 1183 ιιι
741 1131 826 1184 fatear
844 1131 917 1202 quod
943 1141 996 1195 est,
1021 1129 1056 1183 ita
1074 1147 1150 1182 servo
1169 1128 1312 1182 lectionem
1331 1129 1389 1182 ιιιΙ-

334 1226 438 1288 gatam,
464 1229 494 1271 ιιι
519 1237 573 1271 non
593 1218 702 1290 quidem
728 1218 853 1272 haeream
872 1218 901 1271 in
925 1218 1019 1275 rebus,
1046 1215 1119 1288 quod
1146 1234 1209 1270 cum
1228 1214 1388 1269 Gcrnhardo

334 1314 407 1357 recte
426 1304 549 1375 explicari
569 1306 687 1358 existimo
705 1307 854 1360 rationibus
872 1305 997 1358 infactis
1015 1304 1120 1376 positis:
1148 1323 1237 1375 neque
1256 1304 1290 1357 de
1309 1304 1389 1357 verbo

334 1391 457 1443 vincendi
475 1391 581 1459 dubito,
601 1393 674 1464 quod
693 1413 742 1464 pro
762 1394 875 1460 docere,
901 1392 1031 1463 probare,
1057 1392 1216 1446 convincere
1234 1391 1286 1446 dici
1313 1411 1389 1462 posse

334 1489 453 1549 apparet.
489 1478 583 1533 Unum
601 1481 753 1533 rue-turbat
770 1491 797 1534 et
813 1479 926 1552 impedit
945 1479 1011 1532 illud
1030 1479 1201 1545 necessariis,
1219 1480 1292 1551 quod
1311 1479 1390 1535 Cice-

335 1565 409 1618 ronis
426 1585 482 1619 esse
499 1566 564 1620 mihi
581 1586 661 1620 nemo
679 1585 800 1638 unquam
822 1566 1000 1639 persuadebit.
1037 1566 1111 1634 Quid
1130 1567 1221 1621 enim?
1249 1567 1319 1636 Quis
1336 1587 1390 1621 un-

336 1673 418 1725 quam
438 1673 480 1705 res
497 1656 663 1718 necessarias
681 1655 773 1708 credat
790 1673 853 1708 eum
878 1655 964 1707 virum
984 1653 1075 1707 dirissc
1102 1674 1152 1726 pro
1176 1654 1265 1720 sactis,
1292 1655 1390 1725 quibus

336 1741 372 1794 ita
391 1741 522 1811 probatur
540 1740 655 1813 aliquid,
675 1753 704 1795 ut
724 1741 846 1796 confiteri
864 1753 976 1815 cogatur
995 1741 1158 1794 adversarius
1174 1761 1201 1795 se
1219 1740 1316 1795 victum
1335 1761 1389 1795 esse

336 1828 463 1880 veritatis
481 1827 598 1887 viribus,
618 1840 647 1883 ut
665 1830 728 1884 dixit
745 1829 883 1884 Phaedrus
900 1829 920 1898 l,
940 1832 966 1892 1,
982 1832 1007 1884 9.
1039 1828 1132 1895 Μι.’)

715 2097 928 2158 uxcuustts
951 2099 1015 2158 vlt.

564 2236 641 2311 sn
667 2233 1007 2311 nnnsnoxon
1035 2237 1104 2331 lv,
1132 2234 1175 2308 ι,

342 2450 381 2459 -
405 2434 521 2499 quum,
536 2413 637 2488 ferro
653 2412 773 2498 pulsis
794 2408 1079 2497 magistratibus,
1100 2421 1244 2475 senatus
1268 2435 1389 2478 nomen

625 2533 663 2575 cn
686 2509 887 2597 republica
910 2533 993 2574 non
1016 2523 1104 2579 erat

410 2652 509 2719 „Hunc
523 2653 613 2707 locum
632 2653 782 2707 foedissima
801 2652 860 2706 labe
881 2653 1051 2725 deturpatum
1070 2674 1125 2708 esse
1144 2672 1249 2706 meeum
1267 2653 1392 2707 fatebun-

340 2752 399 2806 tur,
419 2741 465 2811 qui
483 2741 633 2796 accuratius
651 2761 713 2794 eum
733 2741 922 2796 examinabunt
939 2753 966 2796 et
983 2762 1039 2796 non
1058 2741 1173 2813 hospites
1191 2751 1253 2795 sunt
1276 2741 1305 2794 in
1323 2742 1393 2795 anti·

342 2848 460 2900 quorum
479 2828 588 2896 litteris,
607 2841 637 2884 ut
655 2830 688 2882 de
707 2829 747 2882 his
765 2831 867 2901 possint
883 2830 954 2884 ierre
973 2831 1139 2885 sententiam.
1189 2830 1291 2881 Nomen
1313 2848 1392 2882 sena-

341 2926 389 2968 tus
407 2935 457 2985 pro
474 2918 630 2970 auctoritate
656 2929 775 2984 senatus,
809 2929 838 2972 ιιι
864 2919 912 2971 viri
931 2918 1002 2972 docti
1029 2930 1181 2990 exponunt,
1206 2917 1291 2990 accipi
1318 2915 1393 2971 ιιιιΙΙο

341 3003 424 3056 modo
442 3015 536 3075 potest.
582 3003 657 3072 Quin
682 3024 775 3056 nomen
801 3016 914 3059 senatus
930 3017 976 3060 aut
1006 3007 1218 3078 magistratuum
1246 3006 1394 3076 opponitur

340 3110 448 3162 semper
464 3090 573 3144 iliorum
599 3092 720 3161 potestati
746 3106 771 3146 et
795 3094 953 3149 auctoritati.
990 3093 1045 3147 Liv.
1066 3093 1112 3147 tib.
1130 3093 1173 3146 111.
1202 3112 1226 3146 c.
1245 3096 1294 3147 θῦε
1323 3094 1395 3145 Dein

342 3197 375 3229 nc
393 3178 446 3247 ipsi
464 3178 569 3250 quidem
589 3178 717 3247 (tribuni)
734 3180 860 3232 inviolati
877 3191 971 3237 erant,
991 3181 1086 3252 utiquc
1102 3180 1243 3250 postremis
1262 3177 1394 3232 mensibus

343 3284 404 3317 cum
422 3274 450 3316 ct
465 3284 514 3337 per
533 3265 659 3317 coitiones
674 3267 856 3334 potentiorum
880 3267 982 3319 iniuria
1002 3266 1100 3336 fieret,
1131 3278 1157 3318 et
1183 3267 1223 3318 vis
1246 3265 1395 3337 potcstatis
1458 3304 1460 3308 »

429 3450 452 3519 ’)
470 3451 510 3505 Ne
537 3451 602 3523 qnid
631 3451 692 3507 huic
718 3453 888 3526 disputationi
916 3452 1005 3506 deesse
1034 3449 1169 3515 videatur,
1204 3449 1274 3502 addo
1303 3450 1396 3501 Oberti

341 3522 450 3594 Gisanii
476 3523 509 3576 de
540 3533 633 3577 nostro
660 3523 721 3578 loco
753 3525 926 3591 sententiam,
966 3523 1000 3576 de
1033 3541 1085 3593 qua
1116 3519 1235 3591 loquitur
1267 3518 1395 3572 Graevius

341 3595 369 3647 in
388 3612 434 3646 sua
461 3593 493 3647 ad
521 3593 547 3647 h.
567 3594 586 3648 1.
611 3596 774 3649 anotatione.
825 3594 996 3668 Deprehendi
1022 3612 1080 3646 cam
1109 3592 1138 3644 in
1162 3587 1348 3644 Coniectaneis
1366 3589 1394 3642 in

340 3665 515 3732 Lucretium,
549 3665 583 3719 ad
617 3666 717 3722 calcem
747 3667 877 3721 Editionis
904 3663 1021 3720 Lucretii
1055 3662 1214 3716 Gifanianae
1239 3662 1395 3725 rarissimae,

340 3736 442 3806 (Lugd.
472 3736 531 3790 Bat.
557 3740 636 3793 1595.
655 3739 695 3808 8.)
741 3743 819 3794 ,416
838 3759 878 3810 sq.
905 3737 950 3791 ubi
975 3747 1027 3790 est:
1058 3735 1203 3800 „Vincere.·
1234 3732 1398 3804 argumentis

341 3807 458 3872 docere,
488 3807 623 3876 obtinere,
660 3759 835 3876 contirmare,
865 3808 994 3863 evincere.
1056 3805 1103 3859 Sic
1133 3804 1171 3858 Μ.
1202 3803 1306 3857 Tullius
1334 3822 1396 3857 cum

341 3877 405 3930 aiibi
424 3897 518 3950 saepe,
545 3892 601 3934 tum
626 3881 655 3933 in
680 3880 818 3935 Paradoxo
836 3881 882 3934 IV.
925 3879 979 3932 Sed
1001 3876 1115 3948 (inquit)
1141 3877 1284 3928 dementem
1310 3886 1337 3926 et
1355 3875 1397 3926 in·

341 3950 530 4001 sanumrebus
548 3961 575 4001 tc
594 3952 697 4003 vincam
716 3952 888 4008 necessariis,
929 3949 967 4004 lta
988 3949 1060 4002 enim
1084 3947 1175 3999 locum
1201 3964 1264 3998 enm
1288 3944 1397 4016 quidam

340 4019 451 4090 legunt,
471 4032 564 4075 contra
583 4040 676 4074 ornnes
702 4033 802 4074 veteres
826 4021 917 4073 libros.
958 4019 1013 4072 Nos
1036 4019 1071 4069 ita
1092 4036 1121 4069 ex
1139 4016 1220 4069 veteri
1237 4016 1318 4067 libro:
1346 4016 1400 4066 Sed

342 4091 488 4143 dementem
517 4101 544 4142 ct
571 4093 695 4145 insanum
727 4091 780 4161 (vel
809 4101 837 4141 ta
866 4090 998 4154 insanire)
1025 4087 1103 4139 rebus
1136 4087 1278 4138 advincam
1310 4102 1399 4136 ncces-

341 4162 440 4226 sariis‚
486 4173 593 4216 venuste
624 4181 688 4234 pro:
730 4161 878 4216 rationibus
911 4157 1107 4213 efficacissimis.
1170 4156 1213 4208 De
1247 4155 1399 4209 Advincere

341 4232 402 4285 vide
429 4251 510 4305 supra
538 4235 576 4306 [p.
604 4235 679 4302 aaa]
708 4233 850 4304 adopinari
874 4232 966 4300 (Luce.
985 4229 1031 4295 tV,
1060 4226 1134 4295 814.)
1169 4227 1226 4294 [ubi
1261 4226 1399 4280 confertur

340 4305 455 4357 verbum
474 4305 632 4373 accrederaJ.
669 4304 759 4358 Posset
779 4316 867 4358 tamen
887 4301 995 4356 retineri
1016 4298 1151 4369 vulgatum
1170 4298 1311 4363 addicam,
1336 4316 1400 4350 nam

342 4376 370 4428 in
398 4374 523 4498 ιιιιιοὲΙῙειιιι
554 4386 640 4429 vetere
677 4374 727 4429 vidi
756 4376 909 4441 addictam,
945 4373 965 4426 si
996 4369 1078 4425 modo
1106 4370 1140 4423 ita
1169 4368 1247 4423 etiam
1283 4367 1400 4440 accipia-

342 4459 396 4501 tur.
489 4467 511 4500 r.
