3450 5342
345 619 420 695 238
680 645 853 692 ramnum
878 642 1072 721 srotooauu.

344 807 397 860 lam
421 805 454 858 de
474 805 512 858 lle
532 803 654 869 Rustica,
674 801 755 854 letica
773 802 879 855 docent.
923 801 1059 872 Scriptum
1089 802 1167 855 etism
1189 815 1230 858 est
1247 815 1354 877 tergent
1371 807 1393 859 in

343 893 411 948 Edd.
429 893 499 946 Vict.
518 891 587 944 Rob.
604 889 696 962 Stepb.
716 888 821 942 Camer.
842 900 868 942 et
885 887 970 942 Sufsr.
989 890 1060 942 Petr.
1079 890 1203 943 Verbum
1223 904 1333 964 ungunt
1347 914 1394 946 non

343 978 422 1036 babet
440 980 507 1034 Cod.
527 979 577 1032 Os.
590 978 621 1031 N.
658 978 688 1031 ln
707 976 795 1038 Onu.
816 987 853 1030 est
872 977 1006 1047 iungunt,
1025 976 1052 1030 in
1071 976 1189 1032 Derda.
1210 991 1322 1051 urgent.
1341 981 1393 1033 lllr.

413 1071 460 1140 qui
478 1077 603 1137 tergunt,
621 1068 669 1137 qui
686 1065 819 1136 ungunt,]
855 1062 1007 1128 „Nimirum
1024 1065 1114 1136 signa,
1132 1077 1162 1119 ut
1182 1067 1273 1137 magis
1293 1068 1392 1132 niteant,

341 1168 368 1211 et
379 1175 414 1210 ne
432 1156 529 1227 rubigo
542 1165 589 1208 aut
598 1171 698 1224 aerugo
713 1151 916 1206 incommodum
932 1151 1056 1206 alterat.“
1074 1152 1148 1206 Fre.
1166 1153 1228 1226 Syl
1238 1175 1262 1207 r.
1301 1156 1390 1225 „Quod

342 1244 464 1316 inprimis
481 1243 615 1296 faciebant
628 1240 792 1294 solemnibus
810 1238 919 1292 etfestis
933 1239 1035 1293 diebus.
1072 1239 1204 1308 Quamuis
1221 1243 1310 1312 possis
1324 1245 1391 1297 etiam

340 1332 489 1403 intelligere
506 1329 539 1382 de
558 1329 651 1394 servis,
671 1347 786 1400 quorum
806 1346 889 1398 opera
913 1327 1058 1381 utebantur
1082 1328 1110 1379 in
1130 1327 1242 1382 balneis.
1288 1330 1391 1400 Aliptae

341 1439 403 1472 sane
422 1420 474 1472 sire
489 1428 614 1470 unctores
631 1427 693 1469 sunt
710 1414 848 1469 notissimi.
885 1413 943 1468 Nec
960 1414 1053 1468 dubito
1072 1414 1151 1468 fuine
1169 1434 1264 1469 servos
1282 1436 1391 1489 quoque,

342 1507 389 1578 qui
407 1515 542 1578 tergerent
559 1502 697 1570 dominos,
716 1503 783 1557 sicut
801 1513 892 1569 erant,
911 1502 958 1574 qui
974 1503 1125 1556 tonderent.
1166 1503 1246 1556 Zeno
1274 1503 1310 1557 de
1333 1504 1391 1556 invi·

341 1594 441 1648 tatione
459 1593 493 1646 ad
511 1593 614 1647 fontem
632 1609 709 1644 serm.
728 1590 770 1643 tt:
803 1593 864 1641 Iam
882 1588 1023 1642 balneator
1044 1592 1224 1661 praecinctus
1248 1603 1391 1662 exspectat.

342 1682 415 1753 qnod
434 1681 541 1745 unctui,
560 1680 632 1752 quod
651 1679 737 1731 tersui
754 1698 821 1749 opus
839 1688 894 1744 est,
912 1677 1096 1748 praebiturus.
1133 1678 1206 1734 Hine
1225 1678 1309 1735 lintea
1327 1682 1388 1752 apud

340 1768 490 1823 Iuvenalem
510 1767 567 1823 Sat.
583 1771 609 1822 3.
629 1767 726 1839 quibus
744 1767 844 1821 scilieet
862 1767 1036 1838 tergebantur
1054 1786 1068 1819 a
1085 1767 1181 1834 serris,

430 1883 820 1898 -----
874 1854 995 1924 patellas

430 1949 491 1997 Iam
508 1945 602 2001 lavat,
627 1954 654 1995 et
673 1942 756 1993 bucca
769 1942 897 2013 foculum
914 1942 1034 2006 excitat,
1052 1952 1079 1994 et
1097 1953 1177 1994 sonat
1197 1944 1292 1994 unctis

429 2032 576 2104 Striglibus
594 2042 622 2082 et
636 2031 717 2100 pleno
735 2030 868 2100 componit
886 2029 972 2081 lintea
994 2040 1084 2102 gatto.

340 2122 398 2175 Hoc
417 2131 467 2175 est:
487 2119 627 2190 componit
644 2117 740 2182 lintea,
764 2118 861 2189 quibus
879 2126 999 2186 tergatur
1016 2116 1149 2170 dominus.
1196 2117 1296 2172 Plauto
1315 2119 1385 2172 estin

341 2211 421 2264 Cure.
440 2207 486 2273 Ν,
503 2212 530 2261 4.
547 2208 660 2257 linteum
675 2217 813 2263 exteram.
833 2222 888 2277 quo
906 2225 1005 2277 corpus
1024 2208 1205 2276 extergebam,
1226 2207 1323 2276 partim
1334 2207 1385 2278 qui-

340 2297 390 2349 bus
414 2304 473 2366 post
500 2293 626 2349 balneum
651 2294 828 2348 involvatur.“
857 2293 1039 2348 Graevius.
1085 2295 1174 2348 Luem
1203 2296 1334 2349 luvenalis
1354 2306 1384 2348 est

339 2380 385 2444 tlt,
404 2384 457 2434 162
475 2400 534 2453 sqq.
582 2380 670 2434 Plauti
689 2379 770 2435 Cure.
787 2379 834 2447 1V,
851 2386 880 2446 4,
899 2385 943 2436 22.
962 2381 995 2434 ad
1015 2401 1083 2453 quos
1103 2383 1179 2437 locos
1198 2385 1250 2440 rid.
1269 2385 1383 2454 interprr.

340 2471 410 2524 add.
427 2468 480 2523 Tit.
497 2469 600 2541 Popma
619 2470 652 2522 de
671 2468 771 2542 Operis
788 2488 927 2523 serrorum
946 2488 973 2540 p.
993 2472 1044 2524 141
1065 2490 1124 2543 sqq.
1140 2470 1206 2540 (Ed.
1219 2470 1382 2525 Arrestlill.

338 2557 395 2626 12.)
430 2559 472 2612 De
490 2558 585 2627 αἰὶριιέ
602 2557 666 2611 item
686 2558 715 2610 b.
734 2557 893 2628 Pignorium
912 2557 945 2611 de
961 2556 1050 2610 Servis
1068 2578 1095 2630 p.
1106 2560 1152 2613 19.
1171 2562 1215 2612 81.
1235 2558 1301 2628 (Ed
1311 2558 1380 2612 Arest

339 2650 418 2702 1614.
437 2644 503 2713 ta).
539 2644 596 2697 m..
1245 2658 1253 2667 ·

410 2733 457 2805 qui
475 2744 598 2804 ungunt,
624 2734 671 2804 qui
696 2740 820 2794 verrunt,
846 2732 893 2804 qui
911 2735 1073 2804 spargunt,]
1099 2729 1167 2786 Cod.
1195 2733 1268 2788 Gud.
1289 2739 1318 2788 Α.
1343 2733 1379 2805 qui

339 2832 465 2887 verrunt,
484 2823 531 2893 qui
550 2831 666 2892 ungunt.
704 2819 775 2873 Gud.
794 2819 825 2871 Β.
844 2823 892 2892 qui
910 2830 1053 2873 vertunt.
1098 2821 1170 2875 Haec
1190 2821 1245 2876 duo
1266 2821 1379 2876 voeabula

339 2912 434 2964 desunt
452 2910 479 2962 in
499 2909 549 2963 Or.
569 2930 609 2977 ’td
627 2908 708 2967 Drsd.
727 2915 753 2964 3.
773 2908 853 2963 habet
871 2910 981 2978 (omisso
1001 2911 1048 2981 qui
1065 2918 1189 2982 ungunt)
1209 2915 1258 2984 qui
1275 2921 1379 2971 uerrunt,

339 2999 397 3068 qui
415 3007 578 3066 vergunt,
603 2997 650 3066 qui
667 3013 708 3064 sp.
754 2997 809 3048 Pro
835 3009 948 3050 verrunt
975 3008 1013 3051 est
1031 2998 1110 3051 etiam
1129 3011 1242 3052 vertunt
1260 3002 1289 3054 in
1308 2998 1378 3053 Codd.

338 3088 395 3138 Cra.
417 3087 441 3135 1.
459 3083 520 3155 (qui
538 3102 618 3153 supra
638 3082 683 3136 lin.
702 3083 781 3137 babet
798 3084 913 3155 glossam
933 3091 1054 3151 mutant)
1074 3089 1170 3140 Cras.
1183 3087 1316 3142 Drsdnl..
1335 3087 1377 3139 Pro

338 3183 473 3241 spargunt
492 3181 529 3223 est
548 3183 679 3243 spergunt
697 3173 725 3225 in
745 3172 831 3225 Codd.
850 3175 909 3224 Cre.
920 3176 945 3225 1.
958 3178 982 3227 2.
1002 3172 1052 3226 Os.
1069 3191 1100 3235 ψ.
1137 3175 1227 3227 Verba
1248 3178 1296 3247 qui
1311 3193 1376 3244 spat·

335 3269 407 3328 gunt
425 3258 519 3313 desunt
537 3259 565 3312 in
584 3258 634 3314 Ox.
652 3261 683 3314 E.
732 3262 774 3314 Ad
802 3260 867 3314 haee
885 3280 1023 3314 servorum
1054 3262 1161 3333 negotia
1178 3262 1272 3317 laudat
1291 3259 1376 3316 Geraia

337 3347 486 3401 Iuvenalem
515 3346 569 3402 Sat.
588 3349 658 3413 XlV,
677 3354 712 3404 fill
731 3369 789 3422 sqq.
836 3351 942 3401 Verre
974 3350 1162 3418 pavimentum
1197 3380 1233 3390 -
1264 3379 1299 3393 ο-
1321 3366 1376 3402 vaso

337 3455 433 3505 aspera
451 3447 590 3508 tergeat
610 3439 689 3493 alter.
736 3439 777 3492 Ad
804 3458 826 3490 v.
843 3449 980 3508 spargunt
1011 3436 1141 3491 Graevius
1165 3436 1245 3491 haec:
1274 3437 1327 3507 „Ut
1342 3433 1375 3488 ille

336 3524 408 3595 apud
426 3523 577 3577 Phaedrum
596 3525 641 3578 lib;
659 3524 683 3577 ll
702 3528 740 3595 [5‚
758 3529 899 3594 14-ttt.]

416 3648 420 3653 .
448 3611 658 3664 Perambulante
676 3614 751 3665 laetu
770 3616 874 3667 donsina
894 3615 1006 3679 viridia,

449 3700 563 3751 Alveolo
583 3702 667 3770 coepit
682 3702 770 3772 lignea
788 3721 958 3774 conspergere

451 3787 572 3836 Humum
590 3792 791 3841 aestuantem.“
809 3817 844 3829 ·-·
863 3820 897 3831 -·

338 3870 378 3922 Ad
399 3889 479 3942 quem
497 3871 588 3925 locum
607 3874 657 3928 rid.
678 3876 708 3928 P.
725 3876 875 3930 Burmanni
906 3878 1050 3933 editionem
1074 3877 1206 3945 Phaedri,
1238 3874 1376 3951 quaenalte·

338 3980 398 4012 rum
420 3960 547 4028 (novum)
571 3961 650 4016 habet
668 3967 891 4020 commentarium
912 3967 1014 4035 [Mitav.
1033 3969 1113 4020 1113.
1140 3968 1178 4033 8.]
1212 3988 1237 4039 p.
1255 3968 1317 4019 111.
1340 3957 1377 4013 ull

336 4046 457 4102 nostrum
478 4069 586 4122 quoque
606 4051 697 4107 locum
717 4055 810 4127 tangit.
853 4057 896 4110 Ad
919 4068 1080 4111 structuram
1099 4054 1154 4108 loci
1172 4054 1225 4108 rid.
1245 4072 1314 4127 quae
1329 4070 1377 4104 mo·

336 4136 394 4190 nuit
413 4135 446 4190 G.
465 4136 497 4189 N.
516 4136 637 4194 Busclr.
657 4142 685 4195 in
703 4143 808 4198 Prolus.
826 4144 1009 4199 Rostncbiensi
1027 4142 1121 4212 (Obss.
1139 4144 1173 4196 ad
1194 4143 1252 4197 Cic.
1266 4143 1299 4197 de
1314 4139 1377 4194 Orat.

336 4222 433 4277 Partic.
451 4222 484 4293 1.)
502 4246 528 4297 p.
547 4230 621 4299 18sq.
666 4230 747 4284 Addit
775 4231 920 4294 Graevius:¹
948 4231 1023 4299 „Qui
1049 4231 1207 4297 verrebant,
1234 4232 1379 4287 dicebantur

337 4314 481 4380 scoparii.“
510 4315 578 4368 ·Vid.
596 4316 630 4372 Τ.
648 4318 752 4391 Popma
771 4319 789 4373 l.
809 4339 833 4374 c.
851 4340 877 4391 p.
894 4324 955 4377 138.
992 4317 1053 4370 Mr.

407 4419 459 4452 nnn
478 4402 692 4459 honestissimum
710 4408 796 4461 locum
814 4410 958 4462 servitutis
976 4405 1080 4472 renent]
1102 4407 1170 4462 cod.
1191 4408 1289 4462 Duisb.
1307 4402 1381 4487 sstul-
