3450 5342
644 689 841 740 rtutooxon
866 689 907 736 v1.
939 688 1008 735 cto.
1032 688 1079 736 ur.
1313 669 1388 744 317

334 854 382 926 qui
401 862 465 906 sunt
484 852 535 906 soli
553 863 616 905 suut
636 852 743 906 divites.
764 849 836 903 sali
863 867 919 900 ces
942 847 1084 918 possident
1108 867 1150 901 res
1175 860 1202 900 et
1225 850 1389 920 fructuosos

332 952 360 992 et
371 941 547 1009 sempiternas
563 939 675 1012 solique,
692 938 765 1009 quod
773 947 815 990 est
822 935 965 1006 proprium
980 935 1073 991 dirici
1080 955 1164 989 arum·
1172 939 1290 989 contenti
1307 960 1344 992 su
1352 955 1389 994 nt

333 1030 412 1082 rebus
429 1029 487 1082 suis
504 1029 575 1082 satis
594 1046 650 1080 esse
664 1037 771 1096 putant
790 1024 863 1096 quod
879 1034 920 1075 est
938 1023 1022 1076 nichil
1033 1022 1255 1093 oppetuntnulla
1273 1043 1301 1076 re
1313 1038 1389 1096 egent

333 1115 403 1168 sibi
420 1115 534 1168 nichil
551 1114 621 1168 sibi
639 1115 729 1166 deesse
747 1112 869 1166 sentiunt
884 1111 969 1163 nichil
986 1112 1136 1183 requirunt.
1173 1113 1291 1182 Improbi
1299 1126 1390 1167 autern

334 1205 389 1254 vel
406 1204 486 1257 aoari
504 1206 547 1275 qni
563 1204 685 1256 incestas
707 1212 740 1253 et
765 1201 794 1252 in
818 1218 884 1252 casu
906 1199 1013 1268 positas
1035 1200 1214 1269 possessiones
1239 1200 1339 1253 liabent
1364 1216 1392 1254 et

332 1293 396 1360 plus
414 1310 514 1361 semper
533 1300 667 1360 appetunt
685 1308 733 1343 neo
752 1291 935 1362 quisquam
954 1305 1071 1341 eorum
1089 1287 1390 1352 autumaverimus,

335 1379 380 1431 cui
398 1379 471 1450 quod
487 1377 599 1430 haberet
616 1388 686 1431 esset
704 1377 775 1430 satis
803 1395 856 1428 non
875 1374 951 1428 modo
969 1394 1023 1429 non
1041 1377 1139 1445 copiosi
1162 1397 1194 1430 ac
1222 1379 1319 1432 dirites
1345 1382 1392 1432 sed

334 1468 416 1517 etiam
434 1466 525 1536 inopes
541 1484 574 1516 ao
588 1484 724 1535 pauperes
742 1464 917 1517 existimandi
934 1472 1009 1518 aunt.
1043 1463 1107 1519 Mr.

406 1557 513 1606 Etenim
532 1555 557 1606 si
574 1554 623 1606 isti
641 1552 736 1604 callidi
752 1571 840 1604 rerum
859 1550 1059 1620 aestimatores]
1084 1552 1173 1618 „Sunt
1191 1555 1237 1627 qui
1256 1557 1295 1607 ad
1311 1576 1391 1610 suum

335 1653 479 1714 quaestum
497 1652 562 1694 serat
580 1641 685 1693 callidi.
720 1640 807 1694 Plaut.
822 1641 897 1693 Asin.
918 1639 938 1706 Ι,
957 1641 982 1694 3.
1001 1640 1036 1706 [v.
1055 1641 1103 1695 84:
1134 1643 1205 1694 Vera
1231 1643 1297 1698 dico.
1343 1647 1391 1699 Ad

334 1749 416 1783 suum
434 1747 563 1802 quemque
582 1729 712 1781 honinem
731 1737 876 1798 quaestum
891 1745 948 1780 esse
966 1745 1083 1800 aequum
1100 1739 1142 1781 est
1160 1730 1316 1798 callidum]
1336 1732 1390 1787 lue.

335 1817 383 1889 qui
401 1818 502 1889 optime
521 1827 623 1871 norunt
641 1827 667 1869 et
684 1813 836 1887 intelligunt
861 1814 1011 1885 quaerendi
1036 1818 1133 1870 artes.“
1167 1815 1290 1870 Graes.
1336 1818 1390 1872 Pro

335 1905 430 1956 callidi
447 1915 487 1959 est
503 1905 588 1956 calidi
604 1904 633 1957 in
652 1904 721 1958 cod.
740 1903 799 1957 Cra.
816 1905 843 1958 3.
889 1901 936 1957 Est
947 1901 1042 1956 eadem
1060 1902 1182 1958 lectionis
1195 1905 1305 1960 varietas
1319 1907 1391 1978 apud

335 1992 393 2046 Cic.
412 1992 446 2046 de
464 1992 496 2046 N.
516 1993 550 2045 l).
570 1991 591 2061 l,
610 1997 655 2058 25,
674 1997 725 2046 tu:
741 1992 802 2057 ubi,
821 2010 873 2063 pro
890 1990 1074 2044 nilril'leorum
1092 1992 1146 2044 nisi
1164 1992 1238 2044 call
1244 1994 1255 2045 i
1262 1995 1310 2054 de,
1328 2008 1390 2050 suut

336 2081 383 2152 qui
402 2079 495 2151 legant·
510 2080 613 2132 aalide:
631 2080 664 2133 ad
685 2099 767 2148 quem
786 2079 878 2134 locum
897 2079 999 2132 similes
1017 2080 1150 2151 congessit
1169 2081 1305 2151 Davisius,
1329 2087 1391 2156 qui-

336 2173 386 2222 bus
404 2168 535 2222 nonnulla
553 2188 603 2222 nos
621 2167 773 2222 addidimus
788 2187 815 2239 p.
834 2170 888 2221 112
906 2186 945 2238 sq.
963 2166 1004 2219 ed.
1022 2165 1068 2220 Cr.
1086 2178 1112 2221 et
1131 2179 1213 2222 nostr.
1233 2170 1294 2224 mai.
1320 2171 1390 2225 Add.

336 2257 450 2329 Eutrop.
466 2255 512 2322 Ill,
531 2262 575 2312 1⁰.
592 2257 638 2310 ubi
657 2256 707 2309 vid.
726 2256 776 2309 Ed.
795 2251 928 2324 Verhcyl.
947 2257 1035 2325 psssd
1053 2274 1093 2326 sq.
1111 2255 1161 2310 Ed.
1181 2255 1291 2324 Grossii,
1310 2277 1336 2329 p.
1347 2261 1390 2312 tt.

337 2338 423 2399 Plaut.
447 2345 526 2416 Epid.
545 2344 577 2410 ll,
597 2349 623 2412 2,
647 2349 691 2400 92.
718 2346 749 2398 C.
767 2343 803 2396 D.
834 2340 927 2396 Beclii
952 2340 1141 2398 Commentatt.
1167 2344 1200 2398 de
1225 2345 1392 2417 lnterpretat.

339 2433 410 2486 Vett.
427 2432 535 2503 Sariptt.
555 2452 580 2503 p.
598 2446 650 2485 clv.
667 2431 751 2502 (lips.
771 2433 851 2484 tito.
870 2428 912 2497 4.)
928 2457 963 2468 -
1007 2430 1118 2500 Legitur
1144 2432 1343 2486 existimatores
1362 2432 1389 2484 in

340 2520 411 2573 Gud.
429 2519 462 2572 A.
482 2519 563 2572 Dratl.
579 2523 619 2582 44
637 2519 813 2569 extimatores
833 2517 860 2568 in
880 2514 940 2569 Cra.
960 2521 984 2570 2.
1020 2515 1080 2571 Mo.

407 2619 493 2678 prata
510 2619 538 2659 et
556 2625 636 2659 areas
655 2607 788 2678 quasdam
805 2623 903 2674 magno
921 2607 1092 2676 aestimant,]
1114 2611 1219 2673 „Prata
1238 2627 1337 2681 magno
1355 2610 1388 2663 ab

337 2695 455 2767 antiquis
472 2695 695 2761 aestimabantur,
725 2694 822 2766 quibus
850 2693 975 2747 nonnulli
998 2695 1026 2747 in
1052 2696 1130 2750 bonis
1147 2697 1212 2750 daut
1238 2697 1390 2769 primatum.

338 2782 553 2855 ltaqueautiqui
572 2801 602 2835 ea
620 2793 723 2851 parata
742 2781 958 2853 appellaverunt,
988 2792 1018 2836 ut
1035 2783 1071 2837 ait
1090 2783 1129 2838 Μ.
1148 2785 1236 2837 Varro
1264 2785 1292 2836 in
1321 2784 1390 2838 libro

337 2870 371 2922 de
389 2870 428 2922 Re
446 2869 521 2924 Rust.
539 2869 558 2921 l.
577 2871 612 2936 [a.
629 2872 668 2937 ¹l.]
715 2868 818 2921 Eorum
843 2869 971 2925 facillima
997 2870 1120 2941 agricolis
1146 2889 1211 2924 cura
1230 2890 1262 2925 ac
1287 2872 1391 2925 minimi

337 2957 466 3028 impendii
484 2967 537 3020 est,
561 2967 591 3011 ut
610 2957 646 3011 ait
663 2957 766 3010 Plinius
784 2957 846 3010 libri
863 2957 958 3021 XVlll,
978 2977 1038 3029 cap.
1056 2962 1101 3013 28.
1146 2956 1240 3029 ltaque
1265 2962 1302 3014 Μ.
1322 2958 1390 3015 Cato

336 3045 424 3096 maior
441 3044 633 3115 interrogatus,
665 3045 710 3115 qui
737 3056 803 3098 esset
831 3046 994 3099 certissimus
1018 3056 1156 3118 quaestus,
1183 3046 1334 3118 respoudit,
1360 3048 1390 3101 Si

336 3133 406 3184 bene
427 3132 523 3202 pascit,
547 3133 565 3184 i.
583 3151 606 3184 e.
625 3132 646 3184 si
665 3133 737 3186 bona
756 3143 832 3203 prata
852 3145 928 3203 pater
947 3133 1061 3187 familias
1079 3133 1201 3188 habeat.“
1220 3163 1256 3174 -
1292 3138 1387 3202 „Areo

336 3230 441 3286 autem,
459 3229 569 3273 auctore
586 3218 644 3272 Sex.
661 3219 793 3290 Pompeio
813 3221 853 3291 [p.
870 3236 932 3272 xvu.
954 3220 1002 3274 Ed.
1022 3219 1168 3275 Santaudr.
1192 3221 1300 3288 1593.],
1326 3240 1389 3292 pro-

333 3307 393 3376 prie
410 3305 511 3357 dicitur
528 3304 603 3357 locus
620 3323 725 3358 wouus
743 3306 773 3376 (i.
787 3324 809 3358 e.
823 3307 881 3358 sius
898 3304 1033 3373 aedificio)
1051 3310 1130 3379 quasi
1145 3311 1284 3361 exaruerit
1296 3320 1324 3361 et
1337 3329 1389 3361 noa

331 3393 421 3464 possit
440 3391 584 3462 quicquam
601 3409 764 3463 regenerare.
800 3393 959 3447 Huiusmodi
978 3411 1055 3447 areae
1072 3395 1101 3446 in
1121 3395 1219 3466 quibus
1236 3395 1390 3450 aedificare-

335 3494 381 3533 tur
398 3489 475 3549 aptae
493 3488 570 3532 eraut
587 3488 613 3532 et
631 3479 777 3533 nonnullae
796 3499 897 3550 magno
915 3480 1126 3534 vendebantur.“
1151 3481 1225 3534 Frc.
1244 3480 1335 3552 Sylv.
1354 3511 1386 3522 -

334 3572 425 3636 „Cato
442 3585 495 3617 non
513 3565 602 3636 affligi
619 3567 828 3636 tempestatibus
843 3578 944 3637 prata,
963 3581 996 3620 ut
1013 3567 1086 3620 olias
1104 3569 1177 3621 ruris
1192 3578 1301 3636 partes,
1319 3569 1390 3619 ‹lice-

334 3657 398 3718 bat,
417 3664 447 3706 ut
463 3653 500 3707 ait
519 3651 668 3707 Columella
688 3655 732 3722 [de
751 3655 790 3707 Re
808 3655 883 3720 Rust.
901 3652 935 3720 ll,
956 3656 1011 3722 ta]
1058 3654 1160 3723 Quanti
1187 3655 1389 3708 aestimarentur

334 3753 426 3816 prata,
455 3741 555 3795 indicat
581 3741 628 3795 lib.
643 3741 688 3794 Ill.
717 3762 740 3796 c.
758 3746 784 3797 3.
813 3761 877 3798 cum
896 3741 944 3795 ait:
972 3745 1068 3795 Omnes
1091 3743 1175 3809 istos,
1207 3741 1255 3813 qui
1272 3740 1388 3812 foenum

333 3849 413 3883 suum
431 3841 459 3882 et
478 3830 551 3882 olera
569 3831 772 3900 amplexantur.
799 3831 961 3883 incremento
985 3830 1143 3899 patrimonii
1161 3829 1251 3901 facile
1275 3847 1389 3898 supera-

335 3918 412 3970 lrant.
458 3918 545 3970 Varro
571 3936 600 3969 ex
628 3937 742 3988 persona
767 3918 880 3972 Scrofae
899 3918 945 3972 lib.
963 3916 982 3983 l,
1002 3937 1026 3972 a.
1043 3921 1071 3980 1,.
1096 3916 1216 3970 dissentit
1241 3917 1386 3979 acatone,

335 4004 383 4075 qui
402 4004 484 4074 pratis
503 4022 559 4055 nou
578 4003 695 4073 primum
716 4004 823 4070 locum,
850 4024 902 4059 nec
920 4005 1081 4069 secundum,
1107 4002 1153 4057 sed
1172 4002 1297 4073 quintum
1319 4002 1390 4053 inter

335 4090 444 4163 praedia
462 4090 559 4144 rustica
578 4091 716 4146 tribuerat.
753 4092 868 4146 Etcum
888 4094 1013 4148 Varrone
1032 4091 1112 4145 sentit
1122 4091 1218 4143 Cicero
1236 4089 1264 4140 in
1283 4107 1315 4140 eo
1327 4087 1388 4142 loco

335 4179 428 4250 Epis.
447 4180 492 4231 lib.
507 4177 526 4231 l.
545 4177 579 4231 ad
598 4178 666 4231 Ata:
693 4179 815 4248 Quodsi
838 4198 979 4252 assequor,
1004 4198 1101 4249 supero
1125 4181 1250 4229 Crassum
1276 4174 1389 4238 divitiis,

335 4259 420 4338 utque
437 4267 553 4318 omnium
572 4265 644 4318 vicos
662 4276 690 4316 et
706 4277 791 4334 prata
809 4277 956 4322 contemno.
979 4295 1010 4305 -
1058 4267 1148 4320 ,lreae
1175 4281 1235 4314 vero
1255 4260 1324 4313 inter
1342 4278 1389 4311 ur·

336 4353 407 4406 baua
428 4353 534 4424 praedia
553 4354 643 4423 ungui
661 4353 869 4408 aestimabantur
888 4365 999 4426 propter
1016 4352 1150 4424 angustias
1167 4348 1224 4403 soli.
1259 4347 1388 4418 Propter-

336 4460 367 4494 ea
387 4440 449 4495 dixit
467 4442 564 4497 Cicero
583 4459 661 4494 areos
686 4444 871 4513 quasdam,
895 4443 921 4495 id
941 4454 977 4496 est
997 4442 1127 4506 urbanas,
1154 4437 1224 4491 etin
1245 4435 1318 4488 urbis
1336 4455 1387 4489 no-
