3450 5342
490 685 492 688 ·
592 689 787 738 nnmnoxou
815 691 858 737 vi.
891 690 960 738 cir.
977 690 1032 745 ιιι.Ι
1264 669 1339 744 267

293 859 326 918 et
352 873 446 921 areas
482 857 640 939 quasdam
672 873 795 938 magno
822 861 1013 939 aestimant,
1049 859 1138 940 quod
1167 861 1196 922 ei
1229 863 1341 940 generi

291 993 538 1069 possessionum
562 994 699 1057 minime
725 987 851 1084 [quasi]
872 999 988 1062 noceri
1010 997 1136 1078 potest;
1159 995 1273 1073 quanti
1294 1001 1342 1060 est

291 1128 495 1194 aestimanda
520 1132 640 1209 virtus,
678 1148 762 1212 quae
784 1150 846 1197 nec
872 1136 954 1215 eripi
979 1151 1041 1196 nec
1075 1129 1195 1210 surripi
1223 1132 1342 1210 potest:

290 1281 399 1346 neque
424 1267 617 1348 naufragio,
644 1285 706 1331 nec
731 1269 885 1335 incendio
913 1269 1090 1334 amittitur:
1115 1283 1178 1329 nec
1199 1265 1233 1328 vi
1258 1268 1343 1334 tem·

289 1406 469 1483 pestatum,
494 1423 557 1468 neo
582 1408 770 1485 temporum
797 1405 1046 1486 perturbatione
1069 1398 1231 1465 mutaturi
1269 1398 1343 1478 Qua

291 1537 430 1613 praediti
446 1540 503 1619 qui
520 1543 605 1635 sunt,
628 1539 692 1602 soii
710 1542 787 1603 sunt
802 1538 930 1604 divites.
982 1537 1051 1602 Soti
1067 1537 1155 1600 enim
1174 1536 1343 1619 possident

289 1693 342 1741 res
365 1680 397 1739 et
422 1676 608 1740 fructuosas
628 1681 660 1739 et
681 1678 915 1756 sempiternas:
941 1676 1070 1756 solique
1091 1667 1342 1760 (quodestpro-

289 1813 400 1891 prium
421 1809 618 1902 divitiarum)
637 1815 783 1877 contenti
809 1817 884 1877 sunt
903 1816 1001 1879 rebus
1028 1813 1106 1876 suis.
1159 1811 1243 1876 Satis
1271 1828 1343 1875 esse

290 1953 415 2031 putant,
440 1949 529 2030 quod
556 1954 621 2014 est:
647 1951 729 2014 nihii
754 1956 922 2032 appetunt,
947 1952 1038 2015 nulla
1062 1968 1099 2014 re
1125 1952 1232 2029 egent,
1259 1949 1340 2012 nihii

290 2087 353 2151 sibi
374 2048 489 2153 deesse
504 2088 657 2168 sentiunt,
681 2089 761 2153 nihii
782 2091 963 2172 requirunt.
1015 2090 1161 2172 Improbi
1182 2093 1291 2152 autem
1311 2093 1343 2152 et

290 2228 400 2302 avari,
423 2227 580 2308 quoniam
608 2228 749 2293 incertas
775 2231 873 2310 atque
894 2230 929 2301 in
956 2245 1035 2292 casu
1059 2227 1181 2309 positas
1208 2242 1341 2308 posses·

289 2362 399 2424 siones
425 2362 567 2439 hahent,
604 2370 636 2427 et
662 2364 734 2444 pius
761 2381 892 2447 semper
926 2367 1099 2445 appetunt,
1134 2380 1196 2426 nec
1226 2381 1343 2428 eorum

291 2498 466 2577 quisquam
491 2498 599 2562 adhuc
625 2501 776 2564 inventus
801 2506 867 2579 est,
893 2501 966 2576 oui,
994 2497 1084 2578 quod
1109 2498 1262 2573 haberet,
1289 2514 1342 2560 es-

289 2637 340 2698 set
374 2634 473 2709 satis,
521 2652 590 2698 non
626 2637 729 2700 modo
765 2656 833 2702 non
874 2637 1001 2719 copiosi
1035 2652 1074 2698 ac
1114 2632 1248 2710 divites,
1284 2631 1342 2695 sed

290 2771 389 2835 etiam
416 2770 532 2852 inopes
555 2788 595 2834 ac
620 2790 782 2854 pauperes
806 2773 1015 2838 existimandi
1037 2773 1121 2871 sunt.

360 2949 525 3000 Paradoxon
547 2949 607 3016 VL]
654 2943 763 3000 Sextum
790 2945 843 3001 hoc
866 2947 1024 3000 Paradoxon
1049 2949 1122 3000 abest
1147 2947 1180 2999 ab
1206 2945 1254 2998 Ed.
1273 2947 1342 2998 Ven.

289 3037 369 3089 itas.
405 3035 436 3088 in
455 3032 503 3088 Ed.
523 3036 593 3089 Ven.
612 3036 692 3088 14⁹2.
711 3044 771 3105 post
789 3034 913 3089 ultimum
932 3034 1062 3088 Paradoxi
1083 3036 1115 3088 V.
1143 3037 1253 3089 verbum
1280 3053 1336 3085 con·

288 3123 381 3174 vincat
400 3123 521 3195 sequitur
539 3124 625 3175 Finis.
660 3123 782 3191 Explicit
801 3121 868 3175 liber
887 3122 919 3173 de
937 3124 1086 3186 Amicitia,
1104 3125 1136 3174 de
1153 3129 1297 3176 Senectute
1314 3130 1342 3170 et

288 3211 495 3263 Paradoxorum
512 3211 669 3280 Registrum
687 3229 711 3263 a.
728 3211 755 3262 b.
770 3230 793 3265 c.
814 3222 863 3266 etc.
899 3211 970 3262 Turn
989 3230 1068 3277 vero,
1088 3210 1239 3283 posthunc
1259 3211 1340 3264 finem

288 3298 387 3370 pagina
406 3316 512 3362 aversa,
533 3316 601 3369 quae
626 3315 709 3349 sacua
728 3297 834 3364 suisset,
864 3297 1055 3362 addituram,
1081 3298 1157 3368 quasi
1183 3317 1277 3350 recens
1296 3317 1341 3350 re·

287 3397 412 3456 partum,
432 3384 589 3436 Paradoxon
609 3393 709 3436 sextum
727 3383 878 3451 integrum,
903 3394 1011 3452 excepta
1035 3382 1209 3454 inscriptione
1229 3385 1341 3449 Graeca,

286 3490 358 3544 quae
378 3471 457 3523 etiam
480 3472 507 3524 in
526 3469 636 3542 reliquis
655 3470 734 3523 deest.
777 3470 849 3522 Tum
867 3470 964 3522 iterum
990 3468 1111 3541 sequitur
1127 3470 1204 3521 Finis
1211 3490 1221 3528 ‚-
1247 3470 1342 3523 deinde

285 3566 451 3630 Impressum
479 3558 596 3610 Venetiis
618 3576 668 3627 per
692 3558 890 3609 Bernardinum
917 3557 948 3607 de
968 3555 1060 3609 onom
1085 3554 1119 3606 de
1136 3557 1262 3606 Cremona
1282 3565 1342 3619 etc..

286 3660 315 3703 ut
333 3646 489 3717 scripsimus
505 3646 534 3699 in
553 3644 644 3699 Indice
662 3643 814 3716 Apparatus
833 3643 925 3699 nostri.
962 3642 1021 3696 Mr.
1118 3700 1120 3705 ,

352 3728 429 3788 Ὅτι
445 3734 546 3795 μόνος
564 3733 746 3801 πλούσιος]
783 3732 889 3787 Graeca
907 3732 1003 3786 desunt
1019 3731 1045 3784 in
1062 3731 1188 3784 omnibus
1207 3731 1288 3796 libris,
1309 3731 1335 3783 in

286 3822 385 3896 quibus
403 3842 433 3876 ea
452 3823 542 3877 deesse
559 3842 640 3894 supra
658 3821 777 3874 diximus.
813 3820 843 3874 ln
870 3820 919 3874 Ed.
939 3821 1000 3874 Par.
1018 3822 1097 3874 1507.
1125 3831 1162 3873 est
1189 3821 1234 3871 Oti
1253 3839 1341 3872 monos

286 3915 349 3966 isos
373 3911 469 3980 sopitos
491 3911 612 3979 plusios,·
639 3909 667 3962 in
685 3909 734 3962 Ed.
758 3909 844 3980 Lugd.
871 3910 917 3960 Oti
941 3928 1030 3961 monos
1058 3908 1092 3960 iso
1112 3909 1208 3976 sophos
1229 3908 1342 3976 plusios.

286 3997 352 4052 sota
370 4001 432 4052 Asc.
450 4001 529 4052 1511.
555 3997 634 4051 habet
661 3991 703 4048 ire
727 3995 804 4059 μόνος
828 3993 841 4049 a‘
867 3994 1004 4065 σώφρων
1022 3991 1161 4052 aindoma:
1192 3995 1219 4047 in
1239 4013 1339 4064 marg.:

285 4088 340 4142 Atii
359 4087 470 4150 σοφός.
487 4085 767 4149 Edd.ven.,1514.er
782 4085 847 4156 Arg.
863 4085 985 4139 exhibent
1005 4078 1046 4135 iim
1065 4077 1142 4145 μόνος
1162 4078 1239 4143 noodr
1260 4080 1340 4131 niod-

285 4195 341 4235 σιος
358 4179 423 4230 iaci.
459 4176 614 4230 Lectionem
633 4176 753 4244 σώφρων,
782 4185 811 4227 ut
830 4172 920 4244 paullo
939 4172 1051 4225 inferius
1067 4170 1228 4234 videbimus,
1257 4169 1338 4237 Borg.

284 4276 314 4319 ut
333 4283 409 4317 suam
429 4263 609 4318 coniecturam
629 4264 746 4335 prefects
769 4282 851 4334 quam
871 4261 936 4328 Or.,
963 4272 993 4314 ut
1011 4259 1074 4311 mihi
1100 4258 1207 4328 quidem
1229 4256 1340 4321 videtur,

284 4353 357 4408 haud
376 4353 510 4408 immerito
529 4353 624 4406 miram
644 4352 785 4424 appellavit
802 4351 989 4421 suspicionem.
1025 4346 1082 4399 Mr.

359 4442 451 4494 Salam
470 4443 617 4512 sapientem
637 4461 693 4493 esse
712 4440 832 4506 divitem]
851 4439 972 4492 Latinam
991 4433 1193 4505 inscriptionem
1221 4451 1274 4485 non
1294 4431 1341 4485 ira·
