3450 5342
402 667 473 742 152
728 686 900 735 rentuoxt
928 685 1123 733 sromonusr.

401 873 450 908 nos
467 851 578 906 eandem
597 848 648 901 rim
666 849 765 903 babere
783 848 878 915 debet,
905 848 976 903 sesi
995 847 1054 919 lege
1073 857 1185 901 naturae
1208 862 1242 901 ae
1259 842 1354 899 divina
1372 844 1451 897 inter·

401 943 500 997 dictum
519 941 613 993 esset.“
632 936 809 1008 Wyttenb.

469 1027 594 1080 Etiamne
612 1025 641 1077 in
659 1024 773 1077 minimis
791 1022 892 1077 nius?
908 1023 1029 1090 Etiamt]
1049 1022 1103 1075 Pro
1120 1020 1243 1083 etiamne,
1261 1036 1293 1073 es
1311 1034 1450 1090 perperam

399 1118 469 1171 lecto
485 1110 656 1185 compendio,
675 1122 713 1165 est
729 1120 790 1165 etne
808 1110 837 1164 in
856 1108 924 1164 Cod.
944 1108 995 1164 01.
1006 1109 1038 1164 E.
1056 1119 1082 1163 et
1101 1106 1194 1161 Grai.
1233 1109 1263 1160 in
1284 1104 1401 1159 Drstn
1416 1104 1450 1158 ie-

400 1203 472 1275 gitur
488 1197 571 1253 etiem
589 1198 708 1251 dicent
728 1198 844 1269 aiiqui
861 1217 894 1250 ne
911 1199 941 1251 in
958 1200 1021 1251 min.
1040 1196 1141 1250 rebus?
1174 1192 1269 1249 Glossit
1288 1194 1317 1247 in
1338 1193 1448 1248 mediam

400 1308 492 1345 rocem
518 1284 632 1360 recepti.
679 1284 734 1339 Pro
751 1286 866 1337 etianrne
895 1284 977 1338 refert
1007 1283 1057 1339 Or.
1082 1286 1111 1337 in
1136 1283 1204 1340 Edd.
1227 1285 1302 1336 Crat.
1318 1280 1413 1353 Magn.
1427 1290 1450 1332 et

399 1377 474 1433 Man.
492 1396 548 1431 esse
566 1374 676 1427 Etiam:
696 1371 769 1445 quod
789 1371 822 1425 de
840 1371 1020 1427 Cratandrina
1038 1383 1110 1427 certe
1129 1390 1221 1424 rerum
1240 1379 1358 1423 nonest.
1395 1366 1448 1419 Una

400 1474 504 1519 uatum
523 1482 553 1516 ee
571 1461 681 1527 nostris,
698 1459 795 1515 Aldina
806 1463 895 1526 1552„
914 1480 970 1515 non
989 1462 1069 1517 babet
1087 1458 1245 1533 particulam
1265 1457 1397 1511 adnexam
1412 1474 1448 1510 ne.

401 1550 483 1621 Quod
502 1560 590 1605 eutem
608 1547 679 1602 idem
698 1547 787 1612 refert,
806 1549 893 1603 omitti
910 1551 994 1603 etiam
1012 1560 1071 1622 post
1091 1547 1169 1600 rebus
1186 1544 1294 1600 inEdd.
1306 1563 1366 1616 pre.
1377 1547 1448 1598 1455.

400 1640 450 1695 Ed.
469 1658 512 1711 ep.
530 1637 617 1691 Meus.
636 1639 709 1691 Crat.
727 1646 754 1689 et
771 1636 881 1707 Magn,
899 1638 925 1691 id
944 1639 1024 1693 etiem
1043 1637 1143 1691 sactum
1164 1647 1202 1690 est
1220 1635 1249 1687 ia
1269 1632 1449 1687 nostrisiidIb.

400 1750 421 1786 s.
444 1730 461 1784 Ι.
477 1740 503 1783 et
520 1748 544 1783 a.
565 1728 632 1781 Ven.
651 1729 731 1781 1495.
750 1729 830 1780 1514.
859 1726 926 1782 Dav.
952 1729 1016 1799 Arg.
1041 1727 1102 1781 Par.
1127 1729 1208 1781 taut.
1225 1723 1307 1781 1512.
1327 1721 1412 1794 bugd.
1427 1731 1448 1772 et

401 1817 460 1870 tttd.
478 1819 557 1870 1511.
578 1833 639 1869 cum
658 1812 755 1886 quibus
774 1814 876 1868 iaciunt
894 1813 980 1868 Codd.
999 1815 1064 1869 On.
1084 1815 1115 1867 E.
1135 1835 1160 1883 η.
1185 1812 1265 1867 Drsd·
1284 1815 1310 1867 1.
1329 1815 1355 1867 3.
1399 1811 1448 1861 Vo-

401 1923 458 1958 cem
478 1903 556 1955 rebus
575 1902 672 1956 omittit
689 1899 740 1955 Ox.
761 1919 790 1961 ψ.
825 1900 884 1953 Mr.

471 1990 565 2057 etiam]
587 1989 653 2055 „Est
670 1989 855 2062 respondentis
872 1988 1020 2043 Ciceronis.
1048 1989 1184 2042 Proxima:
1203 1990 1344 2059 Siquidem
1360 2018 1397 2029 -
1412 1997 1447 2037 te-

400 2094 461 2129 nere
477 2095 633 2146 possumus,
652 2078 790 2131 continent
809 2078 959 2144 rationem,
986 2078 1060 2150 quasi
1080 2078 1199 2132 dicatur:
1226 2095 1290 2129 nam
1316 2077 1446 2130 actionum

400 2175 551 2218 nostrarum
570 2166 772 2237 consequentias
789 2165 843 2218 suis
860 2165 981 2219 terminis
999 2165 1219 2220 circumscribere
1232 2182 1289 2216 non
1306 2182 1447 2234 possumus,

401 2263 427 2306 at
444 2252 596 2304 animorum
616 2263 769 2305 nostrorum
789 2252 960 2323 cupiditatem
989 2253 1042 2306 suis
1067 2252 1187 2306 terminis
1211 2257 1337 2307 coiircere
1359 2269 1448 2322 possu-

401 2360 468 2395 mus.
505 2339 535 2393 ln
556 2340 659 2394 ratione
683 2351 771 2394 autem
790 2340 964 2411 grammatica
986 2340 1165 2394 observandus
1191 2351 1230 2394 est
1255 2340 1375 2410 primum
1398 2336 1448 2390 eie·

401 2448 467 2500 gans
486 2448 547 2482 usus
563 2427 729 2499 repetitionis
747 2428 774 2479 in
804 2428 914 2481 nomine
942 2428 1049 2485 modus.
1074 2429 1147 2500 quod
1177 2429 1268 2501 priore
1294 2427 1357 2481 loco
1380 2435 1449 2480 nont

401 2515 561 2582 terminum,
590 2517 663 2587 quasi
690 2534 833 2568 numerum
862 2515 914 2568 sire
939 2535 1106 2569 mensuram:
1134 2515 1283 2588 posteriore
1310 2523 1398 2569 autem
1414 2524 1449 2567 est

403 2605 538 2677 regimen,
558 2604 732 2676 gubernatio:
756 2613 795 2656 est
813 2603 884 2656 enim
904 2624 919 2657 a
939 2604 1044 2658 Graeco
1061 2607 1145 2670 nidus,
1175 2604 1247 2658 unde
1264 2605 1376 2668 matius,
1391 2600 1448 2657 bine

401 2693 532 2750 moderor,
551 2693 693 2746 modestus.
741 2691 831 2746 Altera
851 2693 981 2766 elegantia
999 2705 1037 2747 est
1055 2693 1082 2745 in
1101 2692 1260 2765 repetitione
1279 2692 1353 2745 verbi
1370 2690 1447 2745 finalis

399 2786 567 2849 possunrus.“
603 2782 643 2831 W
648 2801 666 2851 y
675 2791 683 2834 t
691 2791 721 2833 te
730 2800 748 2832 n
755 2781 780 2833 b.

472 2888 560 2920 rerunt
579 2868 682 2919 madum
697 2868 723 2937 f
725 2869 817 2939 igere
835 2888 887 2919 non
903 2870 1070 2937 presumeret]
1089 2871 1220 2940 „Fingere
1237 2888 1334 2922 omnes
1346 2868 1445 2940 quidem

402 2955 499 3008 habent
516 2954 592 3007 iibri:
610 2953 655 3006 sed
675 2952 755 3007 videri
774 2955 855 3026 possit
874 2955 1017 3025 legendum
1031 2957 1134 3028 sigere.
1161 2954 1207 3010 Sic
1225 2956 1318 3011 Horat.
1339 2955 1399 3010 Oda
1409 2959 1446 3009 15.

402 3041 447 3094 tib.
471 3039 516 3093 ΙΙΙ.
544 3042 607 3108 [2.];
642 3042 758 3092 Tandem
782 3042 921 3112 nequitiae
938 3043 1022 3113 sige
1049 3046 1154 3097 modurn
1182 3051 1276 3100 tuae.“
1299 3045 1445 3099 bambin.

401 3128 529 3192 ,Marium
540 3129 629 3198 figere
646 3129 664 3180 i.
681 3148 704 3181 e.
724 3148 785 3182 cum
803 3129 856 3183 labi
873 3130 952 3183 semel
973 3135 1093 3202 coeperis
1110 3144 1156 3187 aut
1175 3151 1270 3200 ruere,
1290 3134 1397 3189 difficile
1414 3142 1446 3186 est

402 3214 544 3269 consistere
564 3225 589 3267 et
607 3214 727 3269 inhibere
745 3218 874 3288 gradum,
902 3240 952 3274 nec
969 3220 1075 3293 longius
1098 3222 1233 3293 progredi.
1281 3223 1334 3276 Atii
1348 3224 1446 3293 fingere

402 3306 522 3374 legunt.“
540 3304 572 3359 Η.
591 3305 695 3359 Wott.

465 3394 565 3465 figere]
603 3393 661 3462 „lte
680 3395 839 3467 legendum
860 3415 924 3463 non,
944 3408 973 3450 ut
992 3397 1071 3468 vulgo
1089 3399 1195 3469 iegitur,
1209 3400 1328 3469 fingere.
1359 3398 1445 3467 Figere

402 3495 490 3537 autem
509 3504 563 3539 non
579 3505 717 3557 possumus
737 3505 827 3539 rerum
847 3486 968 3550 modum,
989 3487 1061 3557 quia,
1079 3498 1108 3539 ut
1127 3485 1223 3540 Cicero
1239 3486 1332 3539 scribit
1345 3486 1445 3538 intra·

401 3570 471 3623 dem.
488 3575 513 3625 4.
531 3593 589 3644 cap.
607 3576 649 3626 2⁹.
668 3584 771 3625 natura
788 3573 892 3625 nullent
912 3575 984 3624 dedit
1004 3573 1079 3626 nodis
1097 3575 1275 3645 cognitionem
1288 3574 1399 3641 finiunt,
1417 3580 1444 3621 ut

402 3660 459 3708 utta
474 3662 502 3710 in
522 3679 549 3710 re
568 3671 690 3712 statuere
705 3669 851 3730 possimus,
873 3674 1016 3734 quatenus.
1062 3662 1099 3714 Ex
1118 3662 1169 3716 boc
1193 3661 1252 3733 ipso
1272 3662 1350 3714 Zeno
1377 3657 1445 3712 colii·

401 3745 496 3814 gebat,
516 3757 623 3815 peccata
641 3767 696 3800 esse
715 3748 850 3818 aequalia,
882 3761 911 3803 ut
928 3751 1020 3805 scribit
1039 3751 1132 3804 Sextus
1151 3749 1305 3821 Empiricos
1330 3750 1445 3802 adversus

401 3830 555 3885 Mathemat.
573 3851 632 3903 cap.
651 3838 713 3888 23ss
751 3837 850 3890 Face.

472 3939 559 3971 rerum
576 3922 685 3973 modurn
692 3924 824 3995 sigere]
862 3928 943 3992 „Nan
962 3930 1065 3999 inepte;
1091 3925 1266 3998 responderet
1291 3926 1366 3978 enim
1385 3924 1445 3976 bene

402 4010 497 4075 serbo,
517 4010 589 4079 quod
608 4011 744 4082 sequitur,
762 4022 876 4069 tenere.“
895 4016 1036 4070 Weteei.
1080 4015 1194 4082 „Cicero
1220 4013 1357 4084 scripsisse
1381 4010 1446 4062 ride-

401 4108 444 4149 tur
462 4097 566 4167 figere,
599 4098 615 4150 i·
635 4117 658 4152 e.
684 4119 800 4171 ponere:
827 4105 899 4158 unde
927 4104 1034 4158 termini
1059 4124 1091 4158 ae
1118 4103 1215 4156 limites
1240 4102 1371 4156 dicuutur
1388 4100 1444 4168 fisi.

400 4185 446 4239 Est
471 4186 536 4240 baec
560 4187 711 4241 emendatio
736 4192 889 4245 Lambini.“
914 4193 1093 4263 Wyttenb.
1144 4190 1257 4262 Recepit
1278 4192 1370 4260 figere
1395 4194 1445 4258 post

400 4271 580 4328 FaccioIatum
600 4276 677 4329 etiem
698 4277 849 4345 Scbiitzius;
868 4280 1043 4334 Gernbardus
1062 4291 1087 4333 et
1099 4279 1150 4334 Or.
1160 4300 1216 4332 non
1237 4281 1314 4334 item:
1336 4292 1444 4351 quorum

402 4359 475 4426 prior
492 4373 562 4416 reete
581 4365 704 4435 explieat:
724 4387 814 4421 rerum
834 4388 935 4434 causas,
955 4391 1050 4424 nexum
1071 4381 1096 4423 et
1115 4381 1239 4423 eventum
1260 4367 1443 4440 praescribere,

401 4464 494 4516 regere
513 4460 550 4515 et,
571 4471 624 4520 quo
644 4454 731 4507 minus
750 4474 792 4508 res
811 4458 952 4524 minimae,
971 4459 1050 4512 nobis
1067 4458 1169 4523 inritis,
1197 4474 1311 4528 magnae
1331 4453 1442 4513 eradant,
