3450 5342
347 663 422 737 246
658 684 832 733 airinom
860 681 1076 731 sroiconurr.

343 849 385 902 De
404 843 527 901 Corinthi
545 844 728 900 monumentis
739 841 874 896 neminem
890 840 996 907 rectius,
1016 858 1096 911 quam
1110 840 1284 907 Pausaniam,
1305 839 1397 909 leges.“

344 934 434 1006 Xyst.
452 931 563 988 Berut.
586 931 696 986 ·'Locus
724 931 757 983 de
775 928 883 982 Officiis
908 939 946 981 est
964 928 997 994 ll,
1015 932 1059 992 22,
1076 930 1131 992 ‘163
1158 926 1340 979 verrinarum
1364 937 1398 978 est

344 1024 363 1086 l,
381 1025 425 1086 ²1,
443 1024 487 1075 55.
515 1018 561 1085 lll,
578 1021 605 1085 4,
623 1021 650 1073 9.
690 1017 795 1071 Delevit
818 1015 967 1068 Mummius
991 1011 1154 1067 Corinthum
1183 1033 1207 1066 a.
1235 1014 1272 1066 U.
1298 1033 1322 1067 c.
1341 1015 1395 1067 ott.

345 1129 398 1183 quo
416 1110 481 1162 item
499 1105 633 1177 Carthago
651 1124 740 1159 eversa
759 1116 805 1158 est.
843 1103 898 1157 Sed
916 1103 975 1156 ride
994 1103 1026 1155 de
1045 1101 1182 1154 Mummio
1203 1101 1303 1155 Orellii
1323 1098 1396 1154 Ono·

343 1207 416 1250 mast
435 1193 491 1249 Cic.
511 1194 536 1247 h.
552 1214 574 1248 v.
594 1221 626 1233 -
672 1191 799 1246 Ceterum
827 1192 854 1243 in
875 1190 943 1245 Cod.
971 1190 1030 1246 Cre.
1048 1193 1074 1243 1.
1099 1190 1156 1243 eius
1174 1208 1279 1241 nomen
1305 1188 1396 1259 legitur

343 1290 375 1338 L.
395 1285 518 1347 Munius,
535 1282 562 1334 in
582 1280 846 1334 Suer.etDrsd.1.
866 1284 896 1332 1..
920 1279 1068 1334 Manilius,
1088 1278 1115 1330 in
1141 1280 1201 1329 Cra.
1221 1281 1246 1329 2.
1267 1286 1295 1329 et
1306 1275 1394 1327 Duisb.

344 1375 462 1440 Meinas,
486 1370 514 1421 iu
541 1367 593 1421 Or.
611 1366 642 1422 E.
663 1371 697 1419 L.
722 1367 858 1433 Munius,
887 1367 917 1420 in
942 1364 993 1420 Ox.
1011 1383 1040 1427 ψ.
1067 1364 1140 1418 Gud.
1159 1364 1192 1417 B.
1211 1369 1245 1416 J..
1274 1365 1393 1416 Memini.

344 1456 414 1511 Gud.
436 1456 469 1510 Α.
488 1456 583 1510 Meni.
609 1453 681 1506 Tum
700 1452 767 1507 Cod.
785 1453 866 1507 Drsd.
884 1458 910 1509 5.
928 1453 1079 1525 aliquam.
1117 1449 1175 1504 Cra.
1195 1451 1324 1505 viderit.
1341 1451 1393 1504 Mr.

415 1541 592 1595 matellionem
624 1541 789 1593 Corinthium
823 1541 993 1610 cupidissime
1024 1540 1215 1607 tractantem]
1248 1540 1393 1604 „Motellio

345 1641 374 1683 ut
397 1629 432 1682 ait
458 1628 516 1681 Sex·
538 1627 684 1698 Pompeius
703 1628 741 1700 [p.
757 1643 816 1682 xcv.
832 1639 858 1681 et
875 1643 952 1681 xcvu.
972 1627 1021 1682 Ed.
1041 1626 1217 1694 Santandr.],
1237 1645 1284 1679 vas
1307 1626 1391 1678 urinae

344 1727 389 1769 est.
424 1715 542 1768 Auctore
558 1714 648 1769 Plinio
666 1734 689 1770 c.
704 1719 728 1768 2.
746 1714 848 1769 linat
886 1718 961 1773 Vasa
981 1714 1121 1766 Corinthia
1136 1714 1290 1783 eculptores
1307 1725 1391 1767 truns-

338 1805 439 1874 serunt
457 1803 533 1856 modo
552 1803 582 1856 in
597 1803 736 1860 lucemus,
756 1802 830 1854 modo
847 1803 877 1852 in
895 1800 1008 1863 trullas,
1033 1801 1108 1853 nullo
1133 1801 1333 1853 munditiarum
1353 1818 1391 1852 re-

343 1902 444 1961 spectu.
485 1891 607 1942 Trullam
625 1898 716 1941 nutem
731 1907 782 1958 pro
799 1906 864 1940 vaae
882 1889 1042 1939 stercorario
1061 1888 1208 1956 occipiunt.
1229 1887 1331 1954 [Locus
1342 1886 1390 1939 Pli-

345 1980 382 2031 nii
401 1990 439 2032 est
457 1978 581 2044 xxxtV,
599 1980 624 2031 3.
643 1997 670 2048 ρ.
689 1979 750 2030 610.
769 1975 810 2029 ed.
829 1975 959 2027 Harduin.
978 1974 1075 2046 legitur
1093 1984 1182 2026 autem
1209 1973 1247 2027 ibi
1275 1974 1391 2037 trulleos,

344 2066 416 2136 quod
436 2065 506 2118 idem
528 2075 567 2118 est
587 2083 619 2117 ac
638 2063 747 2116 trullas.
784 2061 825 2114 De
843 2061 875 2113 iis
892 2061 941 2113 rid.
961 2062 1075 2114 Varron.
1097 2060 1130 2114 de
1147 2062 1177 2112 1..
1196 2061 1226 2114 L.
1244 2063 1292 2116 lV.
1310 2083 1336 2134 p.
1352 2066 1389 2117 tt.

344 2151 385 2204 ed.
403 2151 488 2204 Amst.
515 2161 541 2204 et
556 2150 659 2205 Durdr.
677 2152 757 2204 1519.
777 2159 802 2201 et
820 2150 900 2202 1623.
927 2147 1026 2201 ibidem
1051 2148 1085 2200 de
1111 2169 1132 2200 v.
1154 2151 1297 2218 tremellio]
1323 2151 1344 2202 F
1349 2168 1388 2202 rc·

344 2237 434 2307 Sylv.
469 2238 628 2304 „Arhitror,
645 2237 734 2308 inquit
751 2236 894 2302 Erasmus,
915 2236 967 2290 dici
985 2237 1092 2307 siguum
1111 2250 1317 2307 repraesentans
1340 2257 1389 2292 ser-

344 2341 405 2375 vum
423 2325 605 2395 porrigentem
624 2324 761 2378 matulam.
778 2352 813 2363 -
831 2323 919 2376 Miror
936 2324 1073 2378 hominem
1091 2335 1180 2378 tantae
1199 2325 1324 2380 lectiouir
1340 2345 1389 2380 nou

344 2410 510 2478 meminisse,
529 2410 658 2482 quodM.
679 2413 766 2465 Varro
784 2413 818 2464 de
835 2413 987 2465 matellione
999 2412 1112 2482 scripsit.
1148 2414 1279 2467 Motellio
1296 2413 1387 2484 (inquit

342 2497 412 2551 libro
430 2498 476 2551 lV.
494 2498 533 2551 de·
545 2497 576 2552 L.
594 2497 638 2566 L.)
655 2516 674 2550 α
692 2500 798 2552 motula
816 2499 922 2553 dctus:
944 2501 982 2566 [et
1002 2499 1111 2566 dictusb
1127 2508 1224 2568 postea
1241 2518 1324 2570 quom
1335 2499 1386 2550 lon-

340 2588 404 2658 gius
429 2604 446 2636 α
462 2586 563 2657 figura
588 2586 709 2639 motulae
736 2586 858 2640 discescit
884 2588 922 2653 [in
946 2585 997 2640 Ed.
1021 2585 1158 2656 Spengelii
1184 2586 1214 2641 L.
1235 2587 1269 2640 V.
1290 2607 1317 2658 p.
1333 2589 1386 2640 tat.

342 2677 370 2727 in
390 2673 439 2729 Ed.
456 2674 552 2729 Odofr.
572 2673 681 2728 Miilleri
698 2674 728 2727 L.
747 2675 781 2726 V.
800 2675 823 2742 ξ.
841 2677 902 2728 119.
922 2693 947 2745 p.
965 2674 1021 2741 4Ί.]
1064 2672 1134 2738 Sed,
1155 2684 1184 2727 ut
1204 2672 1318 2744 opinor,
1342 2671 1385 2724 de-

343 2774 435 2834 ceptus
452 2773 491 2816 eet
508 2762 598 2816 nescio
617 2781 669 2833 qua
694 2780 789 2814 vocum
809 2762 989 2816 similitudine.
1033 2761 1101 2814 Nam
1129 2780 1192 2814 cuin
1218 2761 1318 2814 videret
1333 2780 1386 2812 mu-

342 2851 436 2903 lionem
461 2869 565 2904 serrum
588 2850 677 2902 mulos
701 2861 839 2902 curantem
870 2862 950 2923 atque
972 2861 1095 2920 agentem
1120 2849 1288 2920 significare,
1315 2851 1384 2903 etiam

342 2939 518 2989 matellionem
542 2935 694 2989 existimavit
718 2955 823 2989 serrum
848 2958 904 2991 esse
934 2938 1061 2992 matulam
1091 2937 1292 3008 porrigentem,
1319 2938 1387 2992 cuius

341 3025 446 3094 signum
472 3045 501 3077 er
531 3043 592 3076 aere
624 3022 764 3076 Corinthio
788 3024 933 3078 conflatum
962 3028 1056 3081 esset.“
1088 3025 1246 3079 Morisot.
1307 3024 1386 3096 „Spe-

342 3114 394 3164 cies
419 3132 468 3183 pro
492 3131 604 3183 genere,
634 3131 684 3182 pro
703 3111 769 3165 vasis
793 3111 938 3168 Corinthiis
964 3114 1002 3167 vel
1030 3114 1151 3166 universe
1178 3133 1229 3185 pro
1253 3132 1317 3166 aere
1338 3115 1385 3165 Co-

341 3198 455 3262 rinthio,
486 3219 554 3270 quae
579 3198 676 3253 Strabo
699 3198 862 3265 χαλκώματα
893 3203 1108 3273 Κορινθιουργῆ,
1140 3201 1288 3255 Morientus
1311 3197 1385 3261 daila

342 3287 470 3354 reddidit,
494 3307 547 3359 qua
574 3304 638 3343 voce
656 3288 815 3344 Plutarchus
841 3310 903 3344 usus
931 3302 969 3345 est
998 3309 1047 3361 pro
1078 3289 1178 3343 matula
1203 3290 1232 3343 in
1255 3287 1384 3360 Apoptu.

341 3374 490 3440 Laconicis,
516 3394 577 3429 cum
605 3377 637 3429 de
656 3396 741 3448 puero
760 3378 866 3445 scribit,
899 3379 944 3449 qui
964 3377 1090 3430 matulam
1117 3377 1230 3430 domino
1253 3377 1385 3448 porrigere

341 3463 504 3517 detrectavit:
528 3475 553 3518 et
571 3462 706 3537 Aristoph.
724 3466 751 3517 in
771 3464 880 3537 Vespis,
903 3465 949 3517 ubi
969 3475 1166 3520 commentator
1184 3461 1330 3534 eriperptlo
1346 3465 1384 3513 καὶ

340 3547 574 3620 oeipnrpiru'yyatov
583 3554 689 3624 exponit
709 3565 735 3606 et
752 3553 780 3606 in
791 3552 909 3607 Acharu.
926 3549 1066 3624 oripodipor
1084 3550 1195 3620 α’γγετον.
1232 3553 1313 3606 lulius
1326 3549 1383 3604 Pol-

339 3637 381 3689 lux
399 3637 445 3690 lib.
466 3639 496 3689 X.
515 3658 538 3691 c.
557 3643 583 3692 9.
602 3641 717 3693 derasis
736 3641 964 3707 excrementariis,
991 3642 1050 3693 viris
1071 3642 1181 3711 quidem
1208 3638 1321 3694 idoctori
1344 3638 1382 3699 ait,

339 3727 383 3772 καὶ
407 3721 503 3785 ἀμίδα,
538 3743 619 3794 quam
642 3727 779 3796 scaphium
813 3728 1031 3800 interpretantur.
1056 3725 1140 3790 dallo
1169 3749 1233 3782 vero
1262 3725 1382 3800 Sophocli

338 3805 500 3876 troopq'dpor
518 3811 622 3875 vocari,
642 3812 774 3882 Aeschylo
793 3813 917 3884 ου’ρκνήν,
947 3816 1104 3869 mulieribus
1122 3817 1240 3877 σκάφιον.
1284 3814 1382 3878 ’Λαίδος

338 3897 461 3963 nomine,
480 3906 543 3951 teste
562 3896 715 3964 Athenaeo,
735 3894 845 3970 Eupolis
864 3903 967 3972 primus
984 3923 1047 3956 usus
1065 3916 1111 3957 est.
1148 3905 1264 3959 Lazarus
1282 3901 1381 3974 Bayfrus

337 3985 370 4038 de
388 3985 464 4036 Auro
483 3996 509 4037 et
525 3985 645 4056 Argento
665 3988 751 4060 legato
770 3990 822 4042 sic:
836 3988 1026 4046 'Matellionem
1046 3991 1169 4045 Corinth.
1190 3993 1257 4046 dixit
1273 3992 1380 4053 Tullius,

336 4093 396 4126 acre
415 4072 554 4128 Corinthio
572 4075 680 4130 lactum.
726 4078 808 4147 Quod
837 4100 880 4133 aes
899 4102 928 4134 ex
953 4081 981 4134 S.
1000 4080 1030 4134 C.
1061 4079 1148 4133 deleta
1169 4099 1184 4132 a
1204 4081 1234 4132 L.
1254 4078 1381 4133 Mummio

336 4160 466 4217 Corintho
485 4164 585 4218 lactum
605 4176 631 4218 et
649 4165 793 4221 conflatum
813 4172 880 4221 est.“
898 4169 991 4238 Xyst.
1009 4166 1123 4220 Betul.
1176 4167 1323 4231 „Motellio
1346 4163 1383 4216 di·

336 4249 404 4301 citur
420 4271 463 4303 vas
491 4252 569 4305 simili
596 4253 697 4318 forma,
721 4255 766 4307 sed
793 4255 967 4326 oblongiore,
998 4274 1078 4327 quam
1107 4254 1207 4309 matula
1227 4268 1255 4311 et
1266 4253 1381 4309 matella.

335 4334 453 4389 Matellio
473 4350 560 4394 autem
579 4341 611 4392 ad
630 4341 712 4394 alium
731 4362 808 4395 usum
828 4355 899 4397 erat:
918 4365 1007 4417 neque
1025 4343 1091 4396 haec
1111 4363 1170 4396 rasa
1182 4355 1296 4415 propter
1309 4340 1381 4395 amite

335 4439 390 4472 sam
410 4425 529 4478 notitiam
549 4427 650 4482 artificii
670 4441 695 4484 et
714 4432 782 4484 aeris
800 4430 932 4487 Corinthii
951 4432 1066 4502 amplius
1084 4442 1210 4501 poterant
1231 4427 1377 4486 fabricarit
