3450 5342
452 709 689 758 Pnonuuouuta
716 708 757 753 ΑΒ
786 707 955 754 ctcunuu'ts
983 708 1163 773 reatuum.
1215 713 1328 760 xxxvtt

280 869 372 942 possit,
392 869 483 920 civem.
519 867 583 934 Quo
603 866 715 937 probato
735 865 774 918 rel
793 887 919 922 concesso
939 869 1122 922 licebatetiam
1137 869 1239 933 addere,
1258 872 1328 941 quod

279 967 376 1028 sponte
402 956 579 1027 sequebatur,
604 955 776 1025 quintum:
808 955 896 1007 solum
924 958 1069 1024 sapientem
1095 974 1150 1007 esse
1177 956 1329 1022 liberum,

280 1062 381 1095 omnem
400 1043 516 1094 stultum
534 1061 649 1094 servum.
683 1041 755 1092 Tum
775 1061 836 1094 vero
850 1041 915 1094 nihil
927 1043 1089 1113 impediebat
1106 1042 1214 1110 addere,
1232 1054 1261 1095 ut
1274 1064 1331 1098 rere

281 1151 463 1202 consequens,
486 1140 636 1181 sextum:
668 1128 760 1179 Solum
785 1130 933 1197 sapientem
958 1149 1014 1181 esse
1040 1131 1193 1183 divitem.
1237 1128 1334 1182 Servus

282 1220 355 1272 enim
373 1237 457 1288 quum
478 1236 532 1268 non
553 1216 634 1286 possit
651 1235 706 1268 esse
725 1214 801 1282 civis,
828 1216 877 1268 nisi
903 1217 965 1269 ciris
983 1229 1072 1270 antem
1098 1236 1178 1269 nemo
1203 1216 1274 1268 dines
1292 1217 1333 1282 (ex

282 1307 342 1360 iure
362 1305 449 1358 Attico
468 1315 494 1356 ει
510 1303 662 1371 Romano),
690 1303 795 1373 sapiens
811 1323 874 1354 sero
893 1303 963 1357 solus
984 1304 1016 1356 sit
1036 1303 1111 1366 ciris,
1141 1303 1227 1356 solum
1255 1301 1333 1354 etiam

281 1394 430 1463 sapientem
449 1402 475 1444 et
497 1409 552 1442 esse
579 1409 655 1459 posse
674 1400 700 1442 ει
729 1408 757 1440 re
779 1408 921 1442 vererere
947 1390 1052 1443 divitem
1082 1409 1137 1443 noo
1156 1402 1260 1462 poterat
1279 1411 1333 1443 non

283 1478 365 1544 effici,
383 1477 492 1550 quando
504 1476 611 1547 quidem
630 1474 701 1528 solus
718 1476 824 1546 sapiens
842 1496 901 1529 vera
921 1479 1054 1548 possidere
1068 1479 1149 1548 possit
1166 1479 1246 1544 bona,
1266 1499 1334 1549 quae

282 1578 373 1620 autem
395 1565 473 1635 vulgo
494 1583 634 1635 perperam
653 1563 779 1616 dicantur
802 1565 891 1630 bona,
920 1566 1024 1617 divitem
1051 1586 1105 1618 non
1132 1566 1243 1632 fociant,
1273 1567 1333 1637 quia

285 1673 342 1706 non
362 1654 477 1705 beatum.
514 1653 548 1704 Et
567 1651 645 1722 plane
664 1651 692 1703 in
712 1649 781 1704 banc
798 1653 955 1706 sententiam
976 1653 1071 1707 Cicero
1090 1654 1122 1707 de
1141 1654 1219 1709 t'inn.
1232 1654 1335 1721 ttt‚22:

285 1743 413 1810 Sapiens,
429 1759 512 1813 quum
530 1741 602 1791 ratio
621 1740 754 1796 docuerit,
774 1741 846 1811 quod
862 1742 1003 1792 lronestum
1021 1752 1104 1804 esset,
1128 1743 1158 1793 id
1175 1762 1229 1794 esse
1250 1743 1335 1795 solum

287 1828 399 1889 bonum,
416 1846 516 1897 semper
533 1828 569 1878 sit
591 1845 695 1879 necesse
714 1836 756 1878 est
774 1827 886 1892 beatus,
915 1847 1026 1900 vereque
1045 1830 1133 1880 omnio
1156 1830 1211 1881 isto
1229 1831 1336 1880 nantino

284 1916 438 1984 possideat,
456 1934 524 1988 quoe
541 1915 648 1966 irrideri
667 1912 702 1965 ab
719 1915 849 1988 imperitis
868 1916 963 1969 solent.
983 1944 1017 1955 -
1043 1915 1115 1968 Haec
1133 1933 1198 1987 ego,
1218 1936 1246 1967 ex
1260 1915 1336 1969 Mor-

286 2002 431 2072 gensternii
459 2003 567 2075 quidem
586 2002 731 2066 sententia,
758 2001 802 2053 sed
822 2003 888 2056 meis
907 2004 1007 2068 serbis,
1033 2015 1059 2058 et
1080 2006 1198 2056 auctiora
1219 2004 1336 2075 exposui,

286 2099 333 2154 ut,
353 2089 579 2159 quemadmodum
597 2088 642 2142 ille
661 2088 778 2155 brevius,
797 2109 847 2142 nec
866 2099 918 2142 tam
938 2090 1067 2154 dilucide,
1087 2091 1242 2142 sententiam
1262 2109 1336 2143 suam

286 2176 451 2247 significarit,
477 2179 651 2249 quaeratione
670 2179 760 2230 omnia
781 2178 948 2246 cohaereant,
967 2198 1056 2232 meum
1075 2179 1130 2250 ipsc
1148 2179 1276 2233 iudicium
1295 2179 1338 2230 in-

288 2277 449 2336 terponens,
467 2276 654 2320 monstrarem.

360 2352 413 2405 Sed
433 2351 486 2405 iam
507 2351 542 2406 ad
560 2352 681 2407 ultimam
701 2355 900 2426 quaestionem,
933 2375 1000 2425 qnae
1022 2366 1058 2408 est
1086 2353 1118 2406 de
1139 2354 1337 2406 Paradoxnrum

288 2437 510 2508 inscriptionibus
527 2437 637 2494 Graecis
655 2451 682 2494 et
700 2442 812 2509 Latinis,
832 2443 1059 2513 progrediendum
1078 2454 1132 2508 est,
1151 2442 1184 2494 de
1204 2462 1256 2514 qua
1274 2442 1337 2495 nibil

290 2528 347 2580 sere
367 2539 531 2581 monuerunt
546 2527 659 2580 editores
677 2540 703 2581 et
721 2529 894 2600 interpretes,
913 2550 983 2582 unus
995 2542 1085 2583 autem
1103 2529 1301 2600 Morgenste
1312 2549 1338 2581 r-

290 2616 370 2668 nius
388 2617 415 2668 in
435 2615 524 2671 libello
542 2637 624 2687 supra
642 2616 749 2669 laudato
769 2637 843 2669 snam
861 2617 938 2670 latius
955 2617 1080 2688 explicuit
1091 2616 1264 2671 sententiam:
1287 2636 1338 2686 qua

290 2705 429 2773 proposita
446 2722 560 2774 meoque
581 2704 671 2757 addito
689 2703 870 2775 qualicunque
887 2704 985 2758 iudicio
1004 2705 1067 2757 nibil
1082 2704 1122 2757 bis
1140 2704 1340 2775 Prolegomenis

290 2787 447 2842 addendum
467 2791 580 2845 restabit.
616 2790 650 2845 Et
668 2790 712 2843 ille
731 2791 839 2861 quidem
859 2791 976 2862 primum
994 2792 1028 2844 ad
1044 2811 1168 2862 magnam
1187 2792 1339 2862 inscriptio·

291 2898 359 2932 num
379 2888 405 2932 et
422 2878 451 2930 in
470 2876 615 2932 Codicibus
634 2891 659 2932 et
675 2879 702 2931 in
722 2878 890 2932 Editionibus
905 2879 1055 2933 varietatem
1067 2879 1091 2947 ⁴)
1110 2879 1229 2931 animum
1248 2877 1341 2930 adver-

291 2979 348 3021 tere
368 2986 417 3020 nos
435 2965 522 3020 iuben
550 2967 646 3019 deinde
664 2966 696 3018 ad
717 2966 756 3031 id,
787 2966 860 3038 quod
886 2966 914 3019 in
941 2977 1095 3038 quartoue
1121 2977 1248 3019 tractetur
1275 2963 1340 3015 illud
1418 3034 1421 3041 Ι

292 3055 411 3126 quidem,
429 3055 502 3126 quod
517 3065 556 3108 est
566 3054 593 3107 in
607 3054 780 3127 inscriptione
793 3049 845 3123 (ira
858 3058 909 3113 πᾶς
927 3051 1015 3124 ἄφρων
1026 3055 1170 3119 pulverent:
1189 3052 1341 3123 inscriptio-

293 3162 356 3196 nem
374 3142 460 3209 enim,
477 3143 499 3197 si
518 3154 706 3214 argumentum
726 3155 842 3214 spectes,
861 3144 958 3197 debere
978 3163 1046 3196 esse:
1076 3137 1117 3193 ’ὅτι
1135 3138 1212 3204 μόνος
1233 3135 1245 3190 i
1265 3139 1342 3201 copie

293 3232 416 3299 πολίτης,
437 3231 473 3283 ita
493 3241 521 3282 ut
540 3230 740 3300 inscriptionem
767 3231 901 3303 vulgarem
928 3232 964 3284 rei
985 3230 1053 3283 baud
1080 3230 1280 3284 accommodate
1298 3247 1341 3280 en·
1421 3220 1424 3225 ¹

294 3318 449 3390 cogitaverit
464 3317 575 3388 aliquis,
595 3319 640 3389 qui
659 3337 717 3373 eam
737 3320 768 3374 ad
787 3320 842 3374 sola
862 3321 955 3386 rerba,
984 3320 1081 3391 quibus
1100 3320 1219 3390 incipere
1239 3327 1342 3388 putaret

293 3406 447 3476 argumenti
465 3409 665 3473 tractationem,
690 3410 915 3462 conformavisset.
959 3407 1062 3460 Graeca
1089 3406 1189 3458 etiamsi
1209 3402 1343 3466 ἀξιώματα

294 3493 386 3564 posuit
404 3491 514 3559 Cicero,
531 3493 651 3553 Latinam
671 3496 872 3549 conversionem
892 3495 1016 3548 adiecisse
1042 3512 1103 3545 eum
1133 3511 1186 3543 non
1207 3491 1344 3544 ridebatur

295 3577 438 3650 probabile
455 3589 534 3652 atque
553 3581 603 3634 veri
622 3583 706 3636 simile
724 3583 954 3655 blorgensternio,
975 3598 1055 3652 qnam
1073 3579 1250 3649 suspicionem
1270 3577 1344 3632 s'alde

295 3666 420 3719 firmabat
438 3664 557 3723 Caroli
577 3670 698 3741 Langii
718 3671 908 3737 testimonium,
925 3671 952 3722 in
965 3667 1138 3721 annotatione
1157 3657 1276 3732 dicentis,
1291 3665 1344 3719 La-

296 3755 363 3808 tinas
379 3755 568 3828 inscriptiones
594 3758 680 3811 nullas
708 3771 807 3812 exstare
835 3760 862 3812 iu
891 3758 1021 3811 veteribus
1040 3755 1244 3826 exemplaribus:
1273 3752 1344 3826 quod

296 3844 474 3898 testimonium
494 3846 528 3897 ab
546 3847 672 3898 omnibus
690 3849 747 3900 iere
765 3848 911 3900 editoribus
937 3845 1087 3916 neglectum
1107 3864 1161 3897 esse
1189 3842 1345 3906 mirabatur,

481 3964 504 3971 ,.
715 3932 725 3969 l

366 4044 390 4110 ’)
410 4043 516 4097 Addere
536 4055 652 4114 poterat,
681 4044 707 4094 in
727 4043 816 4095 multis
833 4042 907 4096 libris
925 4061 980 4093 non
1001 4059 1054 4091 esse
1071 4038 1202 4101 Graecas,
1227 4039 1253 4088 in
1275 4035 1344 4086 nrrrl·

298 4116 329 4168 tis
345 4116 435 4168 deesse
455 4115 574 4178 Latinam
593 4116 742 4168 varietatem
762 4125 850 4168 autam
870 4132 925 4166 esse
942 4123 1058 4175 tantam,
1085 4121 1186 4162 utnon
1213 4128 1241 4158 es
1262 4107 1344 4157 libra-

300 4189 400 4238 riorum
419 4205 511 4237 errore
530 4199 587 4238 orta
605 4206 659 4238 esse
679 4187 774 4257 possit,
805 4205 888 4255 quum
909 4200 1104 4254 nonnunquam
1128 4200 1161 4231 ne
1180 4195 1263 4228 rrnrrm
1283 4178 1341 4259 qui·

299 4257 356 4308 dem
371 4256 529 4309 vocabulum
542 4275 602 4309 cum
615 4258 727 4308 aliorum
742 4257 886 4325 scriptione
897 4256 1048 4308 conveniat:
1068 4252 1113 4310 sic,
1134 4247 1205 4327 quqd
1226 4266 1343 4316 proxrruc

300 4326 433 4380 laudatur:
452 4324 494 4378 lire
511 4329 562 4384 πᾶς
581 4327 669 4396 ἁφρων
687 4335 819 4390 μαίνει-αι,
848 4327 876 4378 in
902 4325 1004 4395 aliquot
1031 4321 1103 4373 libris
1129 4329 1165 4370 est
1185 4337 1225 4368 οτι
1250 4315 1342 4378 πάντες

300 4400 420 4465 οἶμωροι
435 4397 627 4449 dnarriooorror.
670 4398 753 4450 Tertii
781 4408 870 4449 autern
889 4394 1018 4447 Paradoxi
1042 4392 1068 4443 in
1089 4389 1177 4442 multis
1202 4388 1275 4441 libris
1294 4411 1343 4444 ne·

301 4489 351 4540 que
370 4468 472 4523 Graeca
492 4468 630 4538 inscriptio
650 4480 702 4532 est,
721 4488 808 4538 neque
830 4466 931 4520 Latina.
