3450 5342
655 689 852 738 etiannum
876 691 900 738 ι.
940 690 1012 737 cer.
1032 692 1053 737 ι.
1336 669 1389 746 -39

333 847 703 912 01.E.habetcruu'utur'‚·
723 850 781 916 Cra.
798 853 825 906 2·
842 849 1005 903 admittendi
1022 867 1072 920 pro
1091 849 1240 905 omittendi.
1274 852 1389 908 Drad.4.

335 935 435 989 omittit
450 934 540 988 itione.
576 936 619 989 Ad
636 957 715 990 usum
731 939 901 1009 pronominis
917 938 980 1010 qui,
997 937 1044 1008 qui
1061 935 1090 990 lr.
1107 935 1125 990 l.
1144 936 1260 1005 obtinet,
1279 959 1389 1012 compa-

335 1033 379 1075 rat
395 1021 478 1092 Borg.
490 1021 553 1077 Cic.
569 1023 606 1076 de'
622 1025 705 1097 [regg.
723 1026 761 1092 ll,·
776 1028 825 1092 11,-
836 1026 975 1089 .atz÷³or‘,-
988 1025 1143 1096 illa-qui
1166 1024 1338 1090 labeant,
1353 1057 1389 1069 -

333 1119 443 1178 putent,
462 1111 573 1165 ubicur
586 1110 774 1187 Goeieriaii'et
791 1115 1021 1166 noctramannot.
1039 1111 1161 1166 laudaret
1173 1111 1204 1165 B.
1224 1111 1297 1166 nulla
1313 1114 1390 1184 plane

336 1206 395 1249 erat
415 1205 515 1265 cauaa,'
529 1206 599 1252 'cum
616 1198 675 1253 'alia
692 1200 731 1252 ait
753 1197 790 1251 ibi
801 1197 961 1251 :annotandi
978 1202 1071 1266 ctum,
1100 1206 1182 1269 quain
1201 1209 1295 1254 nostro
1312 1198 1390 1266 lucre

336 1283 371 1337 de
389 1283 445 1338 Or.'
459 1287 491 1351 ΙΙ,
504 1290 559 1340 tt:
577 1290 663 1359 atquc
679 1288 760 1340 iet-ci
774 1314 811 1329 -
829 1286 892 1358 qui
912 1285 1046 1339 docent.
1081 1283 1141 1353 ΜΓ.

376 1406 378 1411 ,
406 1376 441 1424 In
455 1393 518 1445 quc
541 1374 664 1445 equidem
687 1402 728 1416 «-
746 1375 880 1427 maiorum
904 1383 1057 1426 nostrorum
1080 1373 1127 1440 -.]
1155 1373 1265 1445 Legitur
1287 1373 1391 1446 inquo

335 1460 472 1531 quidem
488 1460 517 1513 in
536 1461 628 1516 Codd.·
641 1461 700 1516 Cri.
715 1466 786 1518 1.·1.
800 1462 885 1516 Diod.
895 1465 925 1514 1.
942 1464 969 1516 3.
987 1465 1016 1514 4.
1034 1459 1106 1514 Gud.
1119 1458 1149 1514 C.
1167 1459 1199 1514 Α.
1218 1461 1286 1515 Edd.
1304 1461 1390 1532 Lugd.
1497 1510 1500 1515 .

335 1549 500 1619 tataanrg.
518 1553 600 1605 1515.
635 1550 727 1622 Pergit
745 1551 795 1605 01.
810 1566 846 1613 ar.
868 1549 1222 1603 convenienrtrsmrram.
1258 1549 1290 1604 ln
1301 1549 1389 1605 'Drad

337 1635 363 1688 ³.
386 1635 512 1690 scribitur
528 1647 680 1693 norinorum
701 1640 847 1702 morona,
864 1636 1006 1691 ·in·'Dred.
1024 1640 1050 1691 4.
1069 1635 1143 1689 deest
1159 1636 1297 1690 maiorum.
1333 1638 1389 1692 Pro

335 1730 417 1790 coepe
433 1734 473 1776 est
490 1743 592 1792 semper
616 1724 648 1776 i'n·
670 1722 845 1778 octo.Codd.
871 1723 1053 1778 AtdrManut
1077 1721 1144 1776 Oxi.
1163 1721 1194 1776 E.
1214 1722 1233 1777 l.
1254 1721 1287 1776 Ν.
1306 1723 1389 1787 Usu.

336 1808 411 1863 Gud.
431 1808 463 1863 C.
488 1809 597 1863 Snerin.
621 1812 650 1881 (a
670 1830 711 1882 pr.
729 1829 778 1877 rn.;
806 1829 887 1882 cupra
905 1811 952 1864 lin.
970 1809 1166 1880 caepe),Drad.
1184 1813 1211 1862 4.
1247 1808 1312 1863 Eius
1329 1809 1389 1865 loco

336 1894 397 1949 Cre.
416 1900 442 1950 1.
462 1897 654 1969 compendium
672 1897 768 1965 habet,
794 1897 869 1970 quod
886 1897 976 1969 legere
992 1895 1077 1967 poeria
1098 1895 1138 1949 rel
1156 1915 1239 1965 prope
1265 1894 1304 1948 rel
1324 1915 1390 1965 pro*

332 1987 437 2055 prium,
466 2005 584 2057 quorum
607 1986 802 2041 vocabulorum
828 1986 868 2041 rel
888 2003 974 2040 unum
993 1983 1033 2038 rel
1051 1983 1163 2038 alterum
1182 1985 1293 2037 sortasse
1310 1983 1389 2037 alicui

336 2091 393 2124 non
413 2071 559 2144 displiceat.
595 2072 723 2128 Ceterum
748 2093 800 2146 pro
825 2075 961 2126 lominum
984 2071 1053 2126 Cod.
1072 2071 1124 2126 01.
1141 2089 1171 2134 ψ.
1190 2071 1314 2125 lacunam
1340 2071 1389 2125 lia-

335 2159 397 2224 bet,
424 2181 480 2232 qun
504 2160 566 2215 loco
581 2162 704 2216 -lortaaae
729 2159 830 2215 codicia
852 2161 968 2231 scriptor
992 2160 1129 2213 dubitabat
1149 2159 1182 2212 de
1204 2158 1319 2230 legendo
1339 2159 1389 2213 ali-

336 2266 392 2320 quo
410 2248 587 2320 compendio-p
613 2250 744 2303 ut'modo
763 2268 813 2304 nos
831 2248 860 2302 in
879 2247 947 2302 Cod.
968 2247 1026 2302 Cre.
1044 2250 1070 2301 1.
1106 2237 1294 2302 llabentOxx.
1312 2245 1344 2299 E.
1363 2265 1388 2314 η.

336 2335 550 2408 maiorumque,
577 2336 627 2390 Or.
647 2337 679 2391 N.
699 2337 772 2410 quod
790 2355 840 2407 pro
860 2336 923 2408 qui:
950 2335 1024 2407 quod
1048 2346 1087 2390 eat
1105 2335 1143 2389 rel
1161 2334 1313 2407 glossatoris
1336 2334 1388 2388 aive

335 2423 499 2493 interpretis,
517 2424 557 2477 rel
575 2425 744 2480 correctoris.
780 2424 864 2494 Quod
878 2424 908 2478 t.
927 2423 945 2476 Ι.
966 2425 1083 2496 repulia,
1098 2422 1163 2478 alibi
1182 2422 1246 2478 dicit
1262 2423 1389 2480 desidero,
1483 2444 1489 2455 ·

338 2521 369 2565 ut
381 2511 449 2564 locis
463 2530 479 2563 a
493 2511 574 2584 Borg.
589 2513 710 2580 laudatis,
730 2513 807 2568 Orat.
822 2518 855 2567 1:
874 2512 1021 2565 desiderari
1037 2531 1054 2562 a
1072 2523 1104 2565 te.
1112 2512 1285 2582 prudentium
1298 2526 1390 2573 mecm,

336 2609 364 2651 et
381 2616 432 2669 pro
442 2597 501 2668 Lig.
513 2602 546 2652 4:
566 2601 677 2665 Tubero,
694 2601 782 2654 etiam·
795 2611 882 2658 tuam,
898 2600 947 2652 a'ed
962 2598 1047 2652 multo
1065 2600 1152 2671 magia
1168 2600 1258 2670 patria
1269 2597 1313 2650 tui
1321 2613 1390 2665 pru·

336 2684 460 2736 dentiam
477 2686 618 2739 desideru—
638 2687 692 2740 Sed
717 2689 869 2760 requirendi
894 2688 974 2743 etiarn
997 2689 1079 2741 verbo
1103 2686 1167 2740 alibi
1191 2687 1236 2741 aic-
1253 2703 1316 2739 usus
1343 2693 1390 2749 eet,

335 2771 419 2826 veluti
438 2773 472 2827 de
490 2773 555 2828 Sen.
573 2778 701 2828 10:1210
720 2774 786 2828 bono
804 2785 902 2841 utare,
920 2776 984 2828 dum
1002 2776 1094 2835 adme,-
1113 2793 1174 2825 cuni
1190 2772 1278 2836 abrit,
1292 2788 1325 2823 ne
1342 2786 1390 2821 re-

336 2861 481 2933 quirar:
499 2862 555 2915 nisi
567 2863 645 2934 forte
658 2863 841 2916 adoleaceruee
852 2864 1000 2934 pueritiam
1013 2862 1105 2915 debent
1123 2861 1311 2932 requirere,
1331 2856 1389 2909 Mr.

410 2950 465 3019 Qui
481 2949 550 3002 lineo
566 2949 701 3003 imbecillo
717 2961 745 3003 et
763 2951 975 3018 commutabilia]
994 2949 1080 3004 Ccdd.
1095 2948 1175 3002 Drsd.
1192 2950 1218 3001 1.
1231 2951 1257 3002 3.
1274 2947 1322 3018 qui
1339 2947 1390 2999 im·

337 3034 434 3091 bacilla
457 3037 537 3102 hoec,
561 3037 611 3091 01.
628 3039 662 3092 N.
687 3041 765 3111 quod.
802 3040 833 3093 ln
852 3040 918 3094 On.
936 3039 968 3092 E.
985 3037 1020 3092 U.
1038 3055 1068 3100 ψ.
1095 3036 1153 3091 Cra.
1171 3041 1198 3090 1.
1221 3041 1248 3088 1.
1273 3044 1390 3106 quatuor

336 3122 400 3177 Aldi
416 3122 491 3178 Man.
527 3124 577 3178 Ed.
595 3145 638 3197 ap.
651 3126 746 3193 Mene,
767 3128 877 3182 varietas
894 3127 955 3181 lect.
968 3126 998 3183 P.
1015 3125 1146 3198 Magnoli,
1168 3125 1216 3178 Ed.
1229 3123 1325 3194 lldlbg.
1337 3142 1357 3175 s.
1370 3121 1388 3174 l.

336 3221 365 3265 et
380 3231 406 3264 a.
421 3221 448 3264 et
459 3213 529 3265 Ven.
543 3225 634 3267 nostra
649 3217 729 3272 1492.
746 3216 898 3280 imbecillia,
915 3235 978 3270 curn
989 3215 1101 3286 Argent.
1115 3216 1195 3268 1515.
1212 3212 1297 3265 Paria.
1308 3213 1388 3264 1512.
1432 3210 1439 3230 ⁹

336 3296 393 3352 Sed
411 3299 472 3353 aetia
489 3300 543 3354 iarn
561 3313 675 3369 constat,
691 3302 851 3359 Ciceronem
872 3305 994 3359 maluiaae
1012 3303 1051 3357 uti
1068 3302 1146 3356 huius
1162 3300 1232 3354 vocis
1247 3319 1279 3353 ea
1292 3299 1388 3363 fornia,

336 3407 408 3458 quae
432 3399 471 3442 eat
495 3390 681 3445 declinationis
705 3392 852 3447 secundae..
883 3390 966 3459 Quod
991 3401 1080 3444 autem
1105 3388 1209 3443 Gemit.
1226 3387 1259 3439 ad
1277 3385 1303 3438 la.
1322 3383 1339 3437 l.
1363 3394 1390 3436 et
1457 3412 1461 3418 ·

335 3474 373 3526 ad
393 3473 464 3527 Lael.
482 3479 524 3543 11,
542 3481 585 3534 13.
603 3492 748 3552 utramque
766 3481 883 3533 formam
903 3478 1027 3532 Ciceroni
1046 3476 1153 3541 tribuit,
1171 3476 1207 3527 ita
1226 3484 1255 3526 ut
1273 3471 1313 3524 rel
1330 3489 1389 3524 am-

334 3562 476 3634 biguitatia
491 3565 611 3621 vitandae
628 3569 762 3636 studium,
789 3568 829 3621 vel
855 3567 915 3620 soni
937 3565 1048 3620 auaritaa
1071 3563 1111 3616 rel
1129 3558 1302 3632 grammatica
1320 3557 1389 3610 ratio

336 3649 499 3705 Ciceronem
519 3654 552 3707 ad
570 3655 726 3710 alterutram
746 3656 896 3728 eligendam
913 3653 1060 3726 impulerit,
1083 3662 1112 3704 ut
1127 3648 1249 3721 apposito
1267 3645 1390 3699 substan-

335 3737 391 3792 tiro
410 3738 505 3794 dixerit
522 3741 685 3797 imbecillus:
704 3746 750 3797 ubi
769 3745 931 3799 substantive
951 3752 1080 3814 ponatur,
1100 3734 1256 3810 praetulerit
1273 3733 1388 3785 imbecil-

336 3828 386 3892 lia,
404 3827 448 3894 id,
466 3830 587 3900 quamvis
604 3833 763 3903 probatum,
782 3834 856 3905 quod
873 3832 907 3886 ad
924 3828 1065 3896 εὐφωνίαν,
1082 3822 1300 3881 aDoederleinio
1320 3821 1390 3890 (Lat.

338 3916 445 3988 Synon.
455 3935 483 3970 u.
492 3917 582 3988 Etym.
594 3919 641 3974 lV.
661 3940 687 3992 p.
697 3921 782 3989 tot),
800 3921 875 3976 nulla
893 3934 982 3975 tamen
999 3917 1092 3971 nititur
1107 3914 1211 3966 ratione
1225 3922 1297 3965 certa
1310 3919 1390 3980 atque

338 4003 483 4075 probabili,
502 4025 592 4078 neque
611 4009 777 4080 optimorum
796 4011 929 4064 librorum
947 4006 1104 4062 auctoritate
1118 4013 1198 4071 atque
1211 4019 1307 4053 aureae
1319 4008 1391 4050 aeta-

292 4129 295 4134 ·
337 4092 372 4145 tia
393 4092 556 4164 scriptorum
580 4115 639 4150 usu.
677 4096 851 4170 Quamquam
871 4099 943 4153 enirn
962 4092 1126 4148 Goerenniua
1143 4090 1171 4142 in
1191 4087 1241 4141 Ed.
1258 4086 1389 4137 librorum

338 4180 372 4233 de
391 4181 472 4236 Pinn.
489 4182 574 4253 (quac
592 4185 693 4255 prodiit
710 4205 783 4240 anno
801 4186 879 4255 liuius
897 4183 979 4239 seculi
997 4181 1074 4237 tertio
1093 4173 1211 4241 deciano)
1230 4173 1264 4235 V,
1284 4174 1328 4247 14.
1344 4172 1388 4222 11.

338 4272 548 4340 parturum
567 4272 711 4328 alterumve
731 4275 822 4329 locum
841 4273 914 4345 apud
932 4271 1091 4324 Ciceronem
1112 4281 1167 4316 esse
1185 4255 1315 4322 concedit,
1335 4276 1390 4328 quo

313 4386 318 4394 ·
337 4357 434 4411 tertiae
453 4357 639 4416 declinationis
656 4363 743 4416 forma
762 4363 893 4416 constanti
912 4361 1038 4414 codicum
1055 4351 1169 4405 lectione
1189 4347 1301 4400 nitatur:
1319 4345 1388 4402 idem

338 4456 431 4500 tarnen
449 4446 478 4501 in
497 4458 609 4503 mnaura
628 4449 678 4504 ud.
695 4449 779 4505 Laelii
795 4447 1015 4505 Gerrhardiauae
1032 4439 1115 4512 (Jahn
1131 4433 1277 4515 lahrbbpl.
1294 4430 1390 4488 Philol.
