<?xml version="1.0" encoding="UTF-8"?>
<!DOCTYPE html PUBLIC "-//W3C//DTD XHTML 1.0 Transitional//EN"
    "http://www.w3.org/TR/xhtml1/DTD/xhtml1-transitional.dtd">
<html xmlns="http://www.w3.org/1999/xhtml" xml:lang="en" lang="en">
 <head>
  <title>
</title>
<meta http-equiv="Content-Type" content="text/html;charset=utf-8" />
  <meta name='ocr-system' content='tesseract 3.04.00' />
  <meta name='ocr-capabilities' content='ocr_page ocr_carea ocr_par ocr_line ocrx_word'/>
</head>
<body>
  <div class='ocr_page' id='page_1' title='image "./paradoxa00wyttgoog_0260.png"; bbox 0 0 3450 5342; ppageno 0'>
   <div class='ocr_carea' id='block_1_1' title="bbox 338 658 1051 733">
    <p class='ocr_par' dir='ltr' id='par_1_1' title="bbox 338 658 1051 733">
     <span class='ocr_line' id='line_1_1' title="bbox 338 658 1051 733; baseline -0.015 0"><span class='ocrx_word' id='word_1_1' title='bbox 338 658 408 733; x_wconf 87' lang='grc'><strong><em>182</em></strong></span> <span class='ocrx_word' id='word_1_2' title='bbox 657 677 829 725; x_wconf 74' lang='lat' dir='ltr'><strong><em>rmooxr</em></strong></span> <span class='ocrx_word' id='word_1_3' title='bbox 857 676 1051 724; x_wconf 74' lang='lat' dir='ltr'><strong><em>srorconnu.</em></strong></span> 
     </span>
    </p>
   </div>
   <div class='ocr_carea' id='block_1_2' title="bbox 266 832 1405 4521">
    <p class='ocr_par' dir='ltr' id='par_1_2' title="bbox 336 832 1391 995">
     <span class='ocr_line' id='line_1_2' title="bbox 336 832 1391 908; baseline -0.009 -13"><span class='ocrx_word' id='word_1_4' title='bbox 336 841 498 895; x_wconf 73' lang='lat' dir='ltr'>mentionem</span> <span class='ocrx_word' id='word_1_5' title='bbox 518 837 581 892; x_wconf 79' lang='lat' dir='ltr'><strong><em>tecit</em></strong></span> <span class='ocrx_word' id='word_1_6' title='bbox 606 839 633 890; x_wconf 89' lang='lat' dir='ltr'><strong><em>in</em></strong></span> <span class='ocrx_word' id='word_1_7' title='bbox 658 837 709 890; x_wconf 92' lang='lat' dir='ltr'><strong><em>Or.</em></strong></span> <span class='ocrx_word' id='word_1_8' title='bbox 732 855 782 908; x_wconf 88' lang='lat' dir='ltr'><strong><em>pro</em></strong></span> <span class='ocrx_word' id='word_1_9' title='bbox 801 836 892 889; x_wconf 88' lang='lat' dir='ltr'><strong><em>Domo</em></strong></span> <span class='ocrx_word' id='word_1_10' title='bbox 911 855 934 888; x_wconf 85' lang='lat' dir='ltr'><strong><em>c.</em></strong></span> <span class='ocrx_word' id='word_1_11' title='bbox 956 840 1007 901; x_wconf 73' lang='lat'><strong><em>243</em></strong></span> <span class='ocrx_word' id='word_1_12' title='bbox 1034 854 1084 906; x_wconf 87' lang='lat' dir='ltr'><strong><em>pro</em></strong></span> <span class='ocrx_word' id='word_1_13' title='bbox 1102 832 1189 886; x_wconf 88' lang='lat' dir='ltr'><strong><em>Sestio</em></strong></span> <span class='ocrx_word' id='word_1_14' title='bbox 1210 851 1236 886; x_wconf 89' lang='lat' dir='ltr'><strong><em>c.</em></strong></span> <span class='ocrx_word' id='word_1_15' title='bbox 1256 836 1311 897; x_wconf 70' lang='lat'><strong><em>263</em></strong></span> <span class='ocrx_word' id='word_1_16' title='bbox 1338 845 1391 902; x_wconf 87' lang='lat' dir='ltr'><strong><em>post</em></strong></span> 
     </span>
     <span class='ocr_line' id='line_1_3' title="bbox 339 925 858 995; baseline -0.008 -15"><span class='ocrx_word' id='word_1_17' title='bbox 339 927 404 981; x_wconf 72' lang='lat' dir='ltr'><strong><em>ned.</em></strong></span> <span class='ocrx_word' id='word_1_18' title='bbox 424 927 452 979; x_wconf 91' lang='lat' dir='ltr'><strong><em>in</em></strong></span> <span class='ocrx_word' id='word_1_19' title='bbox 472 926 535 979; x_wconf 76' lang='lat' dir='ltr'><strong><em>San.</em></strong></span> <span class='ocrx_word' id='word_1_20' title='bbox 555 929 640 978; x_wconf 75' lang='grc' dir='ltr'><strong>ε.1.“</strong></span> <span class='ocrx_word' id='word_1_21' title='bbox 677 925 858 995; x_wconf 86' lang='lat' dir='ltr'><strong><em>Wyttenb.</em></strong></span> 
     </span>
    </p>

    <p class='ocr_par' dir='ltr' id='par_1_3' title="bbox 336 1008 1389 1874">
     <span class='ocr_line' id='line_1_4' title="bbox 406 1008 1389 1084; baseline -0.005 -19"><span class='ocrx_word' id='word_1_22' title='bbox 406 1032 521 1065; x_wconf 86' lang='lat' dir='ltr'><strong><em>mearam</em></strong></span> <span class='ocrx_word' id='word_1_23' title='bbox 538 1012 655 1084; x_wconf 82' lang='lat' dir='ltr'><strong><em>aliquid]</em></strong></span> <span class='ocrx_word' id='word_1_24' title='bbox 691 1012 742 1066; x_wconf 87' lang='lat' dir='ltr'><strong><em>Or.</em></strong></span> <span class='ocrx_word' id='word_1_25' title='bbox 761 1032 790 1064; x_wconf 79' lang='lat' dir='ltr'><strong><em>ex</em></strong></span> <span class='ocrx_word' id='word_1_26' title='bbox 817 1011 886 1065; x_wconf 74' lang='lat' dir='ltr'><strong><em>Edi.</em></strong></span> <span class='ocrx_word' id='word_1_27' title='bbox 905 1011 1025 1064; x_wconf 80' lang='lat' dir='ltr'><strong><em>Manet</em></strong></span> <span class='ocrx_word' id='word_1_28' title='bbox 1047 1009 1141 1062; x_wconf 84' lang='lat' dir='ltr'><strong><em>Lamb.</em></strong></span> <span class='ocrx_word' id='word_1_29' title='bbox 1169 1008 1290 1062; x_wconf 75' lang='lat' dir='ltr'><strong><em>enotavit</em></strong></span> <span class='ocrx_word' id='word_1_30' title='bbox 1314 1019 1389 1060; x_wconf 84' lang='lat' dir='ltr'><strong><em>tunc</em></strong></span> 
     </span>
     <span class='ocr_line' id='line_1_5' title="bbox 336 1094 1386 1172; baseline -0.005 -19"><span class='ocrx_word' id='word_1_31' title='bbox 336 1120 451 1153; x_wconf 84' lang='lat' dir='ltr'><strong><em>meorum</em></strong></span> <span class='ocrx_word' id='word_1_32' title='bbox 467 1100 582 1172; x_wconf 75' lang='lat' dir='ltr'><strong><em>aliquid.</em></strong></span> <span class='ocrx_word' id='word_1_33' title='bbox 632 1099 687 1152; x_wconf 80' lang='lat' dir='ltr'><strong><em>Noe</em></strong></span> <span class='ocrx_word' id='word_1_34' title='bbox 713 1097 784 1152; x_wconf 83' lang='lat' dir='ltr'><strong><em>idem</em></strong></span> <span class='ocrx_word' id='word_1_35' title='bbox 811 1099 960 1170; x_wconf 84' lang='lat' dir='ltr'><strong><em>reperimus</em></strong></span> <span class='ocrx_word' id='word_1_36' title='bbox 988 1097 1016 1149; x_wconf 90' lang='lat' dir='ltr'><strong><em>in</em></strong></span> <span class='ocrx_word' id='word_1_37' title='bbox 1048 1095 1115 1149; x_wconf 82' lang='lat' dir='ltr'><strong>Edd.</strong></span> <span class='ocrx_word' id='word_1_38' title='bbox 1135 1094 1198 1148; x_wconf 84' lang='lat' dir='ltr'><strong><em>Car.</em></strong></span> <span class='ocrx_word' id='word_1_39' title='bbox 1215 1094 1311 1166; x_wconf 75' lang='lat' dir='ltr'><strong><em>steph.</em></strong></span> <span class='ocrx_word' id='word_1_40' title='bbox 1332 1096 1386 1148; x_wconf 78' lang='lat' dir='ltr'><strong><em>Abi.</em></strong></span> 
     </span>
     <span class='ocr_line' id='line_1_6' title="bbox 336 1182 1385 1258; baseline -0.007 -16"><span class='ocrx_word' id='word_1_41' title='bbox 336 1193 413 1242; x_wconf 86' lang='grc'><strong>1552.</strong></span> <span class='ocrx_word' id='word_1_42' title='bbox 431 1187 463 1239; x_wconf 84' lang='lat' dir='ltr'><strong><em>H.</em></strong></span> <span class='ocrx_word' id='word_1_43' title='bbox 479 1187 566 1239; x_wconf 83' lang='lat' dir='ltr'><strong><em>Wois.</em></strong></span> <span class='ocrx_word' id='word_1_44' title='bbox 583 1185 659 1258; x_wconf 79' lang='lat' dir='ltr'><strong><em>Sytb.</em></strong></span> <span class='ocrx_word' id='word_1_45' title='bbox 678 1186 748 1239; x_wconf 79' lang='lat' dir='ltr'><strong>And.</strong></span> <span class='ocrx_word' id='word_1_46' title='bbox 766 1184 825 1238; x_wconf 79' lang='lat' dir='ltr'><strong><em>Tat.</em></strong></span> <span class='ocrx_word' id='word_1_47' title='bbox 867 1185 922 1239; x_wconf 80' lang='lat' dir='ltr'><strong><em>sed</em></strong></span> <span class='ocrx_word' id='word_1_48' title='bbox 947 1204 1063 1238; x_wconf 85' lang='lat' dir='ltr'><strong><em>meorum</em></strong></span> <span class='ocrx_word' id='word_1_49' title='bbox 1081 1195 1168 1236; x_wconf 83' lang='lat' dir='ltr'><strong><em>tnnc</em></strong></span> <span class='ocrx_word' id='word_1_50' title='bbox 1194 1195 1233 1238; x_wconf 86' lang='lat' dir='ltr'><strong><em>est</em></strong></span> <span class='ocrx_word' id='word_1_51' title='bbox 1259 1185 1286 1237; x_wconf 87' lang='lat' dir='ltr'><strong><em>in</em></strong></span> <span class='ocrx_word' id='word_1_52' title='bbox 1307 1182 1385 1236; x_wconf 79' lang='lat' dir='ltr'><strong><em>Codri.</em></strong></span> 
     </span>
     <span class='ocr_line' id='line_1_7' title="bbox 337 1273 1387 1332; baseline -0.007 -2"><span class='ocrx_word' id='word_1_53' title='bbox 337 1277 416 1332; x_wconf 81' lang='lat' dir='ltr'><strong><em>Drsd.</em></strong></span> <span class='ocrx_word' id='word_1_54' title='bbox 435 1279 461 1329; x_wconf 89' lang='lat'><strong><em>1.</em></strong></span> <span class='ocrx_word' id='word_1_55' title='bbox 478 1279 504 1330; x_wconf 79' lang='lat'><strong><em>3.</em></strong></span> <span class='ocrx_word' id='word_1_56' title='bbox 522 1276 573 1329; x_wconf 81' lang='lat' dir='ltr'><strong><em>Ox.</em></strong></span> <span class='ocrx_word' id='word_1_57' title='bbox 593 1276 611 1327; x_wconf 95' lang='grc' dir='ltr'><strong>Ι.</strong></span> <span class='ocrx_word' id='word_1_58' title='bbox 627 1285 653 1328; x_wconf 89' lang='lat' dir='ltr'><strong><em>et</em></strong></span> <span class='ocrx_word' id='word_1_59' title='bbox 670 1273 720 1327; x_wconf 78' lang='lat' dir='ltr'><strong><em>Ed.</em></strong></span> <span class='ocrx_word' id='word_1_60' title='bbox 740 1275 801 1328; x_wconf 73' lang='lat' dir='ltr'><strong><em>Asc.</em></strong></span> <span class='ocrx_word' id='word_1_61' title='bbox 819 1276 900 1328; x_wconf 91' lang='grc'><strong>1511.</strong></span> <span class='ocrx_word' id='word_1_62' title='bbox 943 1273 1132 1327; x_wconf 64' lang='grc'><strong>1111111111.</strong></span> <span class='ocrx_word' id='word_1_63' title='bbox 1161 1284 1201 1326; x_wconf 87' lang='lat' dir='ltr'><strong><em>est</em></strong></span> <span class='ocrx_word' id='word_1_64' title='bbox 1227 1283 1301 1324; x_wconf 89' lang='lat' dir='ltr'><strong><em>turn</em></strong></span> <span class='ocrx_word' id='word_1_65' title='bbox 1323 1291 1387 1324; x_wconf 84' lang='lat' dir='ltr'><strong><em>rner-</em></strong></span> 
     </span>
     <span class='ocr_line' id='line_1_8' title="bbox 336 1359 1386 1426; baseline -0.008 -10"><span class='ocrx_word' id='word_1_66' title='bbox 336 1384 413 1426; x_wconf 76' lang='lat' dir='ltr'><strong><em>rum3</em></strong></span> <span class='ocrx_word' id='word_1_67' title='bbox 432 1364 460 1416; x_wconf 91' lang='lat' dir='ltr'><strong><em>in</em></strong></span> <span class='ocrx_word' id='word_1_68' title='bbox 478 1363 559 1417; x_wconf 83' lang='lat' dir='ltr'><strong><em>Drsd.</em></strong></span> <span class='ocrx_word' id='word_1_69' title='bbox 577 1367 604 1416; x_wconf 89' lang='grc'><strong><em>5.</em></strong></span> <span class='ocrx_word' id='word_1_70' title='bbox 623 1380 738 1414; x_wconf 84' lang='lat' dir='ltr'><strong><em>mearam</em></strong></span> <span class='ocrx_word' id='word_1_71' title='bbox 757 1371 884 1415; x_wconf 81' lang='lat' dir='ltr'><strong><em>autern.</em></strong></span> <span class='ocrx_word' id='word_1_72' title='bbox 929 1361 1008 1415; x_wconf 82' lang='lat' dir='ltr'><strong><em>Face.</em></strong></span> <span class='ocrx_word' id='word_1_73' title='bbox 1035 1361 1063 1414; x_wconf 86' lang='lat' dir='ltr'><strong><em>in</em></strong></span> <span class='ocrx_word' id='word_1_74' title='bbox 1087 1359 1263 1414; x_wconf 70' lang='lat' dir='ltr'><strong>annotatione</strong></span> <span class='ocrx_word' id='word_1_75' title='bbox 1288 1359 1386 1413; x_wconf 76' lang='lat' dir='ltr'><strong><em>scribit:</em></strong></span> 
     </span>
     <span class='ocr_line' id='line_1_9' title="bbox 337 1446 1385 1522; baseline -0.009 -18"><span class='ocrx_word' id='word_1_76' title='bbox 337 1452 450 1505; x_wconf 85' lang='lat' dir='ltr'><strong><em>libenter</em></strong></span> <span class='ocrx_word' id='word_1_77' title='bbox 468 1449 579 1522; x_wconf 76' lang='lat' dir='ltr'>legerim</span> <span class='ocrx_word' id='word_1_78' title='bbox 598 1468 700 1501; x_wconf 87' lang='lat' dir='ltr'><strong><em>meam</em></strong></span> <span class='ocrx_word' id='word_1_79' title='bbox 721 1449 836 1522; x_wconf 80' lang='lat' dir='ltr'><strong><em>aliquid.</em></strong></span> <span class='ocrx_word' id='word_1_80' title='bbox 872 1449 914 1502; x_wconf 78' lang='lat' dir='ltr'><strong><em>Ad</em></strong></span> <span class='ocrx_word' id='word_1_81' title='bbox 932 1468 1001 1521; x_wconf 76' lang='lat' dir='ltr'><strong><em>quae</em></strong></span> <span class='ocrx_word' id='word_1_82' title='bbox 1020 1447 1132 1515; x_wconf 65' lang='lat' dir='ltr'><strong><em>Gernb,</em></strong></span> <span class='ocrx_word' id='word_1_83' title='bbox 1152 1451 1185 1500; x_wconf 86' lang='lat' dir='ltr'><em>M</em></span> <span class='ocrx_word' id='word_1_84' title='bbox 1190 1467 1263 1499; x_wconf 84' lang='lat' dir='ltr'><strong><em>eum</em></strong></span> <span class='ocrx_word' id='word_1_85' title='bbox 1281 1446 1385 1518; x_wconf 71' lang='lat' dir='ltr'><strong><em>aliquid,</em></strong></span> 
     </span>
     <span class='ocr_line' id='line_1_10' title="bbox 338 1533 1386 1612; baseline -0.005 -20"><span class='ocrx_word' id='word_1_86' title='bbox 338 1539 434 1612; x_wconf 87' lang='lat' dir='ltr'><strong><em>inquit,</em></strong></span> <span class='ocrx_word' id='word_1_87' title='bbox 453 1538 523 1591; x_wconf 75' lang='lat' dir='ltr'><strong><em>foret</em></strong></span> <span class='ocrx_word' id='word_1_88' title='bbox 540 1537 658 1609; x_wconf 85' lang='lat' dir='ltr'><strong><em>aliquid,</em></strong></span> <span class='ocrx_word' id='word_1_89' title='bbox 677 1537 749 1609; x_wconf 90' lang='lat' dir='ltr'><strong><em>qnod</em></strong></span> <span class='ocrx_word' id='word_1_90' title='bbox 769 1556 829 1590; x_wconf 88' lang='lat' dir='ltr'><strong><em>rere</em></strong></span> <span class='ocrx_word' id='word_1_91' title='bbox 848 1556 940 1590; x_wconf 87' lang='lat' dir='ltr'>meum</span> <span class='ocrx_word' id='word_1_92' title='bbox 959 1548 1009 1590; x_wconf 83' lang='lat' dir='ltr'><strong><em>est:</em></strong></span> <span class='ocrx_word' id='word_1_93' title='bbox 1030 1555 1174 1588; x_wconf 86' lang='lat' dir='ltr'><strong><em>mearam</em></strong></span> <span class='ocrx_word' id='word_1_94' title='bbox 1192 1535 1303 1607; x_wconf 82' lang='lat' dir='ltr'><strong><em>aliquid</em></strong></span> <span class='ocrx_word' id='word_1_95' title='bbox 1319 1533 1386 1603; x_wconf 78' lang='lat' dir='ltr'><strong><em>cogi·</em></strong></span> 
     </span>
     <span class='ocr_line' id='line_1_11' title="bbox 338 1618 1385 1700; baseline -0.011 -19"><span class='ocrx_word' id='word_1_96' title='bbox 338 1639 394 1681; x_wconf 82' lang='lat' dir='ltr'><strong><em>tare</em></strong></span> <span class='ocrx_word' id='word_1_97' title='bbox 411 1627 484 1680; x_wconf 89' lang='lat' dir='ltr'><strong><em>iubet</em></strong></span> <span class='ocrx_word' id='word_1_98' title='bbox 502 1625 588 1700; x_wconf 71' lang='lat' dir='ltr'><strong><em>plura,</em></strong></span> <span class='ocrx_word' id='word_1_99' title='bbox 608 1625 707 1696; x_wconf 81' lang='lat' dir='ltr'><strong><em>pariter</em></strong></span> <span class='ocrx_word' id='word_1_100' title='bbox 725 1643 800 1692; x_wconf 81' lang='lat' dir='ltr'><strong><em>mea,</em></strong></span> <span class='ocrx_word' id='word_1_101' title='bbox 819 1644 833 1678; x_wconf 87' lang='lat' dir='ltr'><strong><em>e</em></strong></span> <span class='ocrx_word' id='word_1_102' title='bbox 853 1624 951 1696; x_wconf 87' lang='lat' dir='ltr'><strong><em>quibus</em></strong></span> <span class='ocrx_word' id='word_1_103' title='bbox 963 1623 1064 1696; x_wconf 82' lang='lat' dir='ltr'><strong><em>aliquid</em></strong></span> <span class='ocrx_word' id='word_1_104' title='bbox 1081 1633 1215 1677; x_wconf 77' lang='lat' dir='ltr'><strong><em>sumatur:</em></strong></span> <span class='ocrx_word' id='word_1_105' title='bbox 1236 1620 1310 1694; x_wconf 89' lang='lat' dir='ltr'><strong><em>qnod</em></strong></span> <span class='ocrx_word' id='word_1_106' title='bbox 1328 1618 1385 1671; x_wconf 88' lang='lat' dir='ltr'><strong><em>mibi</em></strong></span> 
     </span>
     <span class='ocr_line' id='line_1_12' title="bbox 338 1708 1384 1786; baseline -0.002 -23"><span class='ocrx_word' id='word_1_107' title='bbox 338 1715 442 1769; x_wconf 81' lang='lat' dir='ltr'><strong><em>videtur</em></strong></span> <span class='ocrx_word' id='word_1_108' title='bbox 458 1715 565 1786; x_wconf 80' lang='lat' dir='ltr'><strong><em>gravius</em></strong></span> <span class='ocrx_word' id='word_1_109' title='bbox 581 1725 611 1768; x_wconf 89' lang='lat' dir='ltr'><strong><em>ut</em></strong></span> <span class='ocrx_word' id='word_1_110' title='bbox 628 1713 761 1767; x_wconf 85' lang='lat' dir='ltr'><strong><em>librorum</em></strong></span> <span class='ocrx_word' id='word_1_111' title='bbox 780 1731 914 1766; x_wconf 83' lang='lat' dir='ltr'><strong><em>consensu</em></strong></span> <span class='ocrx_word' id='word_1_112' title='bbox 929 1713 1036 1767; x_wconf 84' lang='lat' dir='ltr'><strong><em>certius.</em></strong></span> <span class='ocrx_word' id='word_1_113' title='bbox 1079 1714 1157 1764; x_wconf 84' lang='lat' dir='ltr'><strong><em>Certe</em></strong></span> <span class='ocrx_word' id='word_1_114' title='bbox 1177 1708 1245 1762; x_wconf 84' lang='lat' dir='ltr'><strong><em>nibil</em></strong></span> <span class='ocrx_word' id='word_1_115' title='bbox 1271 1719 1309 1762; x_wconf 87' lang='lat' dir='ltr'><strong><em>est</em></strong></span> <span class='ocrx_word' id='word_1_116' title='bbox 1327 1727 1384 1762; x_wconf 82' lang='lat' dir='ltr'><strong><em>cnu-</em></strong></span> 
     </span>
     <span class='ocr_line' id='line_1_13' title="bbox 338 1800 897 1874; baseline -0.007 -18"><span class='ocrx_word' id='word_1_117' title='bbox 338 1822 397 1867; x_wconf 87' lang='lat' dir='ltr'><strong><em>sae,</em></strong></span> <span class='ocrx_word' id='word_1_118' title='bbox 417 1822 500 1874; x_wconf 80' lang='lat' dir='ltr'><strong><em>qnare</em></strong></span> <span class='ocrx_word' id='word_1_119' title='bbox 518 1822 534 1856; x_wconf 86' lang='lat' dir='ltr'><strong><em>a</em></strong></span> <span class='ocrx_word' id='word_1_120' title='bbox 552 1801 656 1873; x_wconf 77' lang='lat' dir='ltr'><strong><em>vulgata</em></strong></span> <span class='ocrx_word' id='word_1_121' title='bbox 675 1801 801 1855; x_wconf 78' lang='lat' dir='ltr'><strong><em>discedes.</em></strong></span> <span class='ocrx_word' id='word_1_122' title='bbox 837 1800 868 1852; x_wconf 84' lang='lat' dir='ltr'>M</span> <span class='ocrx_word' id='word_1_123' title='bbox 876 1820 897 1853; x_wconf 89' lang='lat' dir='ltr'><strong><em>r.</em></strong></span> 
     </span>
    </p>

    <p class='ocr_par' dir='ltr' id='par_1_4' title="bbox 338 1884 1405 2471">
     <span class='ocr_line' id='line_1_14' title="bbox 409 1884 1384 1963; baseline -0.013 -19"><span class='ocrx_word' id='word_1_124' title='bbox 409 1892 528 1963; x_wconf 81' lang='lat' dir='ltr'><em>Aliquid</em></span> <span class='ocrx_word' id='word_1_125' title='bbox 545 1910 622 1943; x_wconf 81' lang='lat' dir='ltr'><strong><em>ruere</em></strong></span> <span class='ocrx_word' id='word_1_126' title='bbox 640 1901 692 1942; x_wconf 83' lang='lat' dir='ltr'><strong><em>aut</em></strong></span> <span class='ocrx_word' id='word_1_127' title='bbox 711 1891 863 1961; x_wconf 81' lang='lat' dir='ltr'><strong><em>deflagrare</em></strong></span> <span class='ocrx_word' id='word_1_128' title='bbox 881 1887 1062 1956; x_wconf 82' lang='lat' dir='ltr'><strong><em>arbitrabare]</em></strong></span> <span class='ocrx_word' id='word_1_129' title='bbox 1091 1885 1228 1958; x_wconf 75' lang='lat' dir='ltr'><strong><em>„Aliquid</em></strong></span> <span class='ocrx_word' id='word_1_130' title='bbox 1246 1884 1323 1937; x_wconf 89' lang='lat' dir='ltr'><strong><em>rari</em></strong></span> <span class='ocrx_word' id='word_1_131' title='bbox 1339 1891 1384 1932; x_wconf 87' lang='lat' dir='ltr'><strong><em>nat</em></strong></span> 
     </span>
     <span class='ocr_line' id='line_1_15' title="bbox 338 1969 1384 2050; baseline -0.01 -22"><span class='ocrx_word' id='word_1_132' title='bbox 338 1980 372 2030; x_wconf 86' lang='lat' dir='ltr'><strong><em>in</em></strong></span> <span class='ocrx_word' id='word_1_133' title='bbox 390 1977 470 2030; x_wconf 89' lang='lat' dir='ltr'><strong><em>arbe</em></strong></span> <span class='ocrx_word' id='word_1_134' title='bbox 490 1979 641 2050; x_wconf 82' lang='lat' dir='ltr'><strong><em>deflagrare</em></strong></span> <span class='ocrx_word' id='word_1_135' title='bbox 661 1977 840 2039; x_wconf 80' lang='lat' dir='ltr'><strong><em>arbitrabare,</em></strong></span> <span class='ocrx_word' id='word_1_136' title='bbox 858 1996 939 2030; x_wconf 70' lang='lat' dir='ltr'><strong><em>nnus</em></strong></span> <span class='ocrx_word' id='word_1_137' title='bbox 974 1976 1091 2048; x_wconf 80' lang='lat' dir='ltr'><em>Aliquid</em></span> <span class='ocrx_word' id='word_1_138' title='bbox 1108 1983 1173 2026; x_wconf 86' lang='lat' dir='ltr'><strong><em>aut</em></strong></span> <span class='ocrx_word' id='word_1_139' title='bbox 1193 1990 1286 2036; x_wconf 81' lang='lat' dir='ltr'><strong><em>rare,</em></strong></span> <span class='ocrx_word' id='word_1_140' title='bbox 1303 1969 1384 2022; x_wconf 84' lang='lat' dir='ltr'><strong><em>autin</em></strong></span> 
     </span>
     <span class='ocr_line' id='line_1_16' title="bbox 339 2059 1384 2137; baseline -0.012 -19"><span class='ocrx_word' id='word_1_141' title='bbox 339 2065 403 2118; x_wconf 82' lang='lat' dir='ltr'><strong><em>urbe</em></strong></span> <span class='ocrx_word' id='word_1_142' title='bbox 422 2065 483 2135; x_wconf 79' lang='lat' dir='ltr'><strong><em>dest.</em></strong></span> <span class='ocrx_word' id='word_1_143' title='bbox 501 2064 559 2120; x_wconf 89' lang='lat' dir='ltr'><strong><em>arb.</em></strong></span> <span class='ocrx_word' id='word_1_144' title='bbox 578 2076 639 2133; x_wconf 84' lang='lat' dir='ltr'><strong><em>tres,</em></strong></span> <span class='ocrx_word' id='word_1_145' title='bbox 658 2083 775 2137; x_wconf 86' lang='lat' dir='ltr'><strong><em>quorum</em></strong></span> <span class='ocrx_word' id='word_1_146' title='bbox 794 2083 865 2116; x_wconf 88' lang='lat' dir='ltr'><strong><em>unns</em></strong></span> <span class='ocrx_word' id='word_1_147' title='bbox 883 2083 945 2116; x_wconf 86' lang='lat' dir='ltr'><strong><em>rare</em></strong></span> <span class='ocrx_word' id='word_1_148' title='bbox 964 2074 1015 2115; x_wconf 87' lang='lat' dir='ltr'><strong><em>aat</em></strong></span> <span class='ocrx_word' id='word_1_149' title='bbox 1034 2063 1107 2116; x_wconf 87' lang='lat' dir='ltr'><strong><em>urbe.</em></strong></span> <span class='ocrx_word' id='word_1_150' title='bbox 1126 2089 1162 2102; x_wconf 90' lang='lat'>-</span> <span class='ocrx_word' id='word_1_151' title='bbox 1189 2059 1309 2132; x_wconf 78' lang='lat' dir='ltr'><em>Aliquid</em></span> <span class='ocrx_word' id='word_1_152' title='bbox 1326 2065 1384 2107; x_wconf 86' lang='lat' dir='ltr'><strong><em>ant</em></strong></span> 
     </span>
     <span class='ocr_line' id='line_1_17' title="bbox 338 2145 1385 2226; baseline -0.012 -21"><span class='ocrx_word' id='word_1_153' title='bbox 338 2173 415 2207; x_wconf 82' lang='lat' dir='ltr'><strong><em>raere</em></strong></span> <span class='ocrx_word' id='word_1_154' title='bbox 434 2165 486 2207; x_wconf 83' lang='lat' dir='ltr'><strong><em>ant</em></strong></span> <span class='ocrx_word' id='word_1_155' title='bbox 504 2156 564 2226; x_wconf 79' lang='lat' dir='ltr'><strong><em>defl.</em></strong></span> <span class='ocrx_word' id='word_1_156' title='bbox 583 2153 641 2206; x_wconf 87' lang='lat' dir='ltr'><strong><em>arb.</em></strong></span> <span class='ocrx_word' id='word_1_157' title='bbox 660 2171 765 2219; x_wconf 86' lang='lat' dir='ltr'><strong><em>norem,</em></strong></span> <span class='ocrx_word' id='word_1_158' title='bbox 783 2153 810 2205; x_wconf 89' lang='lat' dir='ltr'><strong><em>in</em></strong></span> <span class='ocrx_word' id='word_1_159' title='bbox 831 2170 948 2224; x_wconf 86' lang='lat' dir='ltr'><strong><em>quornm</em></strong></span> <span class='ocrx_word' id='word_1_160' title='bbox 970 2169 1025 2205; x_wconf 91' lang='lat' dir='ltr'><strong><em>nno</em></strong></span> <span class='ocrx_word' id='word_1_161' title='bbox 1043 2150 1150 2204; x_wconf 73' lang='lat' dir='ltr'><strong><em>adeb-</em></strong></span> <span class='ocrx_word' id='word_1_162' title='bbox 1168 2150 1242 2202; x_wconf 83' lang='lat' dir='ltr'><strong><em>Aut.</em></strong></span> <span class='ocrx_word' id='word_1_163' title='bbox 1260 2145 1298 2199; x_wconf 81' lang='lat' dir='ltr'><strong><em>ai.</em></strong></span> <span class='ocrx_word' id='word_1_164' title='bbox 1315 2159 1385 2195; x_wconf 83' lang='lat' dir='ltr'><strong><em>ruere</em></strong></span> 
     </span>
     <span class='ocr_line' id='line_1_18' title="bbox 338 2229 1385 2314; baseline -0.008 -22"><span class='ocrx_word' id='word_1_165' title='bbox 338 2243 422 2314; x_wconf 82' lang='lat' dir='ltr'><strong><em>atqa‘e</em></strong></span> <span class='ocrx_word' id='word_1_166' title='bbox 440 2243 501 2312; x_wconf 81' lang='lat' dir='ltr'><strong><em>dest.</em></strong></span> <span class='ocrx_word' id='word_1_167' title='bbox 519 2241 575 2294; x_wconf 88' lang='lat' dir='ltr'><strong><em>arb.</em></strong></span> <span class='ocrx_word' id='word_1_168' title='bbox 594 2241 657 2295; x_wconf 91' lang='lat' dir='ltr'><strong><em>dno.</em></strong></span> <span class='ocrx_word' id='word_1_169' title='bbox 692 2240 865 2312; x_wconf 69' lang='lat' dir='ltr'><strong><em>Dastagrari,</em></strong></span> <span class='ocrx_word' id='word_1_170' title='bbox 884 2259 962 2293; x_wconf 88' lang='lat' dir='ltr'><strong><em>unns.</em></strong></span> <span class='ocrx_word' id='word_1_171' title='bbox 991 2241 1170 2310; x_wconf 82' lang='lat' dir='ltr'><strong><em>Deflagrare:</em></strong></span> <span class='ocrx_word' id='word_1_172' title='bbox 1189 2232 1316 2290; x_wconf 75' lang='lat' dir='ltr'><strong><em>absolute.</em></strong></span> <span class='ocrx_word' id='word_1_173' title='bbox 1352 2229 1385 2282; x_wconf 82' lang='lat' dir='ltr'><strong><em>Ut</em></strong></span> 
     </span>
     <span class='ocr_line' id='line_1_19' title="bbox 339 2318 1405 2398; baseline -0.008 -18"><span class='ocrx_word' id='word_1_174' title='bbox 339 2329 421 2382; x_wconf 80' lang='lat' dir='ltr'><strong><em>inira:</em></strong></span> <span class='ocrx_word' id='word_1_175' title='bbox 448 2330 538 2382; x_wconf 82' lang='lat' dir='ltr'><strong><em>Aedes</em></strong></span> <span class='ocrx_word' id='word_1_176' title='bbox 563 2328 751 2398; x_wconf 74' lang='lat' dir='ltr'><strong><em>Nympharum</em></strong></span> <span class='ocrx_word' id='word_1_177' title='bbox 775 2337 826 2377; x_wconf 86' lang='lat' dir='ltr'><strong><em>tua</em></strong></span> <span class='ocrx_word' id='word_1_178' title='bbox 852 2345 933 2378; x_wconf 87' lang='lat' dir='ltr'><strong><em>mann</em></strong></span> <span class='ocrx_word' id='word_1_179' title='bbox 959 2326 1131 2398; x_wconf 68' lang='lat' dir='ltr'><strong><em>deflagravit.</em></strong></span> <span class='ocrx_word' id='word_1_180' title='bbox 1150 2355 1186 2364; x_wconf 96' lang='lat'><em>-</em></span> <span class='ocrx_word' id='word_1_181' title='bbox 1222 2318 1405 2392; x_wconf 73' lang='lat' dir='ltr'><strong><em>Deflagrart&#39;„</em></strong></span> 
     </span>
     <span class='ocr_line' id='line_1_20' title="bbox 339 2415 723 2471; baseline -0.005 -1"><span class='ocrx_word' id='word_1_182' title='bbox 339 2437 409 2471; x_wconf 87' lang='lat' dir='ltr'><strong><em>nnus</em></strong></span> <span class='ocrx_word' id='word_1_183' title='bbox 426 2417 523 2470; x_wconf 82' lang='lat' dir='ltr'><strong><em>male.“</em></strong></span> <span class='ocrx_word' id='word_1_184' title='bbox 558 2415 630 2469; x_wconf 73' lang='lat' dir='ltr'><strong><em>Atd.</em></strong></span> <span class='ocrx_word' id='word_1_185' title='bbox 649 2415 723 2469; x_wconf 79' lang='lat' dir='ltr'><strong><em>Man.</em></strong></span> 
     </span>
    </p>

    <p class='ocr_par' dir='ltr' id='par_1_5' title="bbox 266 2497 1383 4253">
     <span class='ocr_line' id='line_1_21' title="bbox 408 2497 1382 2577; baseline -0.01 -21"><span class='ocrx_word' id='word_1_186' title='bbox 408 2523 484 2557; x_wconf 84' lang='lat' dir='ltr'><strong><em>ruere</em></strong></span> <span class='ocrx_word' id='word_1_187' title='bbox 502 2515 553 2557; x_wconf 81' lang='lat' dir='ltr'><strong><em>aut</em></strong></span> <span class='ocrx_word' id='word_1_188' title='bbox 573 2505 723 2577; x_wconf 78' lang='lat' dir='ltr'><strong><em>deflagrare</em></strong></span> <span class='ocrx_word' id='word_1_189' title='bbox 740 2501 922 2572; x_wconf 78' lang='lat' dir='ltr'><strong><em>arbitrabare]</em></strong></span> <span class='ocrx_word' id='word_1_190' title='bbox 966 2504 1012 2567; x_wconf 82' lang='lat' dir='ltr'><strong><em>„in</em></strong></span> <span class='ocrx_word' id='word_1_191' title='bbox 1032 2501 1194 2575; x_wconf 84' lang='lat' dir='ltr'><strong><em>quibusdam</em></strong></span> <span class='ocrx_word' id='word_1_192' title='bbox 1222 2499 1262 2553; x_wconf 85' lang='lat' dir='ltr'><strong><em>sic</em></strong></span> <span class='ocrx_word' id='word_1_193' title='bbox 1279 2497 1382 2568; x_wconf 82' lang='lat' dir='ltr'><strong><em>legitur:</em></strong></span> 
     </span>
     <span class='ocr_line' id='line_1_22' title="bbox 338 2586 1382 2665; baseline -0.006 -23"><span class='ocrx_word' id='word_1_194' title='bbox 338 2603 388 2644; x_wconf 89' lang='lat' dir='ltr'><strong><em>ant</em></strong></span> <span class='ocrx_word' id='word_1_195' title='bbox 406 2594 441 2644; x_wconf 91' lang='lat' dir='ltr'><strong><em>in</em></strong></span> <span class='ocrx_word' id='word_1_196' title='bbox 459 2593 543 2645; x_wconf 83' lang='lat' dir='ltr'><strong><em>arbe</em></strong></span> <span class='ocrx_word' id='word_1_197' title='bbox 561 2595 713 2665; x_wconf 81' lang='lat' dir='ltr'><strong><em>deflagrare</em></strong></span> <span class='ocrx_word' id='word_1_198' title='bbox 730 2591 910 2648; x_wconf 74' lang='lat' dir='ltr'><strong><em>arbitrabare.</em></strong></span> <span class='ocrx_word' id='word_1_199' title='bbox 946 2591 1063 2646; x_wconf 82' lang='lat' dir='ltr'><strong><em>Sedboc</em></strong></span> <span class='ocrx_word' id='word_1_200' title='bbox 1081 2603 1119 2645; x_wconf 83' lang='lat' dir='ltr'><strong><em>est</em></strong></span> <span class='ocrx_word' id='word_1_201' title='bbox 1132 2586 1340 2661; x_wconf 86' lang='lat' dir='ltr'><strong><em>supposititium,</em></strong></span> <span class='ocrx_word' id='word_1_202' title='bbox 1357 2594 1382 2637; x_wconf 87' lang='lat' dir='ltr'><strong><em>nt</em></strong></span> 
     </span>
     <span class='ocr_line' id='line_1_23' title="bbox 338 2675 1382 2752; baseline -0.008 -21"><span class='ocrx_word' id='word_1_203' title='bbox 338 2680 422 2752; x_wconf 86' lang='lat' dir='ltr'><strong><em>liquet</em></strong></span> <span class='ocrx_word' id='word_1_204' title='bbox 439 2700 468 2732; x_wconf 79' lang='lat' dir='ltr'><strong><em>ex</em></strong></span> <span class='ocrx_word' id='word_1_205' title='bbox 486 2679 630 2736; x_wconf 78' lang='lat' dir='ltr'><strong><em>Plutarcho</em></strong></span> <span class='ocrx_word' id='word_1_206' title='bbox 650 2681 688 2750; x_wconf 90' lang='lat' dir='ltr'><strong><em>[in</em></strong></span> <span class='ocrx_word' id='word_1_207' title='bbox 707 2681 769 2736; x_wconf 79' lang='lat' dir='ltr'><strong><em>Vita</em></strong></span> <span class='ocrx_word' id='word_1_208' title='bbox 795 2681 933 2735; x_wconf 74' lang='lat' dir='ltr'><strong><em>Ciceronis</em></strong></span> <span class='ocrx_word' id='word_1_209' title='bbox 957 2699 980 2735; x_wconf 85' lang='lat' dir='ltr'><strong><em>c.</em></strong></span> <span class='ocrx_word' id='word_1_210' title='bbox 1000 2681 1056 2748; x_wconf 63' lang='grc'><strong><em>31]</em></strong></span> <span class='ocrx_word' id='word_1_211' title='bbox 1108 2677 1212 2741; x_wconf 74' lang='lat' dir='ltr'><strong><em>Villae,</em></strong></span> <span class='ocrx_word' id='word_1_212' title='bbox 1237 2675 1290 2741; x_wconf 80' lang='lat' dir='ltr'><strong><em>ait,</em></strong></span> <span class='ocrx_word' id='word_1_213' title='bbox 1312 2690 1382 2742; x_wconf 80' lang='lat' dir='ltr'><strong><em>prae·</em></strong></span> 
     </span>
     <span class='ocr_line' id='line_1_24' title="bbox 338 2759 1383 2840; baseline -0.006 -22"><span class='ocrx_word' id='word_1_214' title='bbox 338 2778 411 2819; x_wconf 86' lang='lat' dir='ltr'><strong><em>terea</em></strong></span> <span class='ocrx_word' id='word_1_215' title='bbox 429 2769 560 2822; x_wconf 73' lang='lat' dir='ltr'><strong><em>Ciceronis</em></strong></span> <span class='ocrx_word' id='word_1_216' title='bbox 577 2769 696 2821; x_wconf 79' lang='lat' dir='ltr'><strong><em>Gladium</em></strong></span> <span class='ocrx_word' id='word_1_217' title='bbox 719 2769 882 2826; x_wconf 74' lang='lat' dir='ltr'><strong><em>incendisse,</em></strong></span> <span class='ocrx_word' id='word_1_218' title='bbox 907 2787 1002 2840; x_wconf 82' lang='lat' dir='ltr'><strong><em>aegrae</em></strong></span> <span class='ocrx_word' id='word_1_219' title='bbox 1026 2767 1193 2830; x_wconf 70' lang='lat' dir='ltr'><strong><em>vastaris-se,</em></strong></span> <span class='ocrx_word' id='word_1_220' title='bbox 1219 2765 1325 2817; x_wconf 81' lang='lat' dir='ltr'><strong><em>doniam</em></strong></span> <span class='ocrx_word' id='word_1_221' title='bbox 1348 2759 1383 2809; x_wconf 83' lang='lat' dir='ltr'><strong><em>di-</em></strong></span> 
     </span>
     <span class='ocr_line' id='line_1_25' title="bbox 338 2854 1382 2929; baseline -0.006 -23"><span class='ocrx_word' id='word_1_222' title='bbox 338 2859 440 2907; x_wconf 87' lang='lat' dir='ltr'><strong><em>ruisse:</em></strong></span> <span class='ocrx_word' id='word_1_223' title='bbox 458 2867 500 2920; x_wconf 86' lang='lat' dir='ltr'><strong><em>et,</em></strong></span> <span class='ocrx_word' id='word_1_224' title='bbox 517 2876 570 2929; x_wconf 80' lang='lat' dir='ltr'><strong><em>quo</em></strong></span> <span class='ocrx_word' id='word_1_225' title='bbox 587 2857 674 2909; x_wconf 82' lang='lat' dir='ltr'><strong><em>solum</em></strong></span> <span class='ocrx_word' id='word_1_226' title='bbox 692 2875 796 2929; x_wconf 85' lang='lat' dir='ltr'><strong><em>qnoque</em></strong></span> <span class='ocrx_word' id='word_1_227' title='bbox 815 2858 948 2928; x_wconf 81' lang='lat' dir='ltr'><strong><em>auferret,</em></strong></span> <span class='ocrx_word' id='word_1_228' title='bbox 958 2856 1092 2927; x_wconf 70' lang='lat' dir='ltr'><strong><em>&#39;ternplum</em></strong></span> <span class='ocrx_word' id='word_1_229' title='bbox 1112 2854 1264 2909; x_wconf 68' lang='lat' dir='ltr'><strong><em>Libertatis</em></strong></span> <span class='ocrx_word' id='word_1_230' title='bbox 1281 2854 1311 2904; x_wconf 92' lang='lat' dir='ltr'><strong><em>in</em></strong></span> <span class='ocrx_word' id='word_1_231' title='bbox 1326 2865 1382 2901; x_wconf 82' lang='lat' dir='ltr'><strong><em>area</em></strong></span> 
     </span>
     <span class='ocr_line' id='line_1_26' title="bbox 339 2936 1382 3012; baseline -0.003 -21"><span class='ocrx_word' id='word_1_232' title='bbox 339 2943 515 3005; x_wconf 74' lang='lat' dir='ltr'><strong><em>dedicavisse,</em></strong></span> <span class='ocrx_word' id='word_1_233' title='bbox 541 2943 778 3012; x_wconf 73' lang='lat' dir='ltr'><strong><em>supellectilem!</em></strong></span> <span class='ocrx_word' id='word_1_234' title='bbox 804 2953 894 2995; x_wconf 82' lang='lat' dir='ltr'><strong><em>cetera</em></strong></span> <span class='ocrx_word' id='word_1_235' title='bbox 920 2946 1018 2997; x_wconf 83' lang='lat' dir='ltr'><strong><em>bastae</em></strong></span> <span class='ocrx_word' id='word_1_236' title='bbox 1045 2944 1203 3008; x_wconf 81' lang='lat' dir='ltr'><strong><em>subiecisse,</em></strong></span> <span class='ocrx_word' id='word_1_237' title='bbox 1229 2953 1258 2993; x_wconf 87' lang='lat' dir='ltr'><strong><em>et</em></strong></span> <span class='ocrx_word' id='word_1_238' title='bbox 1276 2936 1382 3009; x_wconf 80' lang='lat' dir='ltr'><strong><em>singulis</em></strong></span> 
     </span>
     <span class='ocr_line' id='line_1_27' title="bbox 339 3029 1381 3104; baseline -0.003 -26"><span class='ocrx_word' id='word_1_239' title='bbox 339 3029 432 3081; x_wconf 79' lang='lat' dir='ltr'><strong><em>diebus</em></strong></span> <span class='ocrx_word' id='word_1_240' title='bbox 445 3029 642 3098; x_wconf 75' lang='lat' dir='ltr'><strong><em>proclamasse,</em></strong></span> <span class='ocrx_word' id='word_1_241' title='bbox 670 3049 783 3102; x_wconf 85' lang='lat' dir='ltr'><strong><em>quorum</em></strong></span> <span class='ocrx_word' id='word_1_242' title='bbox 805 3040 897 3084; x_wconf 81' lang='lat' dir='ltr'><strong><em>tamen</em></strong></span> <span class='ocrx_word' id='word_1_243' title='bbox 920 3051 1060 3104; x_wconf 84' lang='lat' dir='ltr'><strong><em>nunquam</em></strong></span> <span class='ocrx_word' id='word_1_244' title='bbox 1079 3041 1203 3101; x_wconf 84' lang='lat' dir='ltr'><strong><em>repertus</em></strong></span> <span class='ocrx_word' id='word_1_245' title='bbox 1226 3029 1265 3082; x_wconf 85' lang='lat' dir='ltr'><strong><em>sit</em></strong></span> <span class='ocrx_word' id='word_1_246' title='bbox 1282 3036 1381 3096; x_wconf 78' lang='lat' dir='ltr'><strong><em>emptor.</em></strong></span> 
     </span>
     <span class='ocr_line' id='line_1_28' title="bbox 339 3108 1379 3189; baseline -0.001 -22"><span class='ocrx_word' id='word_1_247' title='bbox 339 3116 407 3167; x_wconf 83' lang='lat' dir='ltr'><strong><em>Nam</em></strong></span> <span class='ocrx_word' id='word_1_248' title='bbox 424 3115 445 3166; x_wconf 88' lang='lat' dir='ltr'><strong><em>si</em></strong></span> <span class='ocrx_word' id='word_1_249' title='bbox 464 3113 523 3167; x_wconf 71' lang='lat' dir='ltr'><strong><em>vitta</em></strong></span> <span class='ocrx_word' id='word_1_250' title='bbox 542 3115 573 3167; x_wconf 81' lang='lat' dir='ltr'><strong><em>L.</em></strong></span> <span class='ocrx_word' id='word_1_251' title='bbox 590 3115 680 3186; x_wconf 76' lang='lat' dir='ltr'><strong><em>Syllae</em></strong></span> <span class='ocrx_word' id='word_1_252' title='bbox 709 3116 862 3183; x_wconf 79' lang='lat' dir='ltr'><strong><em>dictatoris,</em></strong></span> <span class='ocrx_word' id='word_1_253' title='bbox 892 3137 973 3189; x_wconf 85' lang='lat' dir='ltr'><strong><em>qnam</em></strong></span> <span class='ocrx_word' id='word_1_254' title='bbox 999 3120 1027 3172; x_wconf 90' lang='lat' dir='ltr'><strong><em>in</em></strong></span> <span class='ocrx_word' id='word_1_255' title='bbox 1056 3116 1212 3172; x_wconf 79' lang='lat' dir='ltr'><strong><em>Tusculano</em></strong></span> <span class='ocrx_word' id='word_1_256' title='bbox 1236 3115 1340 3168; x_wconf 82' lang='lat' dir='ltr'><strong><em>babuit:</em></strong></span> <span class='ocrx_word' id='word_1_257' title='bbox 1363 3108 1379 3161; x_wconf 71' lang='lat' dir='ltr'><strong><em>si</em></strong></span> 
     </span>
     <span class='ocr_line' id='line_1_29' title="bbox 266 3202 1380 3280; baseline 0.003 -26"><span class='ocrx_word' id='word_1_258' title='bbox 266 3271 270 3276; x_wconf 28' lang='grc' dir='ltr'>Ι</span> <span class='ocrx_word' id='word_1_259' title='bbox 339 3202 405 3255; x_wconf 76' lang='lat' dir='ltr'><strong><em>aliae</em></strong></span> <span class='ocrx_word' id='word_1_260' title='bbox 424 3202 501 3269; x_wconf 83' lang='lat' dir='ltr'><strong><em>item,</em></strong></span> <span class='ocrx_word' id='word_1_261' title='bbox 520 3222 590 3275; x_wconf 86' lang='lat' dir='ltr'><strong><em>quae</em></strong></span> <span class='ocrx_word' id='word_1_262' title='bbox 607 3205 655 3277; x_wconf 85' lang='lat' dir='ltr'><strong><em>ipsi</em></strong></span> <span class='ocrx_word' id='word_1_263' title='bbox 676 3205 785 3260; x_wconf 79' lang='lat' dir='ltr'><strong><em>fuerunt</em></strong></span> <span class='ocrx_word' id='word_1_264' title='bbox 802 3206 829 3259; x_wconf 87' lang='lat' dir='ltr'><strong><em>in</em></strong></span> <span class='ocrx_word' id='word_1_265' title='bbox 847 3207 1016 3280; x_wconf 81' lang='lat' dir='ltr'><strong><em>Pompeiano</em></strong></span> <span class='ocrx_word' id='word_1_266' title='bbox 1035 3219 1062 3261; x_wconf 90' lang='lat' dir='ltr'><strong><em>et</em></strong></span> <span class='ocrx_word' id='word_1_267' title='bbox 1078 3206 1239 3270; x_wconf 80' lang='lat' dir='ltr'><strong><em>Formiano,</em></strong></span> <span class='ocrx_word' id='word_1_268' title='bbox 1260 3203 1380 3272; x_wconf 71' lang='lat' dir='ltr'><strong><em>deflagra-</em></strong></span> 
     </span>
     <span class='ocr_line' id='line_1_30' title="bbox 340 3287 1379 3368; baseline -0.002 -26"><span class='ocrx_word' id='word_1_269' title='bbox 340 3301 414 3344; x_wconf 87' lang='lat' dir='ltr'><strong><em>runt:</em></strong></span> <span class='ocrx_word' id='word_1_270' title='bbox 433 3310 483 3344; x_wconf 90' lang='lat' dir='ltr'><strong><em>cur</em></strong></span> <span class='ocrx_word' id='word_1_271' title='bbox 498 3292 528 3344; x_wconf 90' lang='lat' dir='ltr'><strong><em>in</em></strong></span> <span class='ocrx_word' id='word_1_272' title='bbox 538 3293 608 3345; x_wconf 85' lang='lat' dir='ltr'><strong><em>&#39;arba</em></strong></span> <span class='ocrx_word' id='word_1_273' title='bbox 627 3293 779 3361; x_wconf 78' lang='lat' dir='ltr'><strong><em>adiecisset,</em></strong></span> <span class='ocrx_word' id='word_1_274' title='bbox 799 3295 873 3366; x_wconf 83' lang='lat' dir='ltr'><strong><em>qnasi</em></strong></span> <span class='ocrx_word' id='word_1_275' title='bbox 892 3295 956 3349; x_wconf 82' lang='lat' dir='ltr'><strong><em>nihii</em></strong></span> <span class='ocrx_word' id='word_1_276' title='bbox 976 3298 999 3350; x_wconf 85' lang='lat' dir='ltr'><strong><em>ei</em></strong></span> <span class='ocrx_word' id='word_1_277' title='bbox 1019 3298 1077 3349; x_wconf 86' lang='lat' dir='ltr'><strong><em>ruri</em></strong></span> <span class='ocrx_word' id='word_1_278' title='bbox 1093 3295 1213 3368; x_wconf 87' lang='lat' dir='ltr'><strong><em>periisset</em></strong></span> <span class='ocrx_word' id='word_1_279' title='bbox 1230 3287 1379 3346; x_wconf 82' lang='lat' dir='ltr'><strong><em>incendio?“</em></strong></span> 
     </span>
     <span class='ocr_line' id='line_1_31' title="bbox 340 3377 1380 3439; baseline 0.003 -8"><span class='ocrx_word' id='word_1_280' title='bbox 340 3379 537 3435; x_wconf 77' lang='lat' dir='ltr'><strong><em>Morisotns</em></strong></span> <span class='ocrx_word' id='word_1_281' title='bbox 581 3382 648 3436; x_wconf 84' lang='lat' dir='ltr'><strong><em>tttud</em></strong></span> <span class='ocrx_word' id='word_1_282' title='bbox 672 3383 701 3436; x_wconf 88' lang='lat' dir='ltr'><strong><em>in</em></strong></span> <span class='ocrx_word' id='word_1_283' title='bbox 726 3384 790 3436; x_wconf 87' lang='lat' dir='ltr'><strong><em>urbe</em></strong></span> <span class='ocrx_word' id='word_1_284' title='bbox 817 3405 833 3438; x_wconf 85' lang='lat' dir='ltr'><strong><em>c</em></strong></span> <span class='ocrx_word' id='word_1_285' title='bbox 853 3385 925 3438; x_wconf 81' lang='lat' dir='ltr'><strong><em>nulla</em></strong></span> <span class='ocrx_word' id='word_1_286' title='bbox 950 3386 1031 3439; x_wconf 83' lang='lat' dir='ltr'><strong>Edin.</strong></span> <span class='ocrx_word' id='word_1_287' title='bbox 1056 3397 1175 3438; x_wconf 80' lang='lat' dir='ltr'><strong><em>veterum</em></strong></span> <span class='ocrx_word' id='word_1_288' title='bbox 1205 3383 1321 3438; x_wconf 81' lang='lat' dir='ltr'><strong><em>enotavit</em></strong></span> <span class='ocrx_word' id='word_1_289' title='bbox 1337 3377 1380 3431; x_wconf 75' lang='lat' dir='ltr'><strong><em>Or·</em></strong></span> 
     </span>
     <span class='ocr_line' id='line_1_32' title="bbox 339 3467 1381 3545; baseline 0.001 -25"><span class='ocrx_word' id='word_1_290' title='bbox 339 3467 384 3522; x_wconf 87' lang='lat' dir='ltr'><strong><em>Est</em></strong></span> <span class='ocrx_word' id='word_1_291' title='bbox 402 3479 492 3523; x_wconf 80' lang='lat' dir='ltr'><strong><em>tomen</em></strong></span> <span class='ocrx_word' id='word_1_292' title='bbox 510 3471 538 3524; x_wconf 90' lang='lat' dir='ltr'><strong><em>in</em></strong></span> <span class='ocrx_word' id='word_1_293' title='bbox 557 3473 654 3526; x_wconf 83' lang='lat' dir='ltr'><strong><em>nostris</em></strong></span> <span class='ocrx_word' id='word_1_294' title='bbox 670 3473 737 3528; x_wconf 81' lang='lat' dir='ltr'><strong><em>Dav.</em></strong></span> <span class='ocrx_word' id='word_1_295' title='bbox 758 3473 837 3529; x_wconf 84' lang='lat' dir='ltr'>Hdlh.</span> <span class='ocrx_word' id='word_1_296' title='bbox 858 3475 892 3545; x_wconf 84' lang='lat' dir='ltr'><strong><em>(s.</em></strong></span> <span class='ocrx_word' id='word_1_297' title='bbox 910 3476 928 3528; x_wconf 90' lang='grc'><strong><em>1.</em></strong></span> <span class='ocrx_word' id='word_1_298' title='bbox 948 3486 974 3528; x_wconf 85' lang='lat' dir='ltr'><strong><em>et</em></strong></span> <span class='ocrx_word' id='word_1_299' title='bbox 990 3476 1028 3543; x_wconf 83' lang='lat' dir='ltr'><strong><em>a.)</em></strong></span> <span class='ocrx_word' id='word_1_300' title='bbox 1052 3472 1117 3544; x_wconf 73' lang='lat' dir='ltr'><strong><em>Arg.</em></strong></span> <span class='ocrx_word' id='word_1_301' title='bbox 1136 3471 1381 3526; x_wconf 65' lang='lat' dir='ltr'><strong><em>Pannonian.</em></strong></span> 
     </span>
     <span class='ocr_line' id='line_1_33' title="bbox 340 3556 1379 3636; baseline 0 -26"><span class='ocrx_word' id='word_1_302' title='bbox 340 3558 408 3610; x_wconf 89' lang='lat' dir='ltr'><strong><em>Ven.</em></strong></span> <span class='ocrx_word' id='word_1_303' title='bbox 428 3561 507 3613; x_wconf 77' lang='lat'><strong>14⁹2.</strong></span> <span class='ocrx_word' id='word_1_304' title='bbox 526 3563 605 3616; x_wconf 80' lang='grc'><strong>1514.</strong></span> <span class='ocrx_word' id='word_1_305' title='bbox 622 3561 712 3614; x_wconf 84' lang='lat' dir='ltr'><strong><em>Herw.</em></strong></span> <span class='ocrx_word' id='word_1_306' title='bbox 731 3561 838 3617; x_wconf 80' lang='lat' dir='ltr'><strong><em>Camer.</em></strong></span> <span class='ocrx_word' id='word_1_307' title='bbox 881 3563 948 3616; x_wconf 82' lang='lat' dir='ltr'><strong><em>Mihi</em></strong></span> <span class='ocrx_word' id='word_1_308' title='bbox 967 3563 1076 3636; x_wconf 88' lang='lat' dir='ltr'>quidem</span> <span class='ocrx_word' id='word_1_309' title='bbox 1095 3579 1188 3613; x_wconf 85' lang='lat' dir='ltr'><strong><em>rerum</em></strong></span> <span class='ocrx_word' id='word_1_310' title='bbox 1208 3561 1302 3614; x_wconf 77' lang='lat' dir='ltr'><strong><em>vidisse</em></strong></span> <span class='ocrx_word' id='word_1_311' title='bbox 1318 3556 1379 3610; x_wconf 79' lang='lat' dir='ltr'><strong><em>vibe-</em></strong></span> 
     </span>
     <span class='ocr_line' id='line_1_34' title="bbox 339 3643 1379 3720; baseline -0.004 -23"><span class='ocrx_word' id='word_1_312' title='bbox 339 3656 382 3697; x_wconf 89' lang='lat' dir='ltr'><strong><em>tnr</em></strong></span> <span class='ocrx_word' id='word_1_313' title='bbox 400 3646 516 3714; x_wconf 88' lang='lat' dir='ltr'><strong><em>Gernh.,</em></strong></span> <span class='ocrx_word' id='word_1_314' title='bbox 536 3649 581 3720; x_wconf 89' lang='lat' dir='ltr'><strong><em>qui</em></strong></span> <span class='ocrx_word' id='word_1_315' title='bbox 600 3650 812 3702; x_wconf 81' lang='lat' dir='ltr'><strong><em>additamentum</em></strong></span> <span class='ocrx_word' id='word_1_316' title='bbox 837 3649 903 3703; x_wconf 84' lang='lat' dir='ltr'><strong><em>iliud</em></strong></span> <span class='ocrx_word' id='word_1_317' title='bbox 928 3653 956 3703; x_wconf 91' lang='lat' dir='ltr'><strong><em>in</em></strong></span> <span class='ocrx_word' id='word_1_318' title='bbox 982 3651 1047 3702; x_wconf 85' lang='lat' dir='ltr'><strong><em>urbe</em></strong></span> <span class='ocrx_word' id='word_1_319' title='bbox 1075 3650 1139 3703; x_wconf 86' lang='lat' dir='ltr'><strong><em>inde</em></strong></span> <span class='ocrx_word' id='word_1_320' title='bbox 1162 3659 1255 3702; x_wconf 89' lang='lat' dir='ltr'><strong><em>ortum</em></strong></span> <span class='ocrx_word' id='word_1_321' title='bbox 1281 3643 1379 3703; x_wconf 83' lang='lat' dir='ltr'><strong><em>censuit,</em></strong></span> 
     </span>
     <span class='ocr_line' id='line_1_35' title="bbox 339 3729 1380 3812; baseline 0 -28"><span class='ocrx_word' id='word_1_322' title='bbox 339 3734 411 3803; x_wconf 88' lang='lat' dir='ltr'><strong><em>qnod</em></strong></span> <span class='ocrx_word' id='word_1_323' title='bbox 430 3734 591 3806; x_wconf 79' lang='lat' dir='ltr'><strong><em>aliquando,</em></strong></span> <span class='ocrx_word' id='word_1_324' title='bbox 617 3749 645 3791; x_wconf 87' lang='lat' dir='ltr'><strong><em>nt</em></strong></span> <span class='ocrx_word' id='word_1_325' title='bbox 666 3757 695 3790; x_wconf 86' lang='lat' dir='ltr'><strong><em>re</em></strong></span> <span class='ocrx_word' id='word_1_326' title='bbox 720 3758 779 3791; x_wconf 79' lang='lat' dir='ltr'><strong><em>vera</em></strong></span> <span class='ocrx_word' id='word_1_327' title='bbox 806 3738 959 3809; x_wconf 80' lang='lat' dir='ltr'><strong><em>legebatur,</em></strong></span> <span class='ocrx_word' id='word_1_328' title='bbox 988 3759 1038 3812; x_wconf 88' lang='lat' dir='ltr'><strong><em>pro</em></strong></span> <span class='ocrx_word' id='word_1_329' title='bbox 1064 3757 1141 3790; x_wconf 87' lang='lat' dir='ltr'><strong><em>ruere</em></strong></span> <span class='ocrx_word' id='word_1_330' title='bbox 1165 3736 1265 3807; x_wconf 81' lang='lat' dir='ltr'><strong><em>aliquis</em></strong></span> <span class='ocrx_word' id='word_1_331' title='bbox 1290 3729 1380 3802; x_wconf 76' lang='lat' dir='ltr'><strong><em>scripsit</em></strong></span> 
     </span>
     <span class='ocr_line' id='line_1_36' title="bbox 338 3820 1378 3894; baseline -0.003 -23"><span class='ocrx_word' id='word_1_332' title='bbox 338 3820 412 3884; x_wconf 86' lang='lat' dir='ltr'><strong><em>rari,</em></strong></span> <span class='ocrx_word' id='word_1_333' title='bbox 431 3821 502 3872; x_wconf 88' lang='lat' dir='ltr'><strong><em>unde</em></strong></span> <span class='ocrx_word' id='word_1_334' title='bbox 521 3823 638 3893; x_wconf 84' lang='lat' dir='ltr'><strong><em>proclive</em></strong></span> <span class='ocrx_word' id='word_1_335' title='bbox 657 3825 706 3878; x_wconf 77' lang='lat' dir='ltr'><strong><em>init</em></strong></span> <span class='ocrx_word' id='word_1_336' title='bbox 724 3825 821 3879; x_wconf 77' lang='lat' dir='ltr'><strong><em>addere</em></strong></span> <span class='ocrx_word' id='word_1_337' title='bbox 839 3839 890 3878; x_wconf 83' lang='lat' dir='ltr'><strong><em>aut</em></strong></span> <span class='ocrx_word' id='word_1_338' title='bbox 909 3830 938 3880; x_wconf 90' lang='lat' dir='ltr'><strong><em>in</em></strong></span> <span class='ocrx_word' id='word_1_339' title='bbox 950 3829 1022 3894; x_wconf 87' lang='lat' dir='ltr'><strong><em>arbe,</em></strong></span> <span class='ocrx_word' id='word_1_340' title='bbox 1042 3846 1104 3880; x_wconf 86' lang='lat' dir='ltr'><strong><em>cnm</em></strong></span> <span class='ocrx_word' id='word_1_341' title='bbox 1115 3824 1258 3879; x_wconf 86' lang='lat' dir='ltr'><strong><em>Ciceronis</em></strong></span> <span class='ocrx_word' id='word_1_342' title='bbox 1271 3823 1378 3876; x_wconf 88' lang='lat' dir='ltr'><strong><em>domum,</em></strong></span> 
     </span>
     <span class='ocr_line' id='line_1_37' title="bbox 339 3908 1379 3987; baseline 0.005 -27"><span class='ocrx_word' id='word_1_343' title='bbox 339 3926 418 3978; x_wconf 84' lang='lat' dir='ltr'><strong><em>quam</em></strong></span> <span class='ocrx_word' id='word_1_344' title='bbox 445 3908 558 3964; x_wconf 79' lang='lat' dir='ltr'><strong><em>babebat</em></strong></span> <span class='ocrx_word' id='word_1_345' title='bbox 585 3911 612 3964; x_wconf 92' lang='lat' dir='ltr'><strong><em>in</em></strong></span> <span class='ocrx_word' id='word_1_346' title='bbox 638 3912 722 3979; x_wconf 87' lang='lat' dir='ltr'><strong><em>urbe,</em></strong></span> <span class='ocrx_word' id='word_1_347' title='bbox 758 3913 848 3985; x_wconf 88' lang='lat' dir='ltr'><strong><em>plnres</em></strong></span> <span class='ocrx_word' id='word_1_348' title='bbox 874 3915 1032 3987; x_wconf 85' lang='lat' dir='ltr'><strong><em>interpretes</em></strong></span> <span class='ocrx_word' id='word_1_349' title='bbox 1054 3917 1154 3969; x_wconf 86' lang='lat' dir='ltr'><strong><em>scirent</em></strong></span> <span class='ocrx_word' id='word_1_350' title='bbox 1182 3933 1238 3967; x_wconf 83' lang='lat' dir='ltr'><strong><em>esse</em></strong></span> <span class='ocrx_word' id='word_1_351' title='bbox 1266 3912 1379 3965; x_wconf 75' lang='lat' dir='ltr'><strong><em>dirutam.</em></strong></span> 
     </span>
     <span class='ocr_line' id='line_1_38' title="bbox 338 3997 1379 4074; baseline -0.004 -26"><span class='ocrx_word' id='word_1_352' title='bbox 338 4016 418 4069; x_wconf 80' lang='lat' dir='ltr'><strong><em>qnam</em></strong></span> <span class='ocrx_word' id='word_1_353' title='bbox 438 3997 518 4052; x_wconf 82' lang='lat' dir='ltr'><strong><em>villas.</em></strong></span> <span class='ocrx_word' id='word_1_354' title='bbox 554 3999 614 4051; x_wconf 90' lang='lat' dir='ltr'><strong><em>Vid.</em></strong></span> <span class='ocrx_word' id='word_1_355' title='bbox 633 4013 724 4055; x_wconf 83' lang='lat' dir='ltr'><strong><em>annot.</em></strong></span> <span class='ocrx_word' id='word_1_356' title='bbox 743 4001 803 4055; x_wconf 79' lang='lat' dir='ltr'><strong><em>Aidi</em></strong></span> <span class='ocrx_word' id='word_1_357' title='bbox 822 4003 896 4057; x_wconf 82' lang='lat' dir='ltr'><strong><em>Man.</em></strong></span> <span class='ocrx_word' id='word_1_358' title='bbox 917 4035 951 4044; x_wconf 93' lang='lat'><em>-</em></span> <span class='ocrx_word' id='word_1_359' title='bbox 969 4008 1094 4058; x_wconf 86' lang='lat' dir='ltr'><strong><em>Ceterum</em></strong></span> <span class='ocrx_word' id='word_1_360' title='bbox 1114 4002 1213 4074; x_wconf 80' lang='lat' dir='ltr'><strong><em>legitur</em></strong></span> <span class='ocrx_word' id='word_1_361' title='bbox 1230 4010 1296 4052; x_wconf 82' lang='lat' dir='ltr'><strong><em>aas</em></strong></span> <span class='ocrx_word' id='word_1_362' title='bbox 1313 4010 1379 4050; x_wconf 77' lang='lat' dir='ltr'><strong><em>ruera</em></strong></span> 
     </span>
     <span class='ocr_line' id='line_1_39' title="bbox 336 4081 1378 4152; baseline -0.001 -14"><span class='ocrx_word' id='word_1_363' title='bbox 336 4087 364 4138; x_wconf 92' lang='lat' dir='ltr'><strong><em>in</em></strong></span> <span class='ocrx_word' id='word_1_364' title='bbox 383 4085 631 4152; x_wconf 76' lang='lat' dir='ltr'><strong><em>Dnd.t.a01.1.;</em></strong></span> <span class='ocrx_word' id='word_1_365' title='bbox 645 4088 695 4142; x_wconf 83' lang='lat' dir='ltr'><strong><em>Ox.</em></strong></span> <span class='ocrx_word' id='word_1_366' title='bbox 707 4089 741 4144; x_wconf 89' lang='lat' dir='ltr'><strong><em>U.</em></strong></span> <span class='ocrx_word' id='word_1_367' title='bbox 759 4091 837 4146; x_wconf 82' lang='lat' dir='ltr'><strong><em>babet</em></strong></span> <span class='ocrx_word' id='word_1_368' title='bbox 854 4096 933 4148; x_wconf 79' lang='lat' dir='ltr'><strong><em>etiam</em></strong></span> <span class='ocrx_word' id='word_1_369' title='bbox 952 4094 1016 4146; x_wconf 84' lang='lat' dir='ltr'><strong><em>ittud</em></strong></span> <span class='ocrx_word' id='word_1_370' title='bbox 1037 4092 1251 4146; x_wconf 79' lang='lat' dir='ltr'><strong><em>additamentum</em></strong></span> <span class='ocrx_word' id='word_1_371' title='bbox 1270 4090 1298 4141; x_wconf 90' lang='lat' dir='ltr'><strong><em>in</em></strong></span> <span class='ocrx_word' id='word_1_372' title='bbox 1316 4081 1378 4137; x_wconf 74' lang='lat' dir='ltr'><strong><em>arbe·</em></strong></span> 
     </span>
     <span class='ocr_line' id='line_1_40' title="bbox 337 4173 1343 4253; baseline 0.002 -27"><span class='ocrx_word' id='word_1_373' title='bbox 337 4173 403 4228; x_wconf 75' lang='lat' dir='ltr'><strong><em>Cori.</em></strong></span> <span class='ocrx_word' id='word_1_374' title='bbox 422 4174 481 4228; x_wconf 84' lang='lat' dir='ltr'><strong><em>Cra.</em></strong></span> <span class='ocrx_word' id='word_1_375' title='bbox 500 4181 525 4229; x_wconf 81' lang='lat'><strong><em>2.</em></strong></span> <span class='ocrx_word' id='word_1_376' title='bbox 544 4188 571 4231; x_wconf 87' lang='lat' dir='ltr'><strong><em>et</em></strong></span> <span class='ocrx_word' id='word_1_377' title='bbox 588 4177 667 4231; x_wconf 80' lang='lat' dir='ltr'><strong><em>Drsd.</em></strong></span> <span class='ocrx_word' id='word_1_378' title='bbox 685 4183 711 4233; x_wconf 85' lang='grc'><strong>5.</strong></span> <span class='ocrx_word' id='word_1_379' title='bbox 729 4179 828 4235; x_wconf 85' lang='lat' dir='ltr'><strong><em>habent</em></strong></span> <span class='ocrx_word' id='word_1_380' title='bbox 846 4181 982 4234; x_wconf 85' lang='lat' dir='ltr'><strong><em>arbitrare</em></strong></span> <span class='ocrx_word' id='word_1_381' title='bbox 1002 4201 1051 4253; x_wconf 91' lang='lat' dir='ltr'><strong><em>pro</em></strong></span> <span class='ocrx_word' id='word_1_382' title='bbox 1070 4178 1250 4232; x_wconf 81' lang='lat' dir='ltr'><strong><em>arbitrabare.</em></strong></span> <span class='ocrx_word' id='word_1_383' title='bbox 1288 4174 1343 4228; x_wconf 76' lang='lat' dir='ltr'><strong><em>Mt·</em></strong></span> 
     </span>
    </p>

    <p class='ocr_par' dir='ltr' id='par_1_6' title="bbox 336 4258 1378 4521">
     <span class='ocr_line' id='line_1_41' title="bbox 408 4258 1378 4342; baseline -0.001 -28"><span class='ocrx_word' id='word_1_384' title='bbox 408 4265 487 4316; x_wconf 78' lang='lat' dir='ltr'><em>Nihil</em></span> <span class='ocrx_word' id='word_1_385' title='bbox 502 4265 571 4317; x_wconf 86' lang='lat' dir='ltr'><strong><em>enim</em></strong></span> <span class='ocrx_word' id='word_1_386' title='bbox 588 4285 673 4319; x_wconf 75' lang='lat' dir='ltr'><strong><em>menen</em></strong></span> <span class='ocrx_word' id='word_1_387' title='bbox 689 4271 758 4338; x_wconf 85' lang='lat' dir='ltr'><strong><em>est‚]</em></strong></span> <span class='ocrx_word' id='word_1_388' title='bbox 776 4269 977 4342; x_wconf 79' lang='lat' dir='ltr'><strong><em>„Erempiaria,</em></strong></span> <span class='ocrx_word' id='word_1_389' title='bbox 1004 4289 1071 4341; x_wconf 81' lang='lat' dir='ltr'><strong><em>qnae</em></strong></span> <span class='ocrx_word' id='word_1_390' title='bbox 1091 4290 1120 4321; x_wconf 80' lang='lat' dir='ltr'><strong><em>er</em></strong></span> <span class='ocrx_word' id='word_1_391' title='bbox 1139 4267 1250 4322; x_wconf 79' lang='lat' dir='ltr'><strong><em>officina</em></strong></span> <span class='ocrx_word' id='word_1_392' title='bbox 1272 4258 1378 4319; x_wconf 72' lang='lat' dir='ltr'><strong><em>Simonis</em></strong></span> 
     </span>
     <span class='ocr_line' id='line_1_42' title="bbox 337 4350 1377 4433; baseline 0.002 -31"><span class='ocrx_word' id='word_1_393' title='bbox 337 4350 456 4405; x_wconf 83' lang='lat' dir='ltr'><strong><em>Colinaei</em></strong></span> <span class='ocrx_word' id='word_1_394' title='bbox 476 4353 647 4424; x_wconf 87' lang='lat' dir='ltr'><strong><em>prodierunt,</em></strong></span> <span class='ocrx_word' id='word_1_395' title='bbox 674 4356 774 4412; x_wconf 84' lang='lat' dir='ltr'><strong><em>babent</em></strong></span> <span class='ocrx_word' id='word_1_396' title='bbox 790 4361 870 4411; x_wconf 77' lang='lat' dir='ltr'><em>Nihil</em></span> <span class='ocrx_word' id='word_1_397' title='bbox 887 4379 994 4433; x_wconf 84' lang='lat' dir='ltr'><strong><em>neque</em></strong></span> <span class='ocrx_word' id='word_1_398' title='bbox 1013 4378 1099 4410; x_wconf 86' lang='lat' dir='ltr'><strong><em>meurn</em></strong></span> <span class='ocrx_word' id='word_1_399' title='bbox 1116 4366 1167 4411; x_wconf 90' lang='lat' dir='ltr'><strong><em>est.</em></strong></span> <span class='ocrx_word' id='word_1_400' title='bbox 1217 4355 1273 4408; x_wconf 89' lang='lat' dir='ltr'><strong><em>Nos</em></strong></span> <span class='ocrx_word' id='word_1_401' title='bbox 1299 4364 1377 4406; x_wconf 79' lang='lat' dir='ltr'><strong><em>tamen</em></strong></span> 
     </span>
     <span class='ocr_line' id='line_1_43' title="bbox 336 4436 1378 4521; baseline 0.003 -32"><span class='ocrx_word' id='word_1_402' title='bbox 336 4439 417 4490; x_wconf 83' lang='lat' dir='ltr'><strong><em>secuti</em></strong></span> <span class='ocrx_word' id='word_1_403' title='bbox 437 4458 527 4493; x_wconf 82' lang='lat' dir='ltr'><strong><em>snmus</em></strong></span> <span class='ocrx_word' id='word_1_404' title='bbox 546 4445 708 4498; x_wconf 80' lang='lat' dir='ltr'><strong><em>vetustissimi</em></strong></span> <span class='ocrx_word' id='word_1_405' title='bbox 728 4446 864 4500; x_wconf 83' lang='lat' dir='ltr'><strong><em>cuiusdam</em></strong></span> <span class='ocrx_word' id='word_1_406' title='bbox 885 4447 1041 4521; x_wconf 76' lang='lat' dir='ltr'><strong><em>exemplaris</em></strong></span> <span class='ocrx_word' id='word_1_407' title='bbox 1060 4445 1155 4511; x_wconf 79' lang='lat' dir='ltr'><strong><em>sideni,</em></strong></span> <span class='ocrx_word' id='word_1_408' title='bbox 1183 4445 1212 4497; x_wconf 86' lang='lat' dir='ltr'><strong><em>in</em></strong></span> <span class='ocrx_word' id='word_1_409' title='bbox 1238 4463 1295 4514; x_wconf 85' lang='lat' dir='ltr'><strong><em>qno</em></strong></span> <span class='ocrx_word' id='word_1_410' title='bbox 1321 4436 1378 4492; x_wconf 74' lang='lat' dir='ltr'><strong><em>scti-</em></strong></span> 
     </span>
    </p>
   </div>
   <div class='ocr_carea' id='block_1_3' title="bbox 0 0 1730 5342">
    <p class='ocr_par' dir='ltr' id='par_1_7' title="bbox 0 0 1730 5342">
     <span class='ocr_line' id='line_1_44' title="bbox 0 0 1730 5342; baseline 0 0"><span class='ocrx_word' id='word_1_411' title='bbox 0 0 1730 5342; x_wconf 95' lang='lat' dir='ltr'><strong><em> </em></strong></span> 
     </span>
    </p>
   </div>
  </div>
 </body>
</html>
