3450 5342
546 698 550 703 ·
608 701 802 749 rtnsnoxon
831 703 860 748 v.
893 701 962 751 etr.
979 703 1015 749 11.
1260 683 1347 757 251·

286 861 361 930 quasi
381 860 474 932 pusilla
494 852 606 937 pecunia
628 861 679 912 sive
698 860 891 930 patrimonium
911 861 1046 934 pusillum.
1093 861 1195 916 Auctor
1220 878 1258 919 est
1283 866 1334 919 Ul-

286 947 382 1018 pianus
400 948 469 1002 libro
488 949 660 1019 Digestorum
678 949 736 1001 XV.
779 949 821 1002 De
846 950 953 1020 peculio
972 949 1030 1005 Ser.
1065 950 1225 1021 Pompeius:
1250 957 1336 1005 Pecu-

285 1035 352 1086 lium
370 1055 506 1088 servorum
530 1056 548 1087 α
570 1055 664 1106 pecore
683 1037 801 1104 dictum,
829 1049 861 1089 ut
884 1040 998 1108 pecunia
1014 1049 1127 1109 potrum
1139 1038 1269 1109 familias
1287 1053 1338 1092 out

285 1120 412 1174 nobilium
432 1126 544 1194 [pcntv.
569 1124 610 1177 ed.
635 1124 792 1191 Santandr.]
835 1126 877 1179 De
896 1126 1002 1198 peculio
1022 1125 1098 1178 Valla
1124 1125 1170 1178 lib.
1189 1127 1233 1178 Vl.
1262 1127 1338 1198 plura

284 1213 390 1278 scribit,
416 1213 461 1265 ubi
487 1213 576 1278 locum
601 1211 674 1266 hunc
701 1213 793 1266 citat.“
817 1243 852 1252 —
890 1214 1047 1281 „Peculium
1073 1214 1218 1267 Morisotus
1246 1219 1337 1269 δουλο-

285 1304 398 1371 κορδίαν,
418 1301 480 1355 ficto
499 1301 637 1368 vocabulo,
657 1302 781 1356 reddidit.
819 1302 983 1374 Theophilus
1001 1303 1029 1355 in
1048 1302 1130 1357 lnstit.
1151 1303 1197 1357 tib.
1212 1304 1243 1357 ll.
1264 1305 1338 1360 rica.

286 1399 422 1441 castrense
445 1390 581 1461 peculium
607 1393 762 1460 soorptroso
786 1386 954 1442 πεκούλια
987 1390 1122 1457 nominat,
1161 1401 1186 1444 et
1211 1392 1281 1445 Plut.
1309 1394 1336 1444 in

285 1475 439 1531 Publicolae
464 1479 531 1542 vita,
560 1477 632 1548 leges
656 1477 713 1529 eius
740 1475 843 1548 aliquot
869 1475 1002 1542 relerensj
1036 1477 1147 1531 mulctas
1170 1479 1338 1548 pecuniarias

285 1565 365 1618 fuisse
384 1566 419 1618 ait
438 1565 568 1636 pecudes,
585 1576 648 1618 ante
663 1563 784 1618 videlicet
802 1583 978 1617 nummorum
996 1582 1090 1631 usum,
1118 1564 1235 1636 indeque
1254 1567 1337 1636 patri·

286 1655 376 1706 monia
394 1654 501 1722 peculio
524 1673 579 1705 esse
603 1652 688 1707 dieta:
715 1648 757 1703 dri
783 1657 827 1703 καὶ
850 1646 903 1710 τοὶς
928 1648 1031 1718 odoras,
1058 1649 1120 1722 ῖλχρι
1143 1655 1188 1703 οὖν
1210 1649 1262 1704 α’πὸ
1284 1658 1337 1706 τῶν

285 1739 424 1809 προβάτων
442 1740 608 1791 πεκούλια
626 1741 749 1803 καλοῦσι,
769 1741 883 1790 καὶτῶν
901 1737 1065 1800 νομισμάτων
1083 1751 1139 1797 τοῖς
1151 1739 1337 1799 παλαιοτάτοις

282 1829 348 1892 βοοῖν
366 1823 555 1894 ἐπεχάραττον,
583 1821 766 1894 ἤπρὸβατον,
794 1825 813 1894 ἤ
827 1827 881 1877 οὖν.
923 1823 994 1879 Haec
1021 1827 1169 1880 testimonia
1195 1840 1337 1899 propterea

284 1914 353 1979 cito,
372 1912 445 1983 quod
464 1912 567 1983 antiqui
586 1911 683 1966 Graeci
703 1932 801 1965 nomen
821 1913 909 1980 aliud,
938 1933 1019 1984 quam
1048 1913 1175 1981 latinum,
1203 1915 1337 1986 ignorasse

282 2001 420 2071 ridentur,
447 2019 507 2052 cum
527 2018 557 2052 re
574 2000 630 2071 ipsa
651 2000 766 2054 caruisse
784 2000 952 2054 rideantur.“
975 2001 1069 2072 Xyst.
1087 2000 1201 2056 Betui.
1241 2004 1339 2070 [Locus

283 2087 417 2142 Plutarchi
438 2099 476 2141 est
501 2089 528 2140 in
547 2087 650 2158 Poplic.
676 2106 734 2157 cap.
755 2086 811 2153 Xl.]
860 2086 902 2140 Ad
930 2088 1085 2141 sententiam
1113 2089 1183 2143 vocis
1204 2091 1338 2159 peculium

283 2175 335 2228 rid.
354 2173 488 2227 Dirhsenii
507 2173 633 2227 Manuale
653 2173 758 2227 Latinis.
776 2173 905 2228 Fontium
926 2174 980 2229 Iur.
1000 2173 1056 2229 Cir.
1076 2176 1181 2231 Romm.
1201 2181 1335 2250 pottosq.

283 2262 344 2315 Mr.
380 2261 500 2329 „Festive
519 2261 677 2333 pecuniam,
697 2281 779 2332 quom
798 2273 929 2333 oppetunt
947 2262 997 2329 isti,
1015 2263 1149 2332 peculium
1171 2277 1253 2332 vocat,
1274 2267 1334 2337 quia

283 2351 309 2404 id
330 2361 367 2403 est
386 2353 494 2421 proprie
512 2354 676 2404 servorum.“
695 2350 772 2404 Ern.
809 2351 915 2404 'Similis
934 2351 1020 2404 irrisio
1039 2352 1107 2405 inest
1125 2353 1152 2405 in
1171 2353 1217 2406 illo
1235 2356 1336 2408 Horatii

284 2458 360 2491 versu
379 2438 436 2492 Art.
454 2439 529 2492 Poet.
554 2441 620 2493 330:
647 2443 724 2489 Hoec
748 2439 850 2491 animos
874 2457 974 2510 aerugo
998 2448 1026 2488 et
1049 2457 1115 2490 curo
1137 2441 1256 2508 peculi
1278 2462 1337 2494 cum

281 2526 363 2578 hemel
380 2527 519 2588 imbuerit,
546 2538 684 2595 speramus
707 2527 827 2579 carmina
848 2529 925 2599 fingi
940 2546 1016 2596 posse
1035 2525 1092 2576 —?
1123 2526 1251 2599 Excerpta
1271 2529 1338 2600 Eyb.

282 2615 384 2667 habent
400 2614 487 2682 pecul.
505 2632 565 2682 cup.
602 2613 662 2665 Mr.

357 2701 507 2767 cupiditate
521 2701 650 2770 peculiil]
688 2702 761 2765 „Hoc
786 2713 824 2754 est
854 2702 1024 2773 patrimonii,
1052 2701 1206 2757 facultatum
1235 2723 1338 2774 augen-

283 2790 390 2841 darum.
429 2789 514 2842 Vocat
533 2800 622 2843 autem
642 2790 792 2860 peculium,
818 2790 880 2861 quia
908 2802 946 2845 est
972 2790 1100 2861 pecunia,
1128 2810 1209 2862 quam
1234 2791 1338 2845 manci-

283 2878 359 2947 pium
379 2875 502 2941 domino,
528 2887 574 2930 aut
598 2877 668 2930 filius
692 2877 805 2931 familias
822 2889 897 2949 patre
919 2877 1089 2949 indulgente,
1115 2879 1238 2950 possidet.
1286 2879 1338 2933 llos

283 2984 347 3018 vero
366 2964 530 3035 heredipetas
553 2963 650 3019 Cicero
675 2967 851 3037 pessimorum
875 2976 1011 3020 serrorum
1041 2966 1070 3018 in
1099 2985 1212 3019 numero
1231 2965 1337 3020 habet.“

283 3052 466 3106 Graevius.

354 3139 458 3191 nullom
489 3140 663 3193 conditionem
693 3151 820 3193 recusant
854 3141 1013 3194 durissimae
1050 3140 1223 3210 servitutisl]
1268 3142 1335 3195 Cod.

281 3225 354 3278 Gud.
374 3226 407 3278 Α.
426 3227 632 3278 dirissimae
650 3227 801 3281 servitutis.
837 3226 998 3281 Observasse
1013 3228 1076 3281 mihi
1095 3228 1201 3296 videor,
1226 3231 1335 3283 Cicero-

280 3331 345 3366 nem
364 3312 493 3366 adiectiro
512 3313 589 3364 dirus
606 3312 662 3364 fere
682 3331 736 3364 non
755 3313 906 3380 stiterunt,
931 3333 1012 3386 quam
1032 3332 1094 3368 cum
1113 3315 1145 3366 de
1165 3317 1293 3385 portentis
1313 3327 1339 3369 et

280 3400 404 3453 universe
422 3399 455 3450 de
483 3399 563 3450 rebus
590 3399 622 3449 ad
642 3398 831 3450 divinationem
858 3399 1054 3469 pertinentibus
1080 3400 1217 3469 loquitur,
1244 3401 1283 3453 vel
1307 3402 1335 3454 in

281 3487 409 3548 versibus,
429 3484 474 3555 qui
493 3484 658 3537 ad'eandem
683 3503 740 3566 repr
765 3495 892 3556 spectant.
913 3513 948 3525 -
984 3483 1027 3536 Ad
1046 3503 1069 3536 v.
1089 3485 1259 3536 Hereditatis
1277 3504 1338 3552 spes

280 3575 344 3629 Ald.
363 3570 542 3639 Man.:·„Sic
561 3590 655 3624 omnes
673 3572 733 3624 mei.
771 3570 856 3624 Alias:
881 3570 948 3642 quid
964 3570 1123 3622 hereditatis
1140 3572 1227 3638 spes.⁴‘
1263 3568 1336 3635 Quid

279 3663 333 3716 hoe
352 3659 402 3714 sibi
422 3659 481 3714 velit
498 3659 614 3727 „alias“,
641 3679 697 3712 non
716 3659 801 3712 video.
848 3659 942 3730 Neque
961 3658 989 3711 in
1009 3658 1074 3711 meis
1091 3656 1166 3710 libris
1183 3667 1221 3710 sat
1240 3656 1336 3721 multis,

280 3768 370 3822 neque
383 3748 411 3802 in
429 3748 474 3814 iis,
502 3767 570 3820 quos
587 3747 739 3801 hahuerunt
757 3746 872 3800 editores
889 3746 949 3810 alii,
972 3745 1042 3798 illius
1059 3744 1127 3816 quid
1155 3755 1215 3798 ante
1234 3744 1336 3796 heredi-

279 3836 351 3888 tatis
369 3846 480 3907 apparet
495 3835 642 3906 vestigium.
679 3834 725 3888 Est
743 3845 831 3888 autem
850 3834 879 3886 in
899 3831 966 3887 Cod.
984 3833 1078 3886 Duisb.
1095 3833 1254 3886 hereditatis
1271 3851 1336 3902 spe,

280 3936 307 3978 et
325 3922 365 3976 sie
382 3922 526 3976 coniecisse
544 3923 581 3976 ait
598 3922 772 3976 Gernhardus
790 3921 958 3986 Bentleium‚
978 3921 1089 3975 addens:
1109 3931 1155 3987 „at
1173 3920 1273 3973 nemini
1293 3920 1335 3970 sa-

280 4011 333 4066 cile
353 4011 538 4080 persuaserit.“
574 4011 669 4065 Addo:
687 4011 757 4078 „nisi
778 4011 811 4076 ei,
830 4010 877 4080 qui
895 4008 1065 4062 soloecismos
1082 4008 1110 4060 in
1122 4006 1252 4060 Cicerone
1266 4006 1334 4058 lerre

279 4099 394 4168 potest.“
430 4096 558 4150 Graevius
576 4098 609 4150 ad
629 4097 693 4151 haec
709 4098 802 4152 rerba:
821 4097 896 4164 „llos
914 4096 1078 4168 heredipetas
1097 4093 1228 4164 exagitant
1246 4093 1333 4163 lepide

277 4183 424 4250 luvenalis,
442 4183 570 4238 Martialis
589 4195 614 4239 et
632 4185 794 4239 Lucianus.“
839 4184 920 4238 Addit
937 4181 1039 4236 Gernh.
1064 4180 1165 4235 illustre
1183 4179 1331 4250 exemplum
1349 4200 1352 4207 ¹

278 4269 353 4341 apud
371 4269 461 4325 liorat.
480 4271 566 4325 Serm.
586 4272 618 4338 ll,
638 4277 663 4339 5,
683 4276 726 4327 ot.
776 4272 848 4324 Tum
875 4270 941 4325 Cod.
970 4269 1064 4322 Duish.
1090 4267 1187 4321 omittit
1214 4269 1243 4318 in
1270 4279 1332 4321 ante

279 4358 428 4412 serviendo.
480 4356 548 4411 Cod.
572 4358 678 4412 Suerin.
704 4378 782 4431 quem
800 4361 922 4416 ‚mutui
947 4356 1004 4409 orii
1031 4355 1102 4408 senis
1125 4365 1158 4406 et
1184 4354 1332 4423 locupletis.

280 4444 349 4499 Cod.
369 4444 448 4499 Drsd.
466 4449 490 4500 t.
511 4445 580 4498 orbis
599 4465 649 4516 pro
669 4446 743 4508 othir
762 4446 841 4500 Drsd.
861 4449 887 4500 il.
907 4443 1081 4503 observatum
1107 4439 1201 4495 Duisb.
1221 4453 1330 4501 servat,-
