3450 5342
377 683 449 755 124
699 705 871 753 ernanum
900 704 1094 755 srorcouuu.

442 869 494 917 Est
513 865 607 918 naudus
623 864 653 915 in
671 862 763 928 rebus,
781 873 846 916 sunt
866 865 933 916 certi
951 864 1063 936 denique
1076 864 1167 933 fines,

442 955 515 1022 Quos
534 951 611 1003 ultra
628 951 751 1023 citraque
769 951 862 1022 nequit
882 953 1024 1005 consistere
1042 962 1152 1004 rectum.
1171 951 1245 1004 Ald.
1266 951 1352 1005 Man.

370 1041 536 1106 „Transilire
553 1038 621 1092 cod.
639 1041 767 1092 Venetus.
805 1039 902 1090 birreos
922 1038 1107 1103 autemdicit,
1134 1038 1231 1109 quibus
1252 1038 1281 1091 in
1300 1036 1412 1093 certami-

371 1128 451 1181 nibus
469 1126 609 1182 celeritatis
629 1127 712 1197 spatia
732 1125 909 1178 definirentur
927 1131 980 1177 τῶν
997 1122 1123 1192 cinturae,
1149 1138 1178 1180 ut
1203 1127 1231 1179 in
1252 1124 1410 1197 Epistolasl
1441 1129 1445 1138 “

369 1215 499 1269 Luceium
519 1213 563 1280 [ad
580 1214 683 1266 Famm.
701 1215 735 1280 V,
756 1216 810 1282 12]
833 1216 910 1265 Fines
930 1213 1047 1265 transire
1067 1215 1252 1270 verecundiae.
1279 1213 1353 1267 ttecri
1370 1211 1411 1282 igi·

369 1313 414 1355 tur
432 1312 458 1355 et
476 1300 579 1353 honesti
599 1299 696 1352 lineam
719 1300 764 1371 qui
784 1300 902 1366 transiit,
923 1301 1043 1372 quamvis
1062 1320 1157 1371 parum
1176 1299 1259 1370 longe
1279 1318 1409 1370 procurre

369 1389 417 1456 rit,
437 1408 493 1441 uon
513 1400 600 1441 tamen
620 1388 737 1458 peccavit
754 1408 846 1454 secus,
880 1408 961 1460 qrram
986 1390 1013 1442 in
1033 1389 1085 1443 boc
1103 1389 1189 1460 spatio
1214 1389 1408 1451 strenuissimus,

312 1490 323 1509 ·
370 1485 400 1528 ut
420 1473 503 1529 Stoici
522 1474 619 1530 docere
637 1475 807 1529 voluerunt!⁸
826 1474 1000 1531 Camerar.

444 1563 591 1615 Transilire
620 1563 735 1629 lineas:]
763 1560 840 1628 „Cur
860 1562 943 1633 igitur
968 1583 1029 1615 mox
1047 1563 1080 1615 ab
1106 1562 1232 1616 omnibus
1256 1563 1408 1616 subnectitur

373 1671 432 1703 cunr
450 1651 531 1702 semel
546 1651 762 1714 transieris,
779 1660 805 1702 et
824 1668 879 1701 non
899 1648 1091 1702 transilueris?
1127 1650 1211 1721 Atqui
1240 1660 1268 1703 et
1288 1649 1408 1702 Victorius

371 1750 397 1793 et
415 1739 505 1792 luntas
523 1750 550 1793 et
567 1737 684 1809 Langius
702 1747 728 1790 et
747 1737 921 1790 membranae
940 1736 1055 1789 retinent
1073 1739 1199 1789 transire.
1243 1735 1278 1789 Et
1305 1746 1373 1789 certe
1386 1733 1406 1785 it

370 1838 408 1880 est
430 1828 518 1898 ipsum
542 1825 676 1879 Graecum
707 1830 877 1895 παραβαίνειν
903 1824 932 1876 in
962 1823 1038 1890 vitio,
1066 1823 1100 1876 de
1135 1843 1190 1895 quo
1220 1842 1297 1877 nunc
1325 1822 1406 1893 agitur.

370 1912 457 1967 Etiam
477 1933 531 1967 non
551 1914 650 1967 dicitur
667 1930 748 1983 quem
767 1911 844 1982 louge
859 1929 1006 1980 procurrus
1024 1921 1070 1964 aut
1085 1910 1226 1979 prosilias,
1248 1910 1294 1963 secl
1308 1925 1405 1980 progre-

371 2001 471 2054 diere.“
489 2000 637 2053 Gronov.
687 1999 816 2065 „Liueam
841 1998 905 2052 dicit
934 1995 981 2067 τήν
1014 1998 1159 2067 ueniente,
1185 2017 1268 2069 quam
1297 1997 1406 2051 lloratius

372 2085 400 2153 [Ι.
420 2089 455 2155 c.]
475 2088 580 2138 modum
597 2097 623 2139 et
634 2087 720 2154 finem
738 2085 884 2157 appellat.“
904 2085 995 2155 Xyst.
1015 2086 1207 2140 Betuleius.
1290 2076 1295 2082 ’

444 2175 601 2241 transilire]
645 2175 707 2239 „Ad
739 2174 875 2228 Graecum
902 2174 1088 2244 proverbium:
1122 2169 1184 2244 inlu
1215 2167 1249 2224 aci
1276 2177 1405 2235 ἐσκαμμένα
1499 2233 1503 2244 .

370 2262 470 2331 naida,
487 2261 596 2314 verbum
615 2261 667 2314 hoc
686 2263 779 2314 relerri
800 2273 895 2334 potest.
932 2261 985 2314 Alii
1004 2261 1096 2332 legunt
1114 2262 1232 2313 transire
1256 2260 1371 2315 lineari.
1387 2278 1404 2310 e.

371 2361 482 2404 metam:
503 2349 553 2403 nisi
572 2349 641 2402 forte
659 2349 692 2402 ad
712 2351 875 2420 geometrica
901 2348 1093 2420 diagrammata
1118 2347 1240 2402 alludit.“
1264 2348 1297 2401 Η.
1313 2344 1403 2400 Wott.

370 2439 539 2506 „Trunailire
557 2438 643 2490 lineus
662 2449 719 2491 erat
737 2456 878 2490 cursorum
897 2436 925 2489 in
944 2436 1037 2490 stadio.
1084 2435 1160 2488 Duae
1188 2445 1266 2488 erant
1290 2435 1317 2487 in
1333 2430 1403 2486 stadio

370 2525 463 2581 lineae.
498 2524 589 2581 Altera
608 2525 711 2578 eratin
732 2524 843 2594 longum
864 2535 953 2577 cavata
971 2523 998 2575 in
1018 2523 1109 2575 limine
1127 2523 1218 2588 stadii,
1236 2524 1280 2576 cui
1299 2539 1403 2576 cursores

369 2614 537 2681 insistebant,
555 2625 584 2666 ut
602 2633 631 2666 ex
650 2631 737 2683 aequo
754 2612 837 2666 limite
855 2611 1091 2683 progrederentur.
1127 2609 1155 2663 Si
1168 2610 1215 2681 qui
1234 2610 1302 2665 ultra
1319 2609 1401 2661 lineam

369 2701 465 2756 vellent
487 2702 592 2774 evagari
618 2712 644 2754 et
663 2701 773 2754 limitem
794 2701 963 2772 praecipere,
994 2718 1057 2751 voce
1078 2698 1219 2768 praeconis
1237 2696 1352 2750 revocari
1368 2713 1402 2746 so·

368 2790 472 2846 lebant:
498 2786 605 2856 flnlssti’
622 2786 734 2852 αἀόδος,
754 2792 800 2846 θὶς
818 2785 889 2839 niele
905 2784 978 2857 nupti
995 2789 1124 2852 βαλβίδαε
1154 2787 1252 2838 lineum
1270 2786 1358 2840 redder
1375 2780 1402 2830 “sl

369 2880 466 2932 lineam
480 2879 575 2947 perlem
590 2895 668 2945 pone.
703 2878 769 2929 lnde
789 2876 848 2928 illae
868 2875 939 2947 apud
958 2875 1153 2928 Tertullianum
1174 2876 1286 2928 crebrae
1304 2869 1401 2926 locutio·

369 2985 430 3030 nes,
450 2965 535 3015 lineae
554 2964 690 3026 insistere,
708 2965 746 3013 acl
763 2964 860 3014 lineum
880 2964 1020 3028 tinniente,
1035 2964 1110 3014 iutra
1128 2962 1214 3018 lirzeas
1230 2963 1344 3034 gradum
1359 2956 1400 3008 col·

368 3052 464 3121 ligere,
484 3060 509 3102 et
527 3049 633 3101 similes.
669 3050 733 3103 Erat
752 3061 777 3102 et
796 3049 846 3102 alia
866 3049 935 3102 linea
955 3051 981 3103 iu
1003 3051 1055 3103 srne
1074 3050 1165 3116 stadii,
1193 3070 1262 3123 quae
1281 3049 1400 3103 dicebatur

348 3136 460 3200 ,ultima
479 3137 565 3201 linea,
584 3137 617 3188 ad
643 3156 725 3206 quam
745 3156 837 3208 cursus
855 3138 1028 3191 liniebatur.“
1047 3138 1251 3192 Salmasius.
1298 3136 1399 3189 Primam

368 3223 411 3276 hic
430 3225 535 3296 respicit
556 3223 666 3291 Cicero,
687 3244 768 3296 quam
789 3226 834 3295 qui
854 3226 1018 3279 transiliebat
1036 3227 1213 3297 antesignum
1234 3227 1334 3291 datum,
1349 3239 1399 3294 pec·

369 3313 472 3366 cabat.“
492 3312 668 3366 Graevius.
707 3314 781 3381 „Nos
798 3315 850 3368 hoc
869 3327 1057 3386 argumentum
1077 3314 1172 3368 melius
1190 3313 1371 3384 intelligemus,
1384 3305 1399 3358 sl

368 3410 502 3451 certamen
514 3399 547 3453 ad
565 3420 676 3472 scopum
689 3402 883 3456 collimautium
903 3403 1023 3471 [meliusz
1043 3401 1256 3470 collineantium]
1276 3411 1334 3454 ante
1347 3413 1398 3449 ocu·

367 3486 407 3540 los
425 3487 602 3544 statuerimus.
639 3488 695 3555 Qui
714 3511 826 3563 scopum
845 3491 885 3545 vel
904 3491 996 3545 leviter
1013 3491 1114 3562 attigit,
1133 3500 1220 3543 tenet:
1238 3480 1291 3560 qui
1305 3478 1397 3538 verorel

366 3576 499 3629 tantillum
524 3596 538 3628 a
564 3595 646 3646 scopo
671 3579 815 3645 aberravit,
843 3592 897 3632 tam
924 3578 1034 3636 excidit,
1059 3597 1138 3648 quam
1167 3577 1213 3648 qui
1240 3570 1398 3647 longissime·“

366 3661 456 3731 Xyst.
476 3663 583 3716 Betui.
622 3665 769 3715 Transilire
787 3666 873 3717 lineas
892 3666 956 3719 dicit
973 3666 1144 3721 similitudine
1166 3665 1245 3718 ducta
1266 3685 1281 3718 a
1300 3656 1398 3716 cursori·

368 3749 416 3798 bus
435 3747 461 3799 in
479 3748 573 3813 stadio,
593 3750 638 3819 qui
657 3750 726 3803 intra
746 3752 828 3804 lineas
847 3772 955 3806 currere
966 3755 1107 3820 debebant,
1127 3765 1156 3806 ut
1174 3753 1224 3805 rite
1241 3744 1398 3806 certaretur.“

367 3833 464 3887 Face.
508 3833 575 3899 „Est
599 3854 725 3906 graecum
754 3840 931 3894 Proverbium
957 3839 1021 3913 iniq
1047 3839 1082 3893 rii
1107 3846 1252 3903 ἐσκαμμένα
1281 3834 1397 3891 illiniat
1454 3886 1457 3893 .

367 3941 447 3992 super·
467 3941 485 3972 s.
499 3923 566 3976 ultra
583 3924 678 3977 fossam
696 3926 787 3980 salire:
807 3950 869 3982 nam
883 3931 909 3983 in
921 3931 1088 3984 Graecorum
1102 3929 1169 3982 saltu
1184 3931 1253 3983 lacte
1269 3938 1324 3982 erat
1336 3924 1396 3995 lom,

366 4023 442 4064 “³¹¹¹
459 4015 603 4072 ἓσκαμμίνα
623 4012 640 4064 i.
658 4032 681 4067 e.
701 4012 769 4069 linea
790 4019 917 4073 fodiendo
944 4021 1038 4084 ducta,
1064 4019 1131 4070 ultra
1159 4037 1240 4089 quam
1259 4018 1334 4070 salire
1354 4026 1396 4064 110⁰

293 4135 295 4138 ι
366 4098 490 4170 licebat.“
509 4099 608 4170 Wytr.
645 4101 726 4155 Vides
745 4106 888 4178 plerosque
908 4107 1018 4159 verbum
1038 4106 1192 4170 transilire,
1212 4107 1287 4178 quasi
1304 4106 1335 4159 sit
1350 4100 1397 4172 plu·

365 4188 496 4240 rimorum
505 4187 667 4258 optimorum
680 4191 810 4247 librorum
820 4196 908 4260 lectio,
918 4195 1102 4264 explicandum
1117 4195 1165 4247 sibi
1175 4197 1305 4248 sumsisse.
1322 4195 1397 4263 Neque

366 4285 437 4327 certe
450 4274 588 4327 transilire
604 4278 766 4333 aCiceronis
781 4303 829 4334 usu
848 4282 966 4334 alienum
986 4293 1031 4335 est.
1067 4283 1113 4336 Sic
1124 4285 1156 4336 de
1175 4282 1225 4337 Or.
1241 4282 1286 4351 lll,
1297 4282 1397 4349 4⁰,lilt

366 4363 503 4415 transilire
521 4374 585 4415 cute
601 4367 682 4433 pedes
697 4370 808 4436 posita‚·
827 4369 860 4419 de
880 4367 958 4421 Finn.
979 4369 1024 4436 tV,
1044 4372 1086 4433 14,
1106 4373 1156 4425 39:
1180 4391 1239 4424 cunr
1262 4381 1349 4423 eutem
1370 4362 1398 4413 tl

367 4465 497 4500 suasurum
516 4448 611 4502 bonum
630 4452 723 4504 velient
736 4456 888 4524 peruenire,
914 4456 1076 4510 transiliunt
1103 4462 1200 4512 omniu.
1239 4458 1341 4518 Laudat
1361 4451 1397 4504 tu
