3450 5342
649 704 845 753 rsusuoxas
866 704 914 751 vr.
948 704 1018 752 car.
1039 705 1062 752 t.
1314 682 1389 759 277

332 875 455 919 mentum
474 862 644 918 amicorum?
663 863 712 916 nisi
730 863 816 916 dicas:
845 872 1000 932 exspectare
1019 862 1108 928 avide,
1134 872 1213 933 atque
1239 884 1299 918 cum
1326 879 1387 922 voto
1430 867 1438 879 “

333 951 452 1023 quadam
469 951 562 1004 mortis
580 969 683 1004 eorum.
728 953 807 1003 Certe
826 950 863 1002 vis
887 950 970 1003 estin
991 951 1070 1004 verbo
1090 962 1260 1020 exspectare,
1287 965 1313 1007 et
1330 954 1388 1007 for·

333 1039 406 1093 tassis
423 1037 477 1091 huc
497 1038 574 1105 facit,
604 1038 675 1110 quod
694 1038 809 1092 Rutitius
834 1038 926 1108 Lupus
944 1039 972 1091 in
990 1037 1178 1093 schematibus
1197 1038 1291 1092 refert:
1324 1045 1388 1094 Cum

333 1126 491 1178 Proculeius
505 1126 597 1196 filiuni
610 1144 690 1178 suum
706 1127 875 1189 hortaretur,
892 1126 1026 1178 audacter
1043 1125 1149 1197 de[suis
1161 1125 1240 1178 rebus
1253 1137 1389 1195 sumptum

328 1213 454 1284 faceret,
472 1213 556 1264 etiarn
573 1231 601 1265 se
619 1214 696 1265 sivo:
716 1213 852 1284 filiusque
870 1214 1065 1282 respondisset,
1093 1234 1146 1267 non
1164 1231 1220 1267 esse
1237 1232 1270 1265 ea
1289 1215 1392 1267 adhor-

332 1301 438 1352 tatione
453 1319 551 1370 ·opus.·
580 1302 642 1352 Non
667 1301 736 1352 enim
766 1310 976 1369 exspectare
1002 1319 1030 1352 se
1053 1301 1144 1370 patris
1169 1310 1295 1352 mortem:
1332 1305 1390 1354 Into

333 1407 409 1444 vero,
426 1389 533 1460 inquit,
553 1407 617 1454 oro,
636 1398 747 1440 mortem
766 1405 851 1439 meam
869 1397 1065 1456 exspectes,
1085 1407 1133 1439 nec
1149 1406 1273 1458 properes
1293 1388 1386 1452 moliri,

334 1486 366 1527 ut
384 1477 499 1528 uelocius
518 1477 645 1529 moriar.“
664 1473 695 1528 C.
713 1474 816 1545 Lang.
854 1474 955 1543 [Locus
973 1474 1058 1528 estin
1076 1475 1126 1527 Ed.
1147 1473 1254 1529 Ruunt.
1274 1479 1339 1547 pst
1347 1495 1386 1548 sq.

335 1563 380 1616 sed
398 1563 489 1618 locum
514 1564 541 1616 in
566 1563 672 1615 brevius
696 1565 827 1616 contraxit
850 1561 987 1632 Largius]
1034 1562 1157 1631 „Nollem
1183 1562 1227 1617 hic
1251 1563 1389 1618 haesitasse

332 1653 417 1704 virum
436 1650 563 1721 elegantis
581 1650 683 1722 ingenii
703 1662 728 1704 st
747 1652 864 1722 peractis
878 1650 976 1704 iudicii.
1012 1653 1178 1719 Exspectare
1196 1661 1388 1703 testamentum

333 1738 432 1793 dicitur
449 1737 601 1809 hiantique
619 1737 761 1804 invidiose,
788 1749 819 1791 ut
844 1749 1000 1809 exspectare
1025 1749 1142 1793 mortem.
1188 1739 1333 1810 Proprium
1359 1739 1388 1792 in

333 1824 384 1878 hac
403 1843 433 1877 re
452 1825 563 1877 terbum
584 1835 637 1889 est,
667 1824 741 1894 quod
765 1836 896 1896 usurpant
914 1825 947 1878 de
965 1825 1010 1892 iis,
1037 1824 1083 1897 qui
1102 1835 1212 1895 optant,
1241 1837 1271 1879 ut
1295 1824 1390 1895 aliquis

335 1913 475 1967 moriatur.
518 1911 627 1966 Terent.
656 1910 770 1983 Adelph.
788 1914 821 1978 V,
836 1916 863 1966 4.
888 1913 955 1980 [aa]
998 1912 1082 1965 Illum
1107 1924 1139 1965 ut
1164 1912 1257 1977 vivat,
1282 1922 1389 1982 optant,

333 2018 421 2053 meam·
436 2009 528 2052 autern
546 2009 657 2051 mortem
679 2007 837 2069 exspectant
856 1999 974 2052 scilicet:
1000 2011 1107 2072 aptant,
1138 2011 1167 2054 ut
1193 2000 1299 2055 moriar.
1334 1999 1388 2053 He·

335 2105 398 2158 cyra
417 2085 464 2152 lV,
484 2092 508 2139 2.
528 2088 574 2154 [ts
593 2087 645 2158 sq.]

370 2203 405 2214 -
443 2203 478 2214 —
513 2175 581 2226 haec
599 2175 664 2226 milti
681 2193 753 2226 nunc
772 2191 839 2226 cura
856 2185 898 2227 est
917 2193 1060 2241 maxuma,
1079 2186 1111 2228 ut
1131 2195 1163 2229 ne
1180 2178 1225 2230 cui
1241 2197 1299 2230 meo

371 2263 572 2336 Longinquitas
589 2262 691 2314 aetatis
710 2261 811 2326 obstet,
829 2272 1124 2333 mortemve'exspectet
1142 2283 1234 2319 meam.

335 2351 459 2405 Procuiei
478 2351 579 2406 dictum
599 2351 637 2405 sic
654 2349 745 2404 extulit
760 2349 891 2418 Quinctii.
918 2349 964 2408 tib.
983 2351 1027 2404 ΙΧ.
1046 2370 1069 2406 c.
1087 2356 1117 2406 4:
1147 2357 1212 2406 Cum
1231 2355 1388 2407 Proculeius

336 2449 492 2512 quereretur
511 2439 633 2507 de·filio‚
651 2438 764 2510 quadis
782 2449 892 2491 mortem
911 2457 988 2491 suom
1007 2449 1183 2509 exspectaret,
1200 2452 1227 2492 et
1238 2442 1284 2494 ille
1304 2442 1389 2494 dixis-

335 2537 393 2592 set,
413 2544 440 2577 se
459 2544 520 2578 vero
539 2544 590 2577 non
609 2536 777 2595 exspectare,
804 2532 904 2595 Irnrno,
930 2528 1036 2599 inquit,
1065 2546 1128 2599 rogo
1147 2539 1290 2596 exspectes.
1324 2529 1389 2598 [Lo-

336 2633 383 2667 cus
402 2624 440 2666 est
458 2613 502 2679 ut,
519 2614 544 2666 3.
564 2631 589 2682 ρ.
610 2615 671 2665 819.
690 2612 731 2664 ed.
751 2612 843 2667 Burm.
869 2633 896 2686 p.
915 2616 977 2668 385.
995 2611 1019 2685 fi.
1039 2616 1083 2669 68.
1107 2614 1149 2667 ed.
1172 2613 1285 2680 Garun]
1334 2615 1387 2668 Pro

335 2703 389 2755 hoc
406 2699 519 2753 Ovidius
537 2699 599 2752 dixit
617 2699 636 2751 Ι.
664 2703 772 2753 Metam.
792 2702 877 2770 [148]
923 2703 1012 2755 Filius
1036 2711 1102 2754 ante
1131 2701 1199 2752 diens
1215 2699 1322 2770 patrios
1346 2701 1391 2753 in·

337 2789 424 2862 quirit
441 2788 470 2840 in
488 2805 581 2841 annos.
618 2786 666 2840 Sic
683 2787 765 2858 igitur
783 2799 940 2859 exspectare
958 2798 1149 2842 testamentum
1168 2799 1206 2841 est
1224 2798 1332 2859 aptare,
1360 2799 1390 2842 ut

337 2875 398 2949 quis
416 2876 559 2930 moriatur:
588 2886 617 2928 ut
635 2886 664 2928 tu
683 2874 857 2929 hereditatem
876 2895 983 2942 cernas,
1011 2887 1058 2929 aut
1087 2877 1204 2947 legatum
1228 2873 1389 2946 promissum

336 2963 516 3034 consequaris.
552 2966 706 3033 Supponere
724 2982 786 3016 sero
805 2973 998 3017 testamentum
1021 2975 1058 3018 est
1082 2974 1268 3017 testamentum
1294 2963 1390 3018 falsum

336 3052 438 3125 tingere
456 3063 483 3106 et
501 3071 551 3125 pro
571 3071 633 3105 vero
651 3052 826 3117 substituere,
846 3053 919 3124 quod
939 3063 977 3106 est
994 3051 1191 3106 falsariorum.“
1209 3049 1390 3108 Graevius.

407 3143 432 3193 si
449 3150 614 3192 testamenta
633 3141 777 3193 anticorum
796 3151 937 3209 exspectas
963 3140 1082 3212 quidem,
1105 3150 1189 3212 atque
1210 3139 1268 3209 ipse
1289 3156 1391 3209 suppo-
1421 3162 1424 3166 ·

335 3229 389 3295 nis]
426 3227 475 3293 „in
494 3227 561 3280 cod.
579 3227 690 3297 antiquo
709 3226 805 3280 melius
822 3227 953 3298 scriptum
979 3228 1043 3281 mihi
1061 3228 1165 3283 ridetur
1188 3228 1222 3282 ad
1239 3226 1313 3283 huuc
1329 3247 1389 3281 mo·
1461 3258 1465 3264 ·

337 3315 419 3369 dum:
437 3316 468 3366 si
486 3324 649 3367 testamenta
667 3315 813 3367 anticorum
830 3327 972 3385 exspectas
1000 3325 1108 3387 atque
1126 3324 1161 3367 te
1186 3316 1263 3384 ipse
1290 3334 1389 3385 suppo-

334 3403 387 3455 nis.
432 3400 512 3471 Apud
536 3399 641 3452 vattam
662 3400 691 3453 L.
708 3400 754 3453 Vl.
771 3401 806 3453 ita
838 3401 914 3470 legas
943 3402 968 3454 si
994 3410 1157 3454 testamenta
1180 3402 1325 3454 amicorum
1341 3420 1391 3453 ex-

334 3498 460 3558 spectas,
478 3504 517 3536 ac
534 3505 572 3538 ne
590 3495 782 3556 exspectas
800 3487 952 3558 quidem,
970 3497 1053 3559 atque
1070 3487 1126 3556 ipse
1144 3488 1279 3556 supponis.
1316 3488 1390 3542 Haec

335 3574 416 3629 lectio
436 3572 500 3625 mihi
521 3572 653 3627 videretur
672 3573 782 3641 metiar,
803 3573 841 3641 si,
861 3573 922 3628 ioco
941 3584 1032 3645 atque,
1050 3574 1098 3626 sed
1113 3573 1281 3627 scriberetur.
1318 3577 1392 3644 Sup-

332 3681 432 3734 ponere
450 3673 488 3716 est
507 3662 603 3715 falsum
622 3673 648 3716 et
664 3661 844 3717 adulterinum
863 3662 925 3716 loco
944 3662 998 3714 veri
1016 3661 1160 3726 subiicere3
1179 3671 1209 3714 ut
1228 3679 1313 3732 quum
1331 3658 1392 3732 quis

336 3752 432 3818 matri,
450 3752 555 3805 sublato
573 3750 645 3818 filio,
664 3749 721 3804 eius
738 3750 799 3804 loco
817 3749 917 3816 alium,
946 3761 976 3803 ut
992 3750 1028 3803 ita
1047 3749 1149 3816 dicam,
1175 3747 1296 3820 reponit,
1327 3765 1391 3820 par-

337 3851 395 3892 tum
414 3857 561 3908 supponere
579 3838 685 3892 dicitur.
722 3837 788 3890 iude
805 3855 954 3908 supponere
972 3847 1163 3890 testamentum
1181 3847 1220 3889 est
1230 3835 1326 3907 salsum
1340 3853 1390 3906 pro

337 3945 401 3979 vero
417 3927 556 3980 subiicere.
575 3954 610 3966 -
628 3955 664 3967 -
700 3925 795 3994 Quum
821 3935 1040 3980 testamentorum
1059 3924 1166 3978 iibertas
1182 3935 1263 3990 esset,
1290 3923 1391 3978 mutto-

336 4032 398 4067 rum
418 4016 566 4070 amicorum
586 4014 678 4068 haeres
697 4013 736 4067 Μ.
755 4013 866 4067 Crassus
883 4014 969 4068 iactus
987 4024 1039 4066 est:
1058 4012 1146 4067 multis
1165 4013 1228 4064 item
1247 4021 1390 4064 testamen-

338 4104 371 4157 tis
388 4101 480 4156 haeres
495 4104 649 4174 suppositus
666 4113 721 4169 est,
750 4113 780 4156 ut
797 4112 893 4156 auctor
912 4111 951 4156 est
969 4101 1064 4154 Cicera
1083 4100 1116 4153 de
1134 4098 1241 4154 Officiis
1257 4097 1302 4163 tlt,
1323 4097 1388 4163 [ts]

336 4196 371 4244 1..
390 4193 507 4243 Minucii
528 4193 633 4260 Basili,
652 4193 794 4263 locupletis
812 4192 934 4255 hominis,
950 4191 1057 4263 salsum
1075 4198 1266 4242 testamentum
1281 4185 1390 4257 quidam

337 4299 351 4331 e
370 4280 484 4331 Graecia
501 4283 614 4332 Romam
625 4281 801 4333 attulerunt:
821 4281 894 4353 quod
908 4300 960 4352 quo
973 4279 1092 4352 facilius
1107 4275 1264 4338 obtinerent,
1278 4273 1392 4342 scripse-

339 4376 405 4417 runt
424 4367 551 4420 haeredes
569 4386 658 4421 secum
676 4371 716 4424 M.
737 4372 862 4421 Crassum
882 4379 910 4422 et
929 4371 961 4438 Q.
980 4364 1168 4428 Hortensium,
1193 4363 1295 4415 aetatis
1318 4362 1392 4415 eiua-

338 4453 397 4504 dens
416 4453 533 4507 homines
550 4457 762 4526 potentissimos.
797 4458 858 4527 Qui,
878 4476 960 4530 quum
978 4453 1049 4507 illud
1059 4451 1168 4525 falsum
1180 4450 1390 4521 suspicarentur,
