3450 5342
653 723 847 777 ramuoxon
876 728 925 775 nr.
958 726 1028 775 car.
1046 729 1067 773 1.
1182 742 1185 747 ·
1316 706 1388 780 119

328 885 394 961 ,Τειῑ
412 884 515 941 Sturm.
538 887 650 939 Lamhb.
677 886 740 940 Car·
765 886 873 957 Steph.;
899 905 941 939 res
959 899 1015 950 est,
1041 898 1124 958 utque
1152 886 1180 938 in
1208 886 1257 939 Ed.
1283 890 1386 956 Herw.;

334 983 377 1024 est
397 992 448 1040 res,
466 984 497 1025 nt
515 974 541 1026 in
561 973 628 1027 Edd.
648 975 717 1028 Vict.
737 974 805 1026 ttoh.
824 972 916 1044 Steph.
936 978 1028 1039 Cam.;
1047 974 1165 1046 denique
1185 975 1265 1044 plane
1290 990 1319 1032 ut
1337 999 1387 1034 nos

334 1059 435 1113 habent
452 1060 520 1114 Edd.
539 1061 633 1118 Lamh.
654 1061 749 1115 Colon.
769 1061 801 1115 H.
820 1061 908 1114 Wott.
928 1062 1008 1134 Borg.
1027 1061 1078 1115 Or.
1097 1073 1122 1115 et
1140 1064 1266 1132 (excepto
1286 1063 1388 1136 inquis)

334 1146 463 1219 reliquae.
499 1149 630 1204 Dedimus
647 1161 736 1204 autem
754 1151 843 1220 inquit
863 1170 893 1202 ex
913 1163 1057 1222 praecepto
1073 1151 1104 1204 R.
1114 1151 1229 1205 Bentleii
1240 1153 1388 1208 certissimo

334 1237 369 1288 ad
389 1238 453 1291 Hor.
472 1237 597 1305 Serml,
615 1243 641 1305 4,
660 1240 704 1292 tt.
741 1236 793 1291 Cui
811 1237 897 1305 adde,
924 1258 992 1310 quae
1012 1259 1061 1293 nos
1080 1238 1218 1309 posuimus
1238 1238 1271 1292 ad
1291 1240 1390 1295 Tusce.
1457 1234 1458 1238 ¹

335 1325 357 1388 l,
378 1329 420 1379 39.
437 1346 463 1396 p.
480 1329 531 1381 318
549 1347 590 1398 sq.
610 1337 635 1380 et
653 1325 685 1394 11,
704 1328 748 1378 12.
768 1344 795 1395 ρ.
812 1327 874 1378 492.
894 1324 943 1379 Ed.
962 1337 1045 1380 nostr.
1081 1325 1111 1377 M
1118 1346 1140 1378 r.

407 1417 500 1465 Parva
518 1425 559 1466 est
579 1425 611 1466 ut
630 1433 729 1485 magna
748 1413 840 1483 eulpa]
883 1412 956 1467 Haec
981 1415 1059 1466 verba
1080 1413 1155 1485 quasi
1185 1412 1388 1485 inscriptionem

335 1501 414 1554 habet
431 1500 481 1554 Ed.
499 1502 561 1555 Par.
578 1523 598 1554 s.
618 1522 642 1554 a.
687 1500 746 1555 Hoc
772 1512 863 1555 autem
883 1501 996 1554 voluisse
1014 1502 1144 1555 editorem
1164 1490 1332 1573 incognitum
1351 1503 1390 1555 si·

335 1589 429 1642 demus
447 1589 524 1655 inde,
550 1590 624 1661 quod
650 1589 738 1659 ipsum
757 1586 916 1643 Paradoxon
934 1590 1030 1662 incipit
1047 1590 1080 1642 ab
1099 1592 1153 1653 Ec,
1178 1589 1263 1660 spatio
1288 1593 1389 1645 maiore

332 1676 444 1744 relicto,
463 1666 535 1748 quod
556 1675 716 1746 explendum
735 1686 801 1730 esset
821 1675 897 1729 litera
917 1679 948 1728 N
970 1677 1117 1748 elegantius
1142 1675 1286 1746 pingenda.
1323 1678 1389 1732 Vult

333 1774 425 1817 autem
445 1763 584 1835 inscriptio
602 1763 641 1817 sic
659 1762 741 1832 posita
758 1761 822 1814 nihii
842 1761 914 1814 aiiud
931 1782 1024 1834 quann
1044 1765 1123 1835 culpa
1143 1781 1223 1833 parra
1242 1763 1321 1836 culpa
1342 1777 1388 1828 est,

333 1862 366 1905 ut
386 1869 492 1922 magna.
529 1849 587 1902 Mr.

407 1942 513 2003 Parvo,-
531 1939 636 2010 inquit,
655 1957 698 1989 res
715 1939 767 2004 est]
787 1935 973 2007 „Principium
1000 1949 1038 1993 est
1056 1939 1187 2007 subitum,
1208 1941 1281 2012 quod
1311 1941 1389 2013 vulgo

334 2027 429 2081 dicunt
448 2026 606 2098 abruptum:
641 2025 794 2079 continetur
821 2024 893 2076 enim
922 2026 996 2097 quasi
1022 2027 1159 2099 responsio
1190 2027 1328 2081 Ciceronis
1356 2030 1389 2082 ad

335 2115 516 2169 obiectionem
536 2114 694 2180 adversarii,
723 2114 769 2186 qui
794 2113 947 2186 fingebatur
981 2115 1087 2180 dixisse,
1115 2134 1222 2186 parvam
1251 2133 1309 2169 rem
1333 2135 1389 2171 esse

335 2204 477 2256 denarium
504 2203 584 2256 alicui
609 2202 730 2268 auferre,
756 2211 828 2256 certe
858 2201 944 2256 multo
969 2203 1118 2270 minorem,
1149 2223 1228 2275 quam
1259 2202 1390 2257 talentum

335 2292 412 2346 alteri
430 2291 577 2344 adimere.“
593 2292 698 2362 wyn.

408 2390 440 2430 at
458 2397 558 2450 magna
576 2379 668 2448 culpa]
705 2378 785 2446 „Hoc
803 2389 828 2432 et
848 2389 935 2432 cetera
954 2379 1089 2451 usquead
1113 2379 1218 2435 initium
1237 2382 1330 2452 capitis
1348 2399 1390 2433 se-

334 2468 443 2543 quentis
461 2467 594 2522 habentur
612 2486 644 2520 ac
662 2466 790 2520 dicuutur
808 2485 837 2519 es
858 2485 972 2538 persona
989 2467 1072 2538 ipsius
1089 2465 1236 2522 Ciceronis.
1273 2468 1304 2522 si
1324 2468 1391 2522 haec

320 2558 418 2613 dictio
444 2554 591 2627 periphrasi
618 2554 753 2607 reddenda
781 2556 828 2620 sit,
862 2557 899 2608 ita
917 2554 988 2608 haud
1006 2554 1097 2625 inepte
1116 2554 1257 2609 reddatur:
1286 2555 1329 2608 Tu
1348 2555 1388 2607 di-

335 2644 376 2705 cis
401 2643 525 2715 exiguum
557 2661 612 2694 esse
644 2643 783 2713 negotium
803 2662 825 2698 v.
852 2662 877 2697 c.
896 2642 1037 2696 denarium
1062 2641 1153 2694 furari.
1207 2641 1243 2696 At
1270 2661 1321 2714 ego
1347 2661 1392 2695 re-

334 2730 469 2805 spondeo,
487 2748 614 2801 magnam
626 2747 681 2782 esse
698 2728 750 2780 vim
769 2733 887 2801 peccati:
909 2750 997 2803 neque
1015 2729 1087 2784 enim
1102 2739 1210 2800 peccata
1224 2729 1292 2782 exitu
1305 2731 1391 2784 sacto-

333 2836 412 2884 rum,
431 2817 477 2870 sed
496 2817 622 2889 pravitate
638 2817 790 2869 animorum
810 2819 985 2889 ponderanda
999 2819 1082 2871 esse.“
1099 2818 1204 2888 Wytt.
1241 2817 1284 2868 De
1302 2819 1391 2886 culpa,

335 2906 448 2978 eiusque
477 2905 647 2977 synonymis,
677 2924 824 2976 earumque
850 2924 945 2959 vocum
973 2925 1022 2959 usu
1051 2904 1100 2958 rid.
1134 2904 1306 2958 Doederlein.
1333 2904 1389 2957 Lat.

336 2996 440 3067 Synon.
460 3014 487 3047 u.
506 2992 622 3065 Etymoi.
642 2991 673 3045 H.
692 3013 719 3064 p.
739 2997 800 3049 152.
835 2993 866 3045 M
873 3014 895 3046 r.

409 3087 465 3134 Nec
492 3084 561 3134 enim
580 3083 642 3149 etc]
679 3079 749 3133 Cum
774 3100 884 3152 peccas,
913 3101 969 3134 non
997 3080 1023 3133 id
1050 3081 1214 3136 considerari
1237 3081 1331 3145 debet,
1361 3079 1389 3131 in

338 3190 394 3243 quo
413 3189 516 3241 peccas,
535 3180 582 3222 aut
596 3168 669 3240 quod
689 3189 718 3221 er
738 3180 848 3239 peccato
859 3170 994 3241 sequitur:
1016 3171 1060 3222 sed
1080 3171 1168 3240 ipsum
1187 3187 1308 3239 peccare,
1328 3168 1388 3221 vitio

336 3277 419 3331 seque
438 3278 525 3330 agere.
560 3256 631 3310 Hinc
648 3268 738 3310 autem
758 3258 894 3328 sequitur,
926 3268 1033 3326 peccata
1060 3276 1114 3310 esse
1140 3255 1261 3327 aequalia
1283 3274 1389 3325 genere,

337 3361 367 3402 ut
385 3358 447 3400 sunt
464 3344 547 3399 homo
566 3355 592 3397 et
612 3343 716 3408 bellua,
736 3362 798 3396 non·
811 3345 899 3414 specie
917 3356 1015 3397 tamen.
1052 3343 1150 3396 Facu.

411 3437 466 3485 Nec
483 3431 553 3482 enim
568 3430 692 3498 peccota]
711 3430 765 3482 Pro
783 3449 831 3482 nec
848 3442 888 3483 est
905 3448 989 3500 neque
1007 3429 1035 3481 in
1054 3429 1105 3482 Os.
1121 3429 1154 3481 E.
1200 3430 1302 3481 Vocem
1322 3429 1390 3478 enim

335 3520 437 3578 omittit
454 3517 504 3569 Ed.
522 3536 565 3587 ap.
587 3515 673 3568 Meus.
698 3514 777 3567 Hdlb.
804 3535 824 3568 s.
852 3516 870 3569 1.
888 3526 915 3568 et
933 3534 957 3568 a.
985 3517 1055 3567 Ven.
1072 3519 1153 3568 1492.
1177 3517 1257 3568 1514.
1298 3514 1391 3585 Pergit

335 3609 406 3666 Cod.
426 3605 484 3659 cn.
503 3607 529 3657 1.
544 3613 659 3673 peccatu
678 3622 743 3655 non
760 3613 887 3656 eventu
906 3620 1032 3659 rerum,
1057 3599 1122 3654 Oxx.
1142 3599 1172 3652 E.
1193 3602 1213 3652 Ι.
1241 3619 1279 3651 ex
1303 3618 1391 3651 rerum

336 3707 449 3760 eventu,
467 3692 511 3746 sed
530 3710 571 3743 ex
590 3690 672 3744 vitiis.
709 3689 781 3744 Gud.
801 3690 833 3743 A.
853 3699 949 3743 eventu
969 3707 1065 3755 rerum,
1084 3688 1179 3742 Duisb.
1192 3706 1279 3740 rerum
1296 3705 1392 3739 even-

337 3787 401 3843 tis,
419 3781 526 3836 Suerin.
545 3798 633 3832 rerum
652 3778 852 3832 eventibus.
889 3778 992 3832 Laudat
1008 3776 1089 3849 Borg.
1109 3775 1165 3832 Cic.
1186 3774 1220 3831 de
1239 3779 1296 3830 lnv.
1315 3774 1390 3842 HJ:

340 3892 393 3926 non
410 3871 480 3923 enim
496 3888 529 3920 ex
548 3876 674 3920 eventu
694 3867 884 3938 cogitationem
902 3867 1021 3938 spectari
1037 3875 1158 3937 oportet,
1182 3867 1230 3920 sed
1247 3885 1302 3940 qna
1320 3867 1393 3937 cogi-

340 3961 444 4014 tatione
473 3968 501 4010 et
528 3975 574 4027 spe
599 3956 637 4006 ad
654 3955 815 4023 rnaieficr'um
831 3954 974 4027 profectus
992 3957 1044 4019 sit,
1071 3955 1234 4008 considerari
1241 3975 1250 4014 ‚-
1275 3963 1302 4005 et
1328 3971 1390 4024 qno

340 4050 450 4102 animo
469 4045 536 4117 quid
554 4043 666 4116 quisque
679 4041 790 4112 faciat,
815 4062 867 4094 non
886 4062 938 4114 quo
956 4060 1021 4094 casu
1041 4052 1151 4107 utatur,
1180 4044 1218 4092 od
1234 4061 1288 4094 rom
1303 4039 1391 4109 perti-

338 4147 399 4189 net.-
418 4132 480 4189 coll.
497 4130 548 4184 Or.
566 4150 617 4202 pro
636 4130 713 4184 Rosr.
731 4132 809 4186 Coro.
828 4133 871 4184 tt.
909 4130 986 4184 Auct.
1008 4130 1041 4183 ad
1059 4129 1178 4184 Herenn.
1197 4127 1229 4193 11,
1251 4131 1293 4181 16.
1329 4125 1388 4177 Mr.

409 4240 498 4274 rerum
515 4229 612 4270 eventu
626 4246 660 4257 -
671 4219 804 4271 metiendo
821 4222 907 4287 sunt]
942 4218 1008 4285 „Est
1021 4217 1073 4270 hoc
1092 4225 1264 4286 praeceptum
1283 4214 1389 4282 pervul-

338 4321 428 4382 gatum
453 4319 480 4361 et
497 4325 602 4360 verum:
627 4316 738 4375 peccata
763 4324 912 4377 eorumque
938 4302 1143 4374 imputationem
1169 4318 1227 4353 nnn
1253 4299 1386 4353 metienda

337 4417 395 4455 esse,
410 4395 524 4460 effectu,
541 4392 586 4446 sed
606 4393 762 4445 intentione.
805 4392 865 4446 Huc
890 4391 1005 4464 pertinet
1033 4389 1097 4441 iliud
1116 4386 1206 4443 Ovidii
1229 4384 1337 4441 Heroid.
1356 4389 1388 4457 n,

338 4488 371 4540 ⁸5
391 4503 447 4554 sq.:
