3450 5342
338 654 413 729 286
669 676 841 729 rsnsuoxn
870 675 1064 725 erorconun.

336 842 391 893 Pro
408 849 522 908 exoptas
541 839 638 910 legitur
656 849 735 908 optas
754 839 780 890 in
801 836 888 891 Codd.
908 837 979 890 Gud.
1000 836 1032 891 Α.
1051 836 1082 891 B.
1101 836 1179 890 Sues.
1198 838 1317 892 Drsd.l.
1330 844 1384 895 Η.

336 933 362 982 4.
382 932 407 982 5.
425 930 484 980 cn.
504 932 547 994 λς
564 928 593 980 in
612 926 676 980 On.
695 927 726 978 E.
744 946 769 993 η.
789 945 813 981 a.
833 943 863 987 ψ.
883 935 973 994 optes,
1001 925 1054 979 Ox.
1074 926 1093 977 l.
1117 937 1239 996 exoptes.
1278 928 1385 999 Elegan-

337 1017 388 1069 tius
406 1015 513 1069 scilicet.
548 1014 607 1069 Mc.

407 1108 507 1174 Itaque
523 1103 606 1154 istam
622 1112 858 1172 paupertatem-
868 1110 1059 1172 egestatem—
1072 1101 1287 1169 mendicitatem]
1306 1101 1382 1155 Codd.

337 1192 388 1248 Os.
404 1191 424 1244 Ι.
444 1191 524 1244 Drsd.
542 1194 568 1243 5.
586 1191 668 1242 istam
682 1198 873 1259 paupertatem
892 1199 995 1243 tuam.
1021 1190 1079 1240 Cre.
1096 1191 1120 1240 1.
1137 1188 1180 1239 vel
1197 1200 1383 1260 egestatem

334 1280 468 1349 potius.
504 1276 583 1330 Drsd.
602 1280 627 1329 1.
646 1279 673 1329 3.
692 1286 757 1326 aut
777 1275 982 1328 mendicitatem.
1018 1268 1146 1328 Drsd.'5.
1167 1293 1203 1326 ac
1220 1276 1384 1326 indicito·

337 1377 421 1425 tem‚·
440 1364 553 1418 Drsd.4.
573 1382 605 1413 ac
614 1362 839 1414 mendacitatem
849 1380 987 1433 nunquam
1006 1359 1152 1414 obsecra
1170 1363 1275 1416 tulisti.
1308 1363 1383 1435 Egre-

337 1454 389 1524 gie.
424 1451 496 1505 Gud.
514 1451 546 1504 B.
571 1450 610 1502 ab
628 1468 766 1521 nunquam
797 1450 899 1506 tulisti.
918 1448 977 1502 Mr.
1025 1449 1097 1516 „Vel
1123 1450 1220 1521 patiue
1245 1460 1380 1521 egestatem

338 1539 470 1594 correctio
488 1534 690 1608 [ἐπανόρθωσις]
716 1547 761 1589 eet.
804 1540 961 1604 Paupertas
986 1554 1186 1608 nonnunquam
1211 1537 1321 1592 honesta
1343 1548 1381 1590 est.

336 1638 443 1699 egestas
461 1647 523 1680 sero
542 1645 648 1697 semper
666 1624 759 1696 turpis.
795 1622 876 1694 Apud
894 1624 1037 1696 Virgilium
1057 1624 1127 1678 libro
1144 1629 1172 1680 5.
1200 1627 1314 1680 Aeneid.
1330 1637 1380 1678 tur·

336 1716 380 1785 pis
397 1719 515 1787 Egestas
532 1715 560 1767 io
579 1713 708 1767 vestibulo
733 1713 882 1765 inferorum
909 1713 1036 1767 habitere*
1066 1713 1087 1765 F
1096 1733 1141 1768 rc.
1166 1713 1262 1785 Syls.
1306 1715 1381 1768 Locos

338 1814 378 1856 est
397 1802 463 1855 Aen.
483 1802 528 1868 Vl,
548 1804 613 1856 276:
630 1813 657 1853 et
675 1805 785 1865 Metus,
802 1810 830 1850 et
848 1800 1008 1852 malesuada
1027 1805 1137 1866 Fames,
1160 1821 1194 1853 ac
1212 1805 1304 1872 turpis
1321 1808 1381 1874 Ege·

337 1900 405 1942 stas.
442 1888 500 1941 Mr.
545 1894 728 1958 ‚,Paupertas‚
756 1887 859 1941 Graece
877 1895 966 1951 neria,
985 1899 1037 1954 est,
1062 1889 1082 1941 si
1103 1889 1164 1960 quis
1188 1901 1236 1942 aut
1261 1891 1324 1944 nihil
1345 1902 1382 1944 aut

339 1996 426 2049 pauca
446 1976 575 2048 possidet:
604 1995 659 2048 quo
684 1976 712 2028 in
737 1987 805 2029 statu
826 1987 912 2046 potest
930 1976 968 2029 vel
987 1994 1050 2030 suae
1069 1977 1204 2046 paucitate
1223 1977 1381 2048 possessionis

338 2075 479 2118 contentus
498 2084 567 2128 esse,
591 2064 630 2116 vel
650 2083 705 2116 non
730 2082 785 2116 esse
811 2076 962 2118 contentus.
1012 2067 1120 2134 Egenus
1146 2064 1264 2132 dicitur,
1290 2067 1310 2119 si
1334 2066 1381 2138 quis

338 2153 418 2206 sentit
433 2154 483 2206 sibi
501 2154 590 2206 deesse
608 2163 635 2205 et
652 2151 703 2204 hoc
722 2151 891 2205 vehementer
909 2152 1024 2223 appetit:
1044 2152 1089 2222 qui
1109 2153 1225 2206 allectus
1245 2165 1329 2224 potest
1345 2172 1381 2206 ce·

340 2243 403 2293 dere
420 2241 459 2293 rel
479 2243 508 2293 in
527 2259 673 2312 pauperem
691 2239 730 2291 rel
750 2239 778 2292 in
798 2239 914 2293 divitem.
956 2239 1061 2317 Graece
1080 2237 1169 2310 ἐνδεής
1188 2253 1216 2294 et
1235 2253 1333 2312 egestas
1350 2243 1382 2291 ir·

339 2333 406 2381 drea.
443 2329 593 2392 Mendicus,
612 2326 713 2392 πτωχός
732 2338 759 2379 et
773 2333 898 2393 πτωχεία,
916 2325 1022 2393 dicitur,
1041 2328 1062 2380 sl
1082 2328 1142 2400 quis
1160 2328 1273 2400 publice
1288 2330 1321 2381 ab
1335 2328 1382 2381 eliis

339 2417 434 2486 stipem
453 2425 530 2486 roget
548 2414 599 2467 sive
620 2413 818 2467 munusculum.
863 2415 906 2467 De
924 2415 1074 2467 dillerentia
1099 2415 1149 2468 bac
1168 2416 1279 2487 elegans
1295 2427 1331 2469 est
1348 2417 1380 2468 lo·

340 2522 387 2556 cus
412 2504 439 2556 in
459 2501 645 2574 Aristophanis
672 2503 827 2567 comoedis,
856 2522 925 2574 quae
955 2503 1109 2556 inscribitur
1135 2502 1260 2557 Plutus“
1289 2508 1381 2576 wyse

340 2591 386 2646 Est
403 2591 475 2644 Pluti
493 2591 678 2662 Aristophanei
697 2591 772 2643 locus
790 2610 812 2642 v.
829 2594 994 2644 545—554.
1007 2591 1060 2643 *ed
1080 2590 1196 2661 llemst.,
1228 2597 1379 2648 545-550,

341 2679 418 2733 Both.
455 2679 588 2733 Accurate
613 2679 645 2730 de
673 2697 766 2731 eorum
791 2680 936 2731 verborum
960 2679 1113 2732 differentia
1142 2681 1197 2750 egit
1220 2680 1379 2734 Doederlein.

338 2768 394 2822 Lat.
413 2768 517 2840 Synon.
537 2788 563 2820 u.
583 2767 700 2837 Etymol.
719 2765 765 2831 lll,
784 2788 808 2838 p.
829 2772 995 2822 stt-120.
1024 2788 1075 2822 nec
1102 2769 1188 2822 nostri
1212 2769 1267 2823 loci
1290 2770 1382 2823 oblitus.

338 2858 416 2910 conl.
436 2857 518 2910 eiusd.
543 2856 649 2908 llandb.
674 2855 701 2909 d.
729 2855 786 2908 Lat.
805 2854 911 2925 Synon.
938 2876 963 2927 p.
984 2860 1034 2910 155
1054 2876 1093 2927 sq.
1136 2855 1310 2910 Schmnlleld.
1334 2857 1379 2909 lat.

338 2944 441 3016 Synon.
461 2966 485 3015 p.
501 2949 553 2998 152
572 2963 612 3014 sq.
631 2943 673 2994 ed.
693 2947 718 2995 2.
737 2942 853 2996 Schultz.
872 2944 929 2999 Lat.
950 2943 1055 3016 Synon.
1074 2965 1100 3014 p.
1111 2947 1164 2998 259
1177 2966 1217 3015 sq.
1258 2946 1312 2999 Nec
1326 2965 1381 2999 con·

339 3033 497 3085 temnendus
514 3043 553 3084 est
568 3030 702 3082 Ausonius
719 3030 824 3101 Popma
843 3031 885 3084 De
897 3032 1062 3085 Differentiis
1081 3033 1237 3100 verborum,
1258 3055 1284 3106 p.
1295 3038 1342 3091 539
1350 3054 1381 3104 sq.

339 3124 391 3173 293
410 3139 468 3190 sqq.
487 3123 548 3172 4ll.
566 3119 608 3171 ed.
628 3117 812 3173 Messerschm.
849 3119 891 3171 Ad
912 3121 990 3172 rerba
1010 3121 1116 3173 confert
1134 3120 1217 3192 Borg.
1243 3121 1318 3175 Orat.
1338 3121 1381 3173 Cs-

339 3207 404 3259 tilio.
424 3208 471 3272 lV,
491 3212 522 3261 5:
542 3217 574 3258 ut
592 3225 680 3258 omnes
698 3208 782 3258 animi
800 3209 940 3258 cruciatus
958 3217 985 3257 et
1005 3209 1134 3276 corporis,
1152 3210 1238 3260 etiarn
1255 3219 1381 3281 egestas

339 3312 370 3345 ac
389 3295 598 3346 mendicitas
615 3304 803 3366 consequatur.
839 3293 870 3344 M
877 3313 898 3346 r.

410 3385 481 3434 Nam
500 3394 532 3435 ut
550 3386 560 3434 i
567 3384 624 3450 is‚]
662 3382 745 3435 Solita
765 3383 924 3435 confusione
943 3384 1040 3455 legitur
1056 3385 1097 3434 tn's
1117 3385 1145 3436 in
1163 3383 1253 3437 Codd.
1269 3389 1324 3438 Cre.
1333 3390 1354 3437 2.
1363 3387 1382 3436 3.

338 3469 410 3523 Gud.
430 3471 463 3524 Α.
484 3471 563 3524 Drsd.
582 3475 607 3524 1.
628 3477 651 3524 2.
671 3475 696 3525 3.
715 3475 743 3524 4.
763 3476 789 3525 5.
813 3471 881 3523 Edd.
912 3471 991 3524 lldlb.
1020 3472 1081 3523 Par.
1112 3476 1293 3527 1507.1512.
1315 3475 1380 3526 tart.

338 3559 405 3613 Ven.
425 3564 504 3613 1514.
525 3560 589 3629 Arg.
608 3559 692 3629 Lugd.
712 3558 792 3610 Solus
811 3562 869 3612 Cra.
889 3563 914 3610 1.
940 3559 1042 3612 exhibet
1068 3561 1142 3624 illi,
1171 3562 1220 3631 qui
1238 3590 1275 3601 ·-
1294 3576 1381 3631 quac·

338 3648 398 3702 rit.
435 3647 503 3698 Cod.
531 3636 610 3699 Drsd.
629 3650 655 3699 4.
681 3648 724 3696 uti
743 3647 776 3697 is.
814 3647 885 3700 Gud.
905 3646 936 3701 B.
965 3649 1007 3698 uti
1027 3648 1079 3698 Iris·
1122 3646 1198 3700 ldem
1218 3649 1315 3702 omittit
1336 3645 1381 3718 qul.

339 3732 411 3785 Gud.
432 3739 464 3785 Α.
483 3733 581 3786 omittit
598 3753 660 3785 rem.
698 3733 755 3786 Mr.

411 3822 458 3890 qni
477 3821 585 3870 honeste
604 3839 658 3871 rem
683 3825 830 3892 quaerunt]
880 3823 947 3878 Cod.
966 3824 1044 3877 Suer.
1073 3826 1243 3876 honestate
1271 3843 1318 3877 rem
1341 3840 1381 3892 qu.

339 3907 425 3961 Codd.
443 3905 501 3958 Cre.
520 3911 546 3960 1.
565 3907 644 3960 Drsd.
657 3912 684 3961 4.
705 3909 863 3963 honestam
878 3934 932 3964 rem
940 3935 950 3975 ,·
970 3915 1049 3966 Drsd.
1060 3918 1086 3968 5.
1104 3914 1296 3965 honestatem
1308 3927 1381 3983 quat·

339 4008 412 4053 runt.
451 3997 516 4050 cod.
538 3998 596 4050 Cre.
616 4002 641 4050 2.
661 3998 768 4049 lrvneste
795 4011 944 4070 quaerunt,
969 4001 1067 4053 omisso
1091 4019 1165 4060 νοω,-
1195 4000 1241 4052 sed
1270 4000 1335 4052 idem
1359 3997 1380 4046 in

339 4087 525 4158 sequentibus,
545 4097 605 4157 post
623 4087 735 4152 dandis,
754 4089 880 4142 insertam
900 4089 979 4142 habet
996 4106 1088 4142 vocene
1117 4089 1233 4154 victure,
1262 4098 1291 4140 ut
1309 4103 1382 4156 appe·

339 4186 409 4240 reat,
435 4174 579 4239 Codicem,
600 4194 630 4227 ex
655 4194 710 4244 quo
729 4179 788 4228 Cre.
807 4182 831 4229 2.
857 4178 1006 4249 descriptus
1032 4187 1084 4240 est,
1115 4195 1165 4246 pro
1194 4194 1249 4226 rem
1273 4174 1382 4226 habuisse

340 4260 471 4329 glossam,
491 4282 546 4314 non
566 4263 711 4315 admodum
730 4275 834 4334 aptam,
857 4267 973 4329 victum,
1003 4284 1072 4336 quae
1091 4284 1105 4316 a
1127 4265 1240 4316 librario
1259 4265 1319 4319 loco
1336 4279 1382 4315 non

266 4400 268 4405 ,
339 4366 389 4399 suo
408 4349 436 4400 in
462 4360 613 4402 contextum
636 4361 675 4404 est
702 4363 807 4424 recepta
828 4353 866 4406 vel
896 4355 984 4425 potius
1011 4355 1121 4406 intrusa.
1169 4355 1236 4403 Item
1268 4364 1383 4425 quaerere

230 4446 233 4452 ’
342 4434 429 4503 Wyn.
451 4436 561 4506 explicat
575 4440 767 4505 passessionem
786 4442 941 4513 acquirereJ
961 4442 1048 4513 aptius
1057 4441 1079 4493 F
1081 4440 1229 4495 orcellinus
1247 4442 1275 4495 in
1289 4441 1382 4493 Lesieo:
