3450 5342
652 681 848 731 rrnrnoxor
871 681 914 728 vr.
950 681 1020 728 aar.
1039 683 1074 730 u.
1323 664 1396 737 303

344 845 453 900 tentia.“
491 845 572 899 Recte
591 853 678 897 autem
700 842 802 897 Gernb.
837 842 868 895 ln
888 841 945 908 bac,
965 840 1065 912 inquit,
1086 841 1187 896 virtutis
1204 862 1265 909 cum
1284 850 1398 918 pecunia

345 932 546 1003 comparatione
565 930 631 986 haee
649 951 697 984 vox
716 951 772 984 non
792 943 830 984 est
848 929 967 983 molesta.
1003 927 1063 981 Mr.

415 1031 508 1072 utrum
532 1039 629 1072 aurum
657 1019 837 1085 Samnitum]
871 1016 912 1069 Ad
943 1035 999 1068 rem
1025 1017 1113 1088 Wyu.
1139 1016 1166 1068 in
1197 1017 1292 1072 scholis
1321 1020 1398 1075 haec:

342 1109 423 1175 „Fuit
441 1108 625 1161 Romanorum
650 1107 774 1160 adversus
797 1105 931 1159 Samnites·
958 1103 1058 1157 bellum
1083 1104 1265 1170 diuturnum,
1284 1106 1340 1160 lere
1366 1111 1398 1163 ad

343 1198 477 1268 octoginta
505 1217 605 1263 annos,
634 1195 706 1267 quod
732 1214 810 1265 saepe
840 1212 940 1264 magno
968 1211 1029 1245 cum
1060 1192 1245 1245 Romanorum
1274 1194 1395 1265 periculo

343 1297 448 1354 gestum
467 1288 534 1339 est.“
570 1285 658 1338 Exstat
675 1295 763 1337 autem
783 1282 850 1335 liber
868 1281 888 1336 l.
905 1279 938 1333 G.
958 1278 1197 1346 Zinlreisenii,
1224 1283 1270 1355 qui
1296 1283 1392 1337 inscri-

342 1373 415 1425 bitur
432 1373 589 1428 Samnitica.
626 1371 782 1425 Dissertatio
800 1369 933 1423 bistorica.
970 1367 1073 1439 Lipsiae
1090 1387 1132 1440 ap.
1148 1369 1239 1425 Barth.
1258 1375 1336 1427 1831.
1354 1375 1397 1427 38.

343 1482 389 1533 pp.
406 1465 433 1514 4.
452 1490 487 1501 -
523 1459 657 1515 scribitur
674 1461 828 1512 Samnitum
845 1477 882 1508 an
901 1458 1096 1510 Samnitum
1121 1459 1148 1512 in
1171 1460 1237 1513 cod.
1257 1460 1337 1517 Drsd.
1355 1466 1395 1526 l.;

343 1532 399 1620 pro·
412 1550 564 1601 Samnitum
590 1548 713 1601 exhibent
731 1547 893 1600 Samnitium
911 1545 978 1598 Edd.
998 1545 1092 1598 Lamb·
1109 1545 1193 1601 Sullr.
1207 1550 1279 1606 Petr.
1300 1550 1396 1606 Calon.

341 1636 384 1689 De
402 1636 517 1689 Genitiri
536 1636 614 1689 huius
632 1636 719 1689 forma
738 1635 769 1688 C.
788 1636 817 1687 L.
836 1634 1016 1689 Schneiderus
1033 1633 1062 1687 ia
1081 1633 1202 1691 Gramm.
1221 1638 1248 1690 L.
1267 1638 1297 1692 L.
1313 1640 1397 1709 (Aus-

341 1724 422 1777 liibrl.
441 1722 562 1775 Gramm.
583 1723 609 1776 d.
627 1723 684 1776 Lat.
697 1722 759 1794 Spr.
781 1723 812 1776 ll.
828 1727 855 1790 1,
875 1727 900 1777 t.
919 1722 1138 1793 (Formenlehre)
1157 1728 1244 1796 pass
1263 1747 1302 1800 sq.
1320 1747 1396 1781 nunc

343 1812 452 1885 quidem
471 1811 559 1864 adbuc
577 1811 605 1863 in
626 1810 733 1881 optimis
751 1810 819 1864 Edd.
839 1810 921 1878 [addo
939 1811 967 1862 in
982 1811 1065 1864 codd.
1075 1812 1211 1880 omuibus]
1231 1824 1322 1867 nostro
1336 1813 1397 1868 loco

342 1902 394 1972 legi
415 1900 478 1953 dicit
496 1899 664 1965 Samnitum,
683 1899 800 1971 itemque
819 1897 891 1970 apud
911 1898 971 1950 Val.
992 1898 1060 1952 Max.
1081 1900 1101 1967 Ι,
1123 1904 1149 1969 6,
1168 1905 1194 1957 4.
1212 1899 1307 1955 Senec.
1322 1905 1395 1955 Con-

340 1988 388 2041 sol.
406 1989 438 2040 ad
458 1987 531 2040 Helv.
549 1991 594 2040 16.
610 1987 679 2040 Plio.
698 1987 730 2040 N.
749 1987 780 2040 ll.
800 1990 844 2053 33,
864 1991 890 2040 2.
910 1998 991 2052 extr.;
1022 1998 1095 2041 recte
1125 1999 1214 2043 tamen
1233 1990 1305 2043 -alibi
1324 1991 1394 2062 apud

340 2076 458 2129 Plinium
476 2087 501 2128 ot
516 2075 626 2129 sortasse
638 2075 716 2128 etiam
732 2075 803 2146 apud
818 2074 978 2130 Ciceronem
987 2075 1068 2130 scribi
1076 2077 1246 2142 Samnitium,
1263 2088 1293 2130 ut
1303 2079 1397 2133 scribi·

342 2174 386 2216 tur
396 2165 559 2233 Quiritium,
578 2184 639 2218 cum
654 2165 746 2233 Quiris
755 2175 781 2217 et
793 2166 900 2216 Samnis
910 2177 981 2218 ortas
994 2163 1109 2218 babeant
1123 2165 1283 2220 Nominativi
1297 2168 1397 2222 formas

341 2253 483 2322 aQuiritis
494 2263 519 2305 et
528 2253 658 2304 Samnitis
673 2253 736 2322 (rid.
755 2253 817 2306 ibid.
836 2273 880 2325 ap.
896 2252 1090 2307 Schneiderum
1110 2274 1137 2325 p.
1150 2253 1234 2322 176),
1253 2255 1298 2328 qui
1320 2259 1395 2310 erant

341 2341 517 2405 Nominatiri3
534 2342 651 2412 optimos
668 2353 756 2395 tamen
771 2341 834 2394 Lirii
854 2341 959 2394 codices
977 2340 1106 2408 exhibere,
1127 2353 1154 2395 ut
1167 2343 1314 2413 Quiritium
1325 2343 1393 2412 (Lir.

342 2431 373 2498 ΙΙ,
393 2434 437 2496 23,
456 2434 481 2483 8.
500 2429 566 2500 ibiq.
593 2427 744 2498 Dralrenb.)
767 2429 806 2482 sic
823 2429 998 2481 Samnitium:
1027 2428 1080 2482 Lir.
1098 2429 1191 2496 Xlllll,
1211 2434 1254 2497 11,
1274 2434 1317 2484 11.
1341 2433 1394 2484 ibi-

342 2517 458 2587 demque
484 2514 581 2582 Dralr,
617 2516 734 2586 itemque
764 2516 952 2586 inscriptiones
981 2527 1089 2569 veteres.
1143 2517 1203 2571 Vid.
1230 2518 1324 2572 Orellii
1351 2520 1395 2572 ln-

341 2605 441 2675 scriptt.
456 2605 523 2656 batt.
535 2602 555 2657 l.
577 2623 602 2673 p.
617 2607 677 2658 146.
696 2603 816 2658 Nesto.
852 2603 925 2656 Add.
939 2605 1064 2659 Arataen.
1085 2604 1117 2656 ad
1137 2603 1195 2658 Sex.
1215 2605 1307 2660 Aurel.
1325 2608 1394 2663 Vict.

340 2693 374 2744 de
393 2691 464 2743 Viris
484 2689 579 2742 lllustr.
596 2693 640 2756 33,
657 2695 683 2744 i.
704 2711 729 2763 p.
748 2695 800 2745 157
817 2692 843 2744 b.
880 2691 995 2744 Torren.
1014 2693 1047 2744 ad
1068 2692 1156 2746 Valer.
1180 2692 1249 2748 Max.
1262 2694 1308 2763 lV,
1322 2697 1348 2761 3,
1367 2700 1392 2750 6.

341 2800 367 2850 p.
387 2781 448 2831 354.
467 2776 560 2830 Vellei.
578 2777 683 2831 Patere.
700 2778 732 2843 ll,
754 2782 803 2843 26,
822 2789 900 2843 extr„
926 2778 1103 2850 Oudendorp.
1123 2779 1156 2832 ad
1175 2780 1296 2835 Frontin.
1316 2782 1393 2836 Stra-

339 2879 391 2935 teg.
413 2865 431 2932 l,
451 2869 476 2930 8,
495 2869 521 2919 3.
541 2886 567 2936 ρ.
586 2869 647 2922 162.
697 2866 766 2931 Nos,
793 2878 822 2920 ut
841 2878 932 2920 nostro
958 2867 1018 2920 loco
1045 2887 1073 2920 ex
1093 2869 1218 2922 omnibus
1237 2869 1310 2924 libris
1329 2891 1390 2925 cum

338 2954 390 3007 Or.
407 2954 528 3027 dedimus
545 2954 711 3017 Samnitum,
729 2955 764 3007 ita
785 2973 847 3008 cum
867 2954 960 3007 eodem
981 2955 1013 3007 de
1032 2955 1092 3008 Dii.
1108 2955 1129 3023 Ι,
1149 2960 1193 3024 33,
1212 2962 1264 3024 ta,
1285 2977 1311 3029 p.
1326 2961 1387 3013 169.

339 3043 463 3098 editionis
480 3054 601 3109 nostrae,
630 3062 659 3095 ex
683 3043 806 3114 plurimis
822 3043 907 3114 iisque
927 3043 1033 3114 optimis
1051 3046 1218 3111 Samnitum,
1245 3065 1306 3100 cum
1331 3046 1387 3100 fieri

339 3133 436 3203 possit,
456 3143 485 3186 ut
502 3133 559 3204 ipse
579 3130 675 3184 Cicero
693 3131 743 3184 sibi
762 3150 818 3183 non
838 3130 918 3201 plane
938 3143 1084 3198 constaret,
1104 3143 1133 3186 ut
1150 3132 1251 3186 lactum
1271 3153 1326 3186 esse
1339 3134 1392 3188 sci·

338 3220 444 3273 mirsia
465 3220 574 3273 nomine
592 3220 791 3285 Phliasiorum,
812 3219 844 3271 de
863 3219 930 3289 Rep.
949 3219 982 3286 ΙΙ,
1003 3223 1030 3274 4.
1050 3240 1077 3291 p.
1098 3223 1157 3273 269.
1176 3220 1216 3273 ed.
1236 3232 1328 3289 nostr„
1346 3222 1392 3275 ubi

338 3310 396 3380 ipse
416 3309 533 3378 primum
552 3307 692 3378 scripserat
709 3307 883 3369 Phliuntios.
910 3306 970 3358 Mr.

410 3415 447 3448 an
465 3414 618 3464 responsum
636 3397 677 3446 Μ’
697 3396 790 3464 Curii]
819 3395 878 3449 Hoc
900 3413 1009 3467 quoque
1029 3392 1105 3460 loco,
1124 3405 1249 3466 utsupra
1267 3396 1328 3450 Par.
1349 3399 1391 3463 V.,

334 3486 437 3540 Curius
459 3485 486 3536 in
512 3481 601 3535 multis
625 3482 699 3535 libris
723 3483 821 3537 dicitur
839 3487 953 3534 Marcus
979 3501 1034 3534 non
1055 3484 1176 3534 Manius·
1221 3482 1390 3538 Praenomen

335 3572 466 3626 omissum
486 3580 522 3623 est
541 3569 569 3621 in
588 3568 701 3623 Drsdb.
719 3569 798 3623 Ox.l.
818 3568 1059 3623 LaudatGraerius
1078 3569 1110 3622 de
1123 3568 1206 3622 Curio
1225 3570 1295 3624 Plin.
1307 3571 1340 3626 N.
1358 3573 1390 3625 H.

335 3664 381 3726 18,
402 3661 427 3712 3.
447 3669 473 3711 et
490 3661 534 3724 16,
554 3659 597 3710 39.
617 3657 667 3725 [est
687 3657 782 3726 XVlll,
800 3662 827 3710 4.
847 3670 872 3711 et
891 3657 959 3725 ΧΙΧ,
978 3662 1022 3723 26,
1040 3659 1078 3726 4.]
1115 3657 1174 3711 Mr.

407 3764 563 3814 responsum
582 3748 632 3797 Μ’.
653 3747 738 3813 Curii]
775 3745 957 3817 „Respondit,
976 3745 1054 3798 malle
1073 3765 1109 3813 se,
1128 3766 1209 3818 quam
1227 3767 1322 3801 aurum
1343 3747 1390 3802 ba·

335 3837 409 3900 bere,
428 3832 587 3886 habentibus
604 3833 746 3904 imperare.
766 3834 828 3888 Vid.
839 3854 862 3889 c.
872 3838 914 3888 16.
934 3833 967 3886 de
976 3832 1147 3888 Senectute.“
1167 3835 1263 3891 Face.
1293 3836 1390 3906 „Unus

335 3922 388 3975 Ox.
408 3924 448 3974 Μ.
467 3920 506 3989 (b.
526 3941 549 3973 e.
569 3921 669 3990 Marci)
688 3926 770 3974 Cur.“
807 3923 934 3976 Gernb.
1037 3973 1039 3976 .

406 4009 582 4059 hereditatem
602 4014 634 4064 L.
653 4010 773 4077 Paulli‚]
817 4012 866 4078 ‚,L.
886 4011 1015 4064 Aemilius
1038 4011 1162 4079 Paullus,
1189 4011 1275 4082 isqui
1294 4009 1386 4062 Mace-

332 4094 443 4148 doniam
461 4095 585 4148 Romano
604 4096 719 4166 imperio
738 4090 857 4166 subiecit,
877 4099 944 4152 duos
962 4099 1030 4153 filios
1048 4101 1075 4152 in
1095 4098 1194 4152 alienas
1210 4097 1322 4150 familias
1340 4098 1388 4150 ad-

332 4182 467 4254 optandos
487 4182 644 4250 tradiderat,
663 4185 793 4238 maiorem
815 4186 851 4255 Q.
871 4188 956 4243 Fabio
974 4187 1107 4253 Maximo,
1127 4187 1199 4240 unde
1214 4186 1257 4239 bic
1275 4184 1387 4257 adopta-

332 4281 375 4324 tus
396 4269 466 4323 filius
484 4271 622 4325 dicebatur
640 4271 675 4340 Q.
688 4273 786 4327 Fabius
804 4275 936 4331 Maximus
955 4274 1130 4329 Aemilianus:
1150 4274 1282 4327 minorem
1299 4285 1387 4327 autem

333 4357 470 4429 adoptarit
487 4358 518 4411 P.
543 4360 684 4413 Cornelius
708 4360 817 4432 Scipio,
844 4364 916 4418 filius
941 4364 1012 4431 eius,
1041 4365 1087 4435 qui
1113 4361 1289 4416 Hannibalem
1316 4362 1387 4418 bello

331 4444 439 4499 Punico
467 4446 585 4500 secundo
609 4447 809 4520 debellaverat,
836 4451 883 4523 qui
915 4451 1056 4523 adoptatus
1077 4449 1199 4521 Scipioni
1231 4449 1299 4505 filius
1324 4451 1387 4504 inde
