3450 5342
678 658 875 720 rrurpoxou
897 660 940 706 vr.
968 653 1037 706 err.
1059 661 1079 706 1.
1334 640 1408 717 263

652 815 997 910 ntndnoxou
1028 821 1097 894 vr.

406 1008 408 1012 ¹
458 1005 549 1091 “Ort
596 1009 701 1108 μόνος
736 1008 1138 1117 deipartricem

463 1173 604 1259 [Solam
633 1176 839 1269 sapientem
872 1199 951 1243 esse
980 1177 1157 1266 divitem]

423 1375 517 1453 Quae
541 1385 591 1443 est
616 1383 679 1445 ista
702 1383 736 1445 in
757 1384 1049 1447 commemoranda
1084 1385 1222 1463 pecunia
1249 1388 1305 1450 tua
1332 1389 1425 1448 tamr

346 1513 489 1579 insolens
513 1520 715 1584 ostentatio?
768 1519 909 1584 Solusne
935 1525 970 1584 tu
996 1522 1112 1584 dives?
1164 1521 1229 1586 Pro
1264 1522 1308 1586 dii
1339 1496 1403 1585 im-

345 1655 520 1730 mortales,
547 1674 654 1736 egone
681 1676 733 1721 me
759 1659 923 1722 audivisse
947 1660 1071 1739 aliquid
1099 1665 1131 1722 et
1157 1661 1309 1724 didicisse
1332 1677 1400 1723 non

344 1785 532 1862 gaudeam?
584 1789 724 1855 Solusne
759 1793 874 1857 dives?
928 1793 1032 1872 Quid,
1067 1795 1093 1857 si
1126 1811 1167 1857 ne
1200 1794 1291 1858 dives
1326 1794 1400 1874 qui·
1435 1886 1438 1891 Ι

342 1921 441 1986 dem‘l
468 1925 563 2004 quid,
589 1928 617 1990 si
644 1945 769 2008 pauper
795 1930 916 1992 etiami
980 1928 1088 2007 Quem
1122 1930 1211 1993 enim
1242 1930 1397 2011 intelligi·
1463 1958 1469 1969 ¹

344 2076 416 2121 mus
430 2059 588 2126 divitem?
614 2066 748 2128 antheo
766 2067 903 2128 verbum
922 2067 955 2128 in
973 2083 1039 2145 quo
1053 2067 1188 2130 homine
1217 2066 1394 2146 ponimusi

345 2195 474 2277 Opinor
491 2199 525 2262 in
548 2218 601 2278 eo,
626 2202 679 2265 eui
701 2205 791 2266 tanta
817 2203 983 2283 possessio
1011 2207 1069 2281 est,
1096 2206 1131 2266 ut
1157 2203 1198 2267 ad
1216 2204 1397 2270 liberaliter

343 2333 519 2399 vivendum
541 2337 638 2400 facile
664 2343 836 2402 contentus
862 2340 919 2403 sit:
956 2341 1010 2420 qui
1031 2340 1109 2403 nihil
1139 2345 1286 2421 quaerat,
1313 2342 1394 2405 nihil

343 2474 490 2549 appetat,
517 2472 597 2535 nihil
624 2478 714 2554 optet
741 2477 891 2557 amplius.
952 2477 1087 2541 Animus
1111 2472 1242 2557 oportet
1262 2484 1336 2541 tuus
1361 2468 1414 2543 te,

342 2605 464 2668 iudicet
489 2607 639 2686 divitem,
665 2627 733 2673 non
760 2613 933 2675 hominum
959 2629 1087 2689 sermo,
1121 2629 1229 2691 neque
1262 2629 1395 2693 posses·

340 2742 451 2805 siones
474 2746 568 2807 tuae:
594 2745 675 2808 nihil
690 2747 753 2810 sihi
772 2747 888 2811 deesse
905 2751 1004 2828 putet,
1031 2748 1111 2811 nihil
1134 2752 1226 2812 curet
1243 2749 1393 2829 amplius.

341 2877 482 2943 Satiatus
501 2884 551 2944 est
570 2883 626 2944 aut
652 2886 824 2947 contentus
852 2885 951 2950 etiam
975 2885 1131 2965 peouniaz
1155 2885 1314 2962 ooneedo,
1341 2884 1393 2947 di-

340 3032 396 3080 ves
423 3035 469 3082 es.
520 3016 578 3082 Sin
604 3023 715 3083 autem
742 3024 877 3100 propter
906 3020 1095 3084 aviditatem
1130 3019 1289 3099 pecuniae
1317 3021 1391 3083 nul·

337 3152 405 3214 lum
426 3156 599 3232 quaestum
624 3157 753 3234 turpem
780 3160 894 3234 putas,
922 3171 1022 3233 quum
1049 3155 1101 3218 isti
1126 3154 1235 3218 ordini
1258 3173 1300 3219 ne
1327 3157 1390 3220 ho-

336 3293 448 3352 nestus
475 3287 607 3366 quidem
632 3289 737 3368 possit
762 3303 833 3350 esse
861 3288 963 3350 ullus:
1000 3289 1028 3349 si
1064 3290 1210 3367 quotidie
1245 3290 1388 3370 fraudas,

334 3423 476 3501 decipis,
509 3421 636 3501 poscis,
673 3420 866 3500 pacisceris,
901 3419 1030 3494 aufers,
1065 3421 1181 3500 eripis:
1214 3423 1242 3483 si
1278 3426 1387 3488 socios

332 3557 468 3639 spolias,
494 3555 659 3619 aerarium
686 3555 830 3634 expilas:
856 3556 885 3619 si
907 3558 1100 3619 testamenta
1121 3555 1304 3619 amicorum
1325 3575 1386 3621 ex·

335 3700 483 3774 spectas,
511 3697 567 3757 aut
590 3710 633 3756 ne
654 3696 825 3773 exspectas
849 3692 999 3772 quidem,
1033 3696 1131 3773 atque
1163 3692 1235 3773 ipse
1261 3709 1386 3775 suppo-

335 3835 403 3907 nis3
440 3833 523 3897 haeo
550 3836 660 3896 utrum
685 3831 903 3910 abundantis,
937 3850 980 3896 an
1018 3831 1142 3913 egentis
1167 3831 1261 3911 signa
1286 3834 1384 3896 sunt?

335 3973 470 4035 Animus
504 3970 647 4034 hominis
689 3971 797 4048 dives,
840 3988 908 4034 non
955 3987 1050 4048 aroa,
1092 3969 1253 4050 appellari
1291 3971 1384 4034 solet.

334 4109 493 4188 Quamvis
520 4108 644 4172 illasii
670 4109 786 4188 plena,
813 4108 891 4171 dum
918 4108 1102 4171 lemanem
1128 4105 1265 4182 videbo,
1300 4106 1385 4169 divi-

332 4249 399 4308 tem
426 4260 493 4309 non
521 4244 655 4325 putabo.
722 4243 852 4308 Etenim
891 4261 934 4307 ex
972 4260 1031 4318 ee,
1066 4244 1224 4322 quantum
1265 4244 1383 4323 cuique

333 4383 411 4449 satis
439 4386 505 4461 est,
528 4383 705 4447 metiuntur
729 4382 880 4447 homines
906 4381 1093 4446 divitiarum
1119 4379 1265 4444 modum.
1327 4382 1381 4447 Fi-
