3450 5342
579 697 774 744 ermncxcu
793 697 835 744 lv.
864 699 934 746 cre.
950 698 970 746 r.
993 698 1027 745 n.
1261 679 1332 754 163

281 867 314 926 et
349 863 504 928 emissam
539 882 558 927 a
597 870 628 928 te
660 865 822 930 nefariam
855 868 890 930 in
927 884 980 930 me
1018 867 1172 932 iniuriam
1204 885 1334 951 semper

281 1002 379 1066 duxi:
414 1004 602 1084 pervenisse
626 1005 668 1068 ad
696 1023 747 1068 me
774 1023 943 1086 nunquam
975 1007 1106 1086 putavi:
1138 1006 1201 1070 nisi
1239 1006 1335 1084 lorte,

282 1158 382 1218 quum
409 1141 549 1222 parietes
577 1141 804 1218 disturbabas,
831 1147 889 1206 aut
913 1159 1013 1222 quum
1040 1143 1132 1206 tectis
1158 1142 1334 1205 sceleratas

279 1275 369 1340 taces
395 1278 575 1357 inferebas,
611 1295 764 1342 meorum
788 1276 912 1357 aliquid
938 1295 1036 1341 ruere
1063 1282 1118 1341 aut
1151 1276 1335 1356 deflagrare
1390 1362 1397 1369 .

280 1414 493 1478 arbitrabare.
525 1482 527 1485 ,
560 1414 648 1481 Nihil
687 1433 795 1497 neque
829 1434 942 1479 meum
976 1418 1040 1492 est,
1078 1432 1186 1494 neque
1224 1414 1335 1478 cuius-

281 1566 395 1627 quam,
432 1551 523 1631 qucd
549 1550 692 1629 auferri,
723 1552 813 1631 quod
839 1552 940 1633 eripi,
975 1550 1064 1630 quod
1091 1550 1194 1613 amitti
1219 1554 1335 1631 potest.

281 1682 315 1747 Si
350 1684 431 1747 mibi
472 1687 648 1768 eripuisses
684 1687 829 1751 divinam
864 1688 965 1752 animi
1001 1687 1065 1749 mei
1104 1688 1333 1764 constantiam,

280 1837 373 1884 meas
400 1838 513 1899 curas,
538 1822 683 1901 vigilias,
715 1823 870 1900 consilia,
909 1823 1026 1904 quibus
1062 1838 1114 1884 res
1141 1822 1273 1901 publica
1299 1827 1335 1886 -te

280 1956 475 2021 invitissimo
501 1962 582 2034 stat;
609 1960 637 2023 si
663 1961 760 2024 buius
787 1960 912 2024 aeterni
937 1959 1088 2023 benelicii
1113 1959 1335 2023 immortalem
1414 1976 1419 1994 ²

281 2094 477 2169 memeriam
511 2095 705 2171 delevisses;
746 2097 851 2161 multo
888 2097 986 2160 etiam
1020 2095 1145 2174 magis,
1183 2095 1212 2158 si
1244 2096 1335 2160 illam

282 2233 444 2307 mentem,
478 2231 564 2294 unde
591 2233 675 2296 baec
697 2232 836 2296 consilia
861 2236 1058 2308 manarunt,
1089 2231 1170 2294 milri
1193 2231 1334 2313 eripuis-

282 2381 352 2439 ses;
375 2369 445 2429 tum
469 2385 531 2447 ego
551 2370 718 2450 accepisse
731 2386 785 2432 me
812 2369 988 2432 confiterer
1008 2369 1172 2432 iniuriam.
1226 2368 1289 2433 Sed
1305 2370 1334 2432 si

281 2500 365 2564 haec
377 2521 438 2566 nec
456 2504 569 2581 iecisti,
587 2523 649 2567 nec
665 2504 775 2568 lacere
791 2505 942 2584 potuisti;
961 2503 1102 2567 reditum
1113 2503 1193 2565 milri
1208 2505 1334 2582 glorio-

280 2619 357 2701 sum
380 2639 501 2703 iniuria
520 2645 576 2705 tua
593 2641 693 2718 dedit,
718 2658 785 2705 non
812 2643 937 2705 exitum
955 2642 1194 2705 calamitosum.
1245 2639 1334 2719 Ergo

280 2788 345 2852 ego
366 2788 498 2854 semper
516 2775 615 2849 civis3
642 2777 674 2838 et
691 2778 760 2838 tum
773 2777 928 2854 maxime,
954 2794 1056 2857 quum
1070 2793 1180 2839 meam
1196 2775 1335 2838 salutem

281 2911 419 2974 senatus
443 2911 563 2976 exteris
589 2912 795 2990 nationibus,
830 2916 867 2976 ut
886 2913 965 2976 civis
992 2912 1125 2993 optimi,
1165 2927 1335 2975 commen-

283 3046 401 3111 dabat:
436 3051 489 3125 tu,
523 3065 565 3112 ne
592 3065 679 3113 nunc
706 3049 857 3130 quidem:
893 3049 955 3112 nisi
985 3048 1086 3149 'sorte‘
1111 3048 1197 3111 idem
1230 3048 1335 3112 hostis

282 3198 356 3247 esse
379 3187 412 3246 et
437 3185 516 3248 civis
543 3190 659 3266 potest.
725 3191 776 3251 An
811 3192 847 3252 tu
882 3189 988 3252 civem
1023 3189 1066 3252 ab
1097 3187 1192 3250 beste
1215 3190 1335 3250 natura

281 3339 323 3385 ac
348 3322 442 3398 loco,
473 3337 541 3385 nen
565 3323 677 3386 animo
703 3323 863 3404 factisque
890 3324 1084 3401 distinguis?
1137 3301 1281 3386 Caedem
1299 3321 1333 3382 in
1348 3340 1372 3385 u
1411 3294 1419 3309 ’

281 3457 359 3521 loro
387 3455 509 3518 iecisti:
535 3458 670 3521 armatis
697 3458 879 3522 latronibus
905 3457 1028 3535 templa
1051 3456 1199 3518 tenuisti:
1223 3454 1334 3533 priva·

281 3595 392 3656 torum
428 3590 566 3670 domes,
605 3591 703 3657 aedes
736 3609 848 3657 sacras
888 3588 1069 3653 incendisti.
1133 3585 1199 3651 Cur
1232 3585 1335 3648 hostis

281 3727 477 3810 Spartacus,
510 3728 600 3791 situ
629 3710 734 3792 civis?
786 3728 884 3792 Pbtes
912 3730 1029 3792 'autem
1065 3741 1137 3788 esse
1176 3728 1211 3787 tu
1244 3722 1334 3800 civis,

282 3866 418 3945 propter
443 3881 543 3944 quem
568 3864 747 3947 aliquando
774 3865 889 3928 civitas
916 3862 1095 3931 nonfuit?
1138 3865 1168 3924 et
1194 3878 1248 3924 me
1275 3862 1333 3922 tuo

281 4000 417 4063 nomine
444 3988 609 4083 appellas,
631 4019 732 4083 quum
758 4019 874 4066 omnes
900 4018 978 4064 meo
1005 3999 1150 4062 discessu
1165 3996 1334 4060 exsulasse

283 4154 355 4201 rem
389 4139 554 4219 publicam
585 4143 722 4222 putenti
774 4114 1011 4222 Nunquamne,
1043 4139 1147 4202 borno
1178 4135 1335 4200 amentis-

283 4275 384 4354 sime,
422 4278 454 4339 te
489 4277 754 4359 circumspicies?
789 4295 978 4359 nunquam,
1016 4293 1077 4338 nec
1111 4272 1189 4353 quid
1223 4271 1346 4374 iacias,¹

283 4413 527 4494 considerabis,
550 4432 612 4478 nec
641 4416 719 4496 quid
745 4417 905 4498 loquare?
946 4414 1058 4479 Nescis
1085 4410 1236 4479 exsllinm
1262 4430 1334 4477 sce·

981 4557 1049 4630 ll*
