3450 5342
655 675 850 729 rantnoiou
875 679 896 723 ι.
934 677 1003 724 cir.
1024 678 1072 725 ur.
1340 661 1389 735 85

409 833 451 881 ito
469 831 581 882 atium
598 831 745 885 laudabilis
764 834 889 901 maxime]
925 834 1043 888 tradedi
1075 855 1136 889 cum
1154 838 1204 892 Or.
1222 861 1270 912 pro
1289 844 1332 895 ita
1356 855 1388 896 et

336 941 366 974 ex
386 938 442 972 uno
461 918 528 973 Cod.
546 918 651 986 Gueii,
670 938 731 975 eum
750 939 780 973 ex
798 939 847 974 usu
866 919 1020 989 Ciceronis,
1046 933 1103 977 turn
1124 925 1186 996 quia
1205 941 1388 985 annumeret

336 1008 418 1057 etiam
437 1007 597 1077 compendia
616 1019 678 1084 sunt
695 1008 723 1061 in
742 1006 829 1065 Codd.
854 1007 889 1060 ita
908 1009 1016 1076 similia,
1045 1021 1073 1064 ut
1099 1014 1239 1084 utriusque
1268 1016 1389 1070 contusio

337 1105 364 1147 et
381 1093 531 1164 legentibus
549 1107 575 1151 et
590 1096 768 1153 scribentibus
785 1096 818 1150 eit
837 1096 1056 1167 frequentissima.
1102 1098 1133 1150 ln
1153 1099 1232 1152 Drsd.
1252 1104 1278 1155 5.
1296 1101 1390 1172 legitur

336 1184 381 1231 ito
399 1183 546 1236 laudabitis
563 1185 691 1249 maxime,
709 1185 737 1236 in
757 1183 836 1237 Dred.
857 1189 884 1237 4.
902 1183 974 1238 Gud.
996 1186 1026 1241 Β.
1053 1187 1095 1259 ito
1120 1198 1147 1237 et
1171 1187 1320 1240 laudabilia
1337 1202 1391 1242 eat

338 1271 459 1326 inarime.
508 1272 627 1342 Pargunt
655 1270 743 1325 codd.
771 1269 831 1328 Cre.
850 1274 876 1325 1.
902 1270 974 1326 Gud.
1001 1273 1032 1328 A.
1057 1272 1088 1325 B.
1120 1271 1187 1327 On.
1212 1273 1245 1327 E.
1262 1275 1282 1328 Ι.
1308 1294 1333 1342 η.
1360 1294 1389 1336 u.

339 1356 419 1410 Drsd.
436 1362 461 1413 2.
479 1361 504 1415 8.
522 1360 712 1431 nequeenim
737 1369 780 1413 aot
806 1359 895 1411 ullum
913 1358 1022 1426 bonum,
1041 1359 1122 1419 Bruti,
1140 1364 1167 1415 4.
1194 1379 1277 1431 neque
1303 1362 1391 1414 enim

337 1445 424 1497 ulium
443 1444 538 1499 bonum
556 1457 619 1502 eet.
654 1446 684 1499 ln
702 1466 778 1518 seqq.
797 1446 868 1500 Gud.
887 1447 919 1499 A.
940 1448 1042 1520 dequo
1065 1447 1089 1499 ia
1105 1446 1204 1499 tabeat
1229 1467 1280 1501 non
1301 1449 1390 1516 poerit

337 1536 445 1588 honeste
461 1535 584 1606 gloriari.
627 1532 699 1588 Gud.
719 1532 750 1587 Β.
780 1534 881 1606 dequo
900 1535 993 1585 nonio
1010 1535 1058 1606 qui
1081 1535 1111 1585 id
1128 1533 1228 1586 habent
1246 1553 1311 1587 non
1326 1551 1389 1603 por·
1449 1531 1456 1550 ⁸

336 1623 375 1674 rit
392 1625 454 1678 lton.
470 1623 593 1695 gloriari.
628 1622 736 1677 Suerin.
754 1624 787 1674 de
804 1641 858 1696 quo
873 1621 884 1673 i
890 1631 957 1673 tem
974 1623 999 1674 ie
1016 1622 1064 1693 qui
1084 1623 1114 1673 id
1135 1622 1234 1674 liabent
1257 1641 1309 1674 non
1325 1641 1388 1690 por-

335 1712 374 1763 eit
392 1713 454 1766 hon.
470 1712 539 1782 glor.
556 1710 636 1765 Drod.
654 1715 679 1765 1.
702 1710 805 1781 dequo
825 1708 850 1761 ἱε
869 1730 903 1747 ⁴-
923 1709 984 1761 oon.
1003 1728 1056 1763 non
1083 1711 1171 1780 poerit
1188 1709 1256 1779 glor.
1284 1706 1343 1762 Crz.
1364 1711 1388 1761 1.

337 1799 371 1848 de
389 1819 442 1870 quo
458 1800 483 1851 ia
502 1826 537 1839 -
555 1816 608 1850 non
628 1799 688 1851 bon.
703 1816 731 1866 p.
744 1797 802 1867 gt.;
823 1793 881 1850 Cra.
902 1800 927 1851 2.
947 1796 979 1848 de
997 1817 1049 1869 quo
1066 1798 1090 1850 io
1108 1797 1156 1868 qui
1173 1795 1254 1847 taber
1272 1796 1308 1854 id.
1327 1797 1387 1851 lton.

335 1902 390 1937 non
407 1886 493 1954 possit
509 1885 625 1956 gloriari
633 1905 643 1944 ,·
663 1885 743 1937 Drrd.
761 1886 788 1937 4.
808 1882 839 1934 tie
858 1901 911 1954 quo
929 1885 1007 1954 quir
1024 1914 1057 1926 ·-
1077 1904 1130 1938 non
1144 1904 1219 1954 pore.
1243 1886 1304 1939 lton.
1327 1885 1388 1955 glo-

336 1974 418 2037 rian}
438 1973 517 2027 Drad.
536 1978 563 2028 5.
582 1975 614 2025 de
632 1993 685 2045 quo
701 1976 726 2024 ia
744 1973 792 2044 qui
808 1971 909 2027 oobaat
936 1991 989 2025 uon
1015 1975 1102 2042 posuit
1127 1975 1188 2028 lion.
1211 1973 1333 2044 gloriari.
1352 2001 1387 2012 -

336 2061 456 2126 „Sensus
464 2060 649 2133 disputationis
665 2073 691 2115 et
703 2061 845 2115 notionum
856 2059 898 2114 hic
910 2069 963 2116 est:
982 2060 1053 2115 Nitrtt
1072 2062 1174 2121 bouum
1188 2072 1235 2126 est,
1254 2061 1304 2115 nisi
1315 2078 1386 2127 eum,

335 2149 428 2219 quiid
447 2149 576 2221 possidet,
595 2147 732 2203 meliorent
753 2149 828 2202 tacit:
858 2148 933 2219 atqui
959 2148 1078 2220 voluptas
1102 2167 1157 2203 non
1183 2148 1307 2203 meliores
1324 2148 1388 2200 facit

336 2237 472 2300 hominen
491 2256 557 2310 ergo
575 2237 696 2309 voluptas
714 2257 770 2291 non
789 2247 827 2293 ett
845 2238 960 2293 bonum.
1000 2235 1033 2289 Si
1052 2235 1172 2308 voluptas
1197 2255 1253 2290 non
1278 2247 1317 2289 eat
1335 2237 1387 2288 bo-

337 2345 418 2392 nurn,
436 2326 555 2397 reliquae
572 2344 616 2378 ret
634 2343 781 2396 corporeae
799 2336 826 2381 et
842 2337 965 2383 externae
985 2324 1074 2377 minus
1099 2324 1179 2378 etiam
1203 2333 1265 2379 suut
1290 2323 1385 2386 bonae,

335 2425 362 2466 et
382 2412 437 2467 soia
456 2414 536 2466 virtus
563 2414 665 2467 bonurn
685 2414 859 2468 iudicandum
886 2424 932 2467 eat.
968 2413 1050 2484 Atqui
1075 2412 1193 2484 reliquae
1220 2430 1261 2465 rea
1287 2428 1386 2482 corpo-

336 2519 398 2552 reae
416 2511 443 2553 et
460 2510 583 2554 externae
601 2502 689 2553 minus
703 2500 781 2554 etiarn
800 2510 862 2554 eunt
881 2500 979 2566 bonae,
998 2518 1080 2571 quam
1095 2499 1230 2570 voluptas:
1249 2517 1313 2570 ergo
1330 2498 1384 2551 sola

336 2590 419 2641 virtue
437 2588 539 2640 bonurn
557 2587 740 2641 iudicandum.
777 2586 932 2640 Stoicorum
952 2587 1020 2641 haec
1044 2597 1101 2639 erat
1120 2586 1202 2649 ratio,
1226 2604 1286 2639 uera
1314 2586 1385 2637 bona

335 2674 469 2728 eiusmodi
487 2693 556 2740 esee,
584 2673 616 2726 de
641 2674 738 2745 quibua
757 2675 816 2746 quia
839 2674 948 2744 gloriari
966 2673 1061 2745 possiti
1091 2672 1124 2725 de
1148 2671 1203 2725 oola
1227 2684 1315 2726 autern
1334 2672 1386 2724 vir·

336 2774 393 2817 tute
411 2760 547 2813 hominem
560 2778 635 2829 posse
653 2760 777 2831 gloriari:
796 2778 861 2830 ergo
879 2759 964 2815 tolum
975 2759 1097 2812 virtutem
1108 2776 1163 2810 esee
1181 2777 1240 2811 vere
1259 2758 1385 2811 bonam.“

335 2848 519 2919 Wyttenb.
794 2856 796 2861 '

408 2938 483 3005 Quid
512 2945 602 2987 autem
626 2945 668 2986 eet
698 2936 794 2987 luorum
818 2935 848 2985 in
881 2932 1052 3001 voluptatei]
1089 2930 1182 2999 „Haeo
1206 2942 1244 2986 eat
1270 2932 1386 2985 oratorio

335 3026 493 3095 disputatio,
518 3026 546 3077 in
578 3042 631 3095 qua
654 3022 878 3093 interrogationes
904 3012 955 3074 iim
978 3021 1078 3077 habent
1104 3019 1318 3075 enuntiationum
1338 3039 1385 3072 ne·

335 3117 473 3184 gantiurn,
492 3113 566 3184 quasi
590 3111 706 3165 dicatur:
726 3110 790 3164 nihil
810 3109 908 3165 horum
927 3121 964 3187 est
982 3110 1010 3163 iu
1029 3110 1177 3181 voluptate:
1195 3107 1315 3179 voluptas
1333 3126 1385 3161 nec

335 3201 474 3254 meliorem
499 3219 550 3253 neo
580 3198 783 3253 laudabiliorem
808 3200 893 3251 rirurn
922 3197 1029 3253 efficit.“
1053 3197 1282 3269 Wyttenb.·-
1316 3194 1383 3257 cot.

335 3291 394 3342 Cra.
416 3293 440 3342 1.
460 3289 527 3360 quid
543 3298 634 3338 autem
653 3289 747 3339 luorum
765 3289 916 3356 ipsorum
935 3297 994 3346 σείς
1022 3285 1129 3339 Sueriu.
1148 3284 1228 3339 Dred.
1245 3288 1272 3336 4.
1290 3283 1385 3334 horum

333 3389 393 3435 εσυ
424 3375 497 3427 Gud.
517 3373 551 3426 Α.
568 3373 600 3424 Β.
631 3373 721 3443 quod
745 3383 836 3425 autem
853 3383 903 3426 eat.
946 3372 1036 3425 Verba
1062 3373 1227 3424 melioratum
1245 3399 1279 3411 -
1298 3372 1384 3421 virum

333 3466 432 3517 derunt
455 3461 483 3512 in
511 3458 581 3510 Gud.
608 3458 641 3510 Α.
692 3458 748 3511 Pro
776 3459 939 3510 melioremne
965 3458 1045 3511 Drod.
1065 3462 1090 3509 t.
1121 3457 1200 3511 habet
1224 3457 1383 3510 meliorem.

333 3550 395 3603 Cra.
407 3550 432 3600 1.
450 3545 556 3599 Suerin.
573 3544 669 3597 Duirb.
686 3563 723 3596 on
741 3560 792 3614 pro
811 3555 871 3598 aur.
887 3545 1064 3600 TumCra.1.
1081 3543 1252 3594 laudabilem.
1270 3541 1383 3596 Drsd.5.

333 3647 397 3689 out
416 3635 573 3707 quiequam,
598 3631 670 3685 Gud.
690 3632 722 3685 A.
749 3641 801 3684 aut
819 3633 927 3704 aliquio.
965 3630 1023 3685 Cra.
1042 3636 1067 3687 2,
1094 3629 1165 3685 Gud.
1183 3630 1221 3683 A:
1243 3631 1384 3699 potiendis,

333 3723 441 3778 Suerin.
453 3720 606 3790 potiendae.
625 3721 683 3772 Mr.

405 3807 550 3863 Gloriando
567 3826 623 3860 rere
640 3818 667 3858 et
683 3806 884 3876 praedicatione
901 3806 981 3875 effert
990 3806 1015 3875 ?]
1047 3808 1209 3872 „Glorioudo
1226 3827 1268 3870 re,
1292 3807 1383 3860 decern

332 3911 359 3953 et
377 3909 488 3969 septem.
513 3897 620 3959 Gloria,
639 3898 735 3948 unua.“
755 3893 827 3948 Atd.
846 3893 877 3946 M
884 3907 977 3949 anut.
1073 3910 1080 3921 ‘

404 3985 626 4057 gloriatione
642 4002 670 4035 re
688 3993 716 4035 et
733 3983 933 4052 praedicatione
951 3985 1133 4052 extoliir?]
1157 3984 1305 4051 ‚,Nonnutti
1324 3984 1383 4037 libri

333 4075 432 4129 habent
449 4071 570 4141 effert?“
592 4071 745 4125 Lambin.
793 4071 947 4142 „Antiquos
971 4072 1039 4126 iiber
1063 4072 1156 4127 habete
1186 4072 1328 4142 gloriando
1356 4089 1383 4122 re

330 4163 416 4213 etium
431 4159 630 4229 praedicatione
647 4157 750 4226 effert.“
769 4159 860 4217 Puto.
885 4159 1043 4215 Ursinus.
1092 4159 1123 4212 Η.
1150 4159 1236 4213 Wott.
1261 4159 1289 4209 in
1316 4176 1383 4210 con-

334 4251 408 4305 textis
427 4260 457 4302 ut
467 4247 619 4303 Lambinus.
656 4246 687 4299 ln
702 4247 825 4303 lemmate
845 4248 1026 4303 annotationis
1045 4248 1135 4300 habet:
1155 4245 1300 4298 Gloriondo
1315 4264 1342 4296 re
1355 4256 1382 4296 et

331 4337 550 4406 praedicatione:
571 4334 815 4388 Annotatioautem
829 4334 894 4388 haec
906 4347 957 4389 est:
975 4332 1061 4399 „Atiiz
1078 4333 1167 4402 glorio
1184 4351 1241 4384 rese
1258 4343 1285 4384 et
1301 4352 1382 4403 prae.

334 4421 574 4491 ‹ttoatiomeffern
610 4420 670 4474 Fre.
689 4420 794 4490 Sylvius
811 4423 849 4477 ric
873 4443 901 4476 se
924 4422 1053 4493 scripturn
1079 4421 1207 4490 reperisse
1230 4422 1257 4475 in
1282 4435 1382 4478 vetusto
1451 4416 1471 4429 ”
