3450 5342
671 692 866 740 vaaaooxorv
886 695 928 740 vr.
958 695 1028 742 car.
1046 696 1082 742 11.
1323 676 1396 750 295

345 859 388 907 21.
408 854 487 907 Oros.
507 856 540 919 V,
559 856 602 905 at.
624 852 716 908 Vellei.
735 853 837 906 Patere.
857 851 889 917 ll,
910 857 952 906 22.
971 853 1043 924 apud
1064 874 1131 925 quos
1150 857 1200 910 vid.
1219 859 1264 928 qui
1282 859 1395 914 laudan·

344 952 388 995 tur
406 945 439 995 ab
463 943 624 1012 interprett.]
675 941 801 994 Formam
827 938 1000 1008 locupletium
1026 941 1126 996 habent
1149 943 1211 995 libri
1237 946 1394 1014 paucissimi,

343 1031 370 1082 in
391 1031 488 1101 quibus
507 1049 571 1082 num
588 1030 640 1082 sint
660 1029 776 1100 ponendi
796 1027 975 1094 oxonienses,
994 1029 1026 1081 ad
1048 1028 1099 1086 Ed.
1119 1030 1233 1092 Oliveti,
1261 1051 1329 1102 quae
1348 1033 1395 1086 ba-

343 1119 389 1171 bet
406 1118 593 1187 locupletium,
613 1117 711 1180 collati,
728 1118 830 1170 dubito.
869 1115 914 1169 Est
935 1118 1064 1170 tamenin
1080 1116 1396 1172 Codd.Crz.3.Gud.B.
1440 1188 1443 1193 Ι

344 1207 438 1260 Duisb.
460 1217 499 1273 et,
518 1218 547 1260 ut
566 1206 681 1272 videtur,
708 1207 736 1258 in
755 1205 841 1260 Codd.
870 1206 903 1258 ab
923 1204 1027 1258 Orellio
1048 1204 1158 1259 collatis.
1205 1206 1273 1258 Edtl.
1300 1205 1394 1258 indea

343 1294 462 1348 Grutero
480 1315 539 1347 eam
558 1294 656 1348 hahent
673 1315 781 1348 omnes:
804 1306 866 1348 ante
884 1293 1033 1346 Gruterum
1054 1293 1121 1346 Edd.
1138 1293 1218 1349 Hdlb.
1240 1295 1307 1346 Ven.
1316 1295 1395 1347 1492.

343 1383 402 1436 Par.
422 1385 502 1436 1⁵12.
526 1384 591 1453 Arg.
618 1383 711 1436 bamb.
740 1382 836 1436 Colon.
854 1381 916 1435 Vid.
935 1401 985 1434 nos
1009 1381 1042 1433 ad
1061 1380 1118 1437 Cic.
1136 1381 1231 1435 Tusce.
1245 1383 1276 1448 V,
1290 1387 1333 1446 20,
1353 1385 1396 1435 58.

343 1474 438 1540 ρ.119.
456 1471 489 1522 Τ.
501 1471 544 1525 lll.
564 1470 628 1542 ibiq.
647 1470 748 1536 landd.,
772 1472 870 1541 quibus
888 1470 955 1522 adde
966 1468 1066 1522 Harles.
1085 1470 1117 1522 ad
1129 1467 1186 1522 Cic.
1199 1469 1274 1522 Verr.
1291 1476 1348 1523 Act.
1362 1469 1394 1525 ll.

342 1558 369 1608 b.
379 1557 422 1623 ΙΙΙ,
435 1562 478 1612 51.
498 1562 575 1630 pus,
591 1559 621 1610 Ρ.
633 1559 664 1612 ll.
685 1558 746 1611 coll.
766 1559 799 1611 ib.
812 1579 837 1631 p.
845 1563 907 1612 4²0.
927 1558 1023 1628 Reisig.
1039 1557 1141 1610 Vorles.
1153 1557 1197 1610 iib'.
1211 1557 1265 1610 Lat.
1276 1556 1394 1628 Sprach-

342 1647 409 1700 wiss.
430 1667 454 1717 p.
475 1649 519 1700 94.
537 1646 601 1717 ibiq.
621 1645 711 1699 laodd.
731 1648 763 1699 ab
783 1647 878 1701 Haasio
897 1657 990 1700 annot.
1007 1649 1051 1698 82.
1071 1647 1113 1699 83.
1165 1645 1193 1696 ln
1222 1644 1329 1716 reliquis
1356 1657 1394 1700 est
1419 1709 1421 1713 Α

340 1735 518 1803 locupletum,
537 1733 610 1804 quod
630 1753 691 1787 cunr
709 1737 878 1806 reprobasset
897 1735 925 1787 F.
946 1740 978 1786 Α.
996 1731 1113 1786 Wolfius
1132 1732 1164 1784 ad
1185 1731 1240 1785 Cic.
1260 1732 1292 1784 de
1312 1731 1343 1784 N.
1357 1731 1392 1784 D.

340 1824 360 1888 l,
380 1825 422 1887 3.,
441 1822 550 1874 servarit
567 1831 656 1874 tamen
674 1822 773 1876 Tusce.
793 1823 810 1875 l.
830 1842 853 1876 c.
890 1821 949 1874 Mr.

413 1909 461 1980 qui
479 1908 572 1960 coedes
597 1911 824 1978 municipiorum,]
869 1909 936 1963 Cod.
961 1908 1019 1962 Cra.
1038 1915 1062 1962 1.
1092 1921 1220 1963 consueto
1250 1928 1325 1962 more
1350 1926 1394 1960 ce-

341 1998 395 2052 des.
416 2027 450 2036 -
487 1996 643 2065 ..Quattuor
660 1998 712 2051 mei
740 2001 939 2069 incomplutam.
982 1997 1066 2062 Sunt,
1093 1999 1138 2069 qui
1166 1997 1255 2068 legant
1280 1997 1394 2049 innuiti-

338 2086 440 2154 pium.“
458 2084 528 2137 Ald.
547 2085 632 2138 Man.
669 2086 784 2139 Volebat
803 2087 886 2140 Aldus
903 2087 959 2140 sine
978 2087 1060 2139 dubio
1079 2088 1250 2155 irrurricipum.
1287 2085 1339 2138 Sed
1349 2085 1393 2136 ille

341 2192 418 2225 error
436 2172 563 2238 debetur,
584 2184 612 2227 ut
632 2174 753 2243 plurimi,
773 2175 885 2228 editioni
903 2174 1076 2239 Graevianae,
1096 2194 1164 2244 quae
1184 2174 1261 2245 plena
1274 2183 1311 2226 est
1323 2173 1392 2224 eius-

341 2262 413 2315 modi
433 2281 577 2331 operarum
596 2282 729 2317 errorum.
773 2263 855 2331 Quod
877 2282 938 2316 cum
965 2263 1093 2333 cogitaret
1112 2261 1228 2328 Ger-nh,
1254 2259 1392 2330 adscripsit

341 2369 395 2402 esse
414 2347 483 2402 hanc
500 2350 642 2403 lectionem
662 2351 939 2423 interpretamentum.
985 2349 1037 2402 Sed
1057 2362 1145 2404 tamen
1165 2363 1191 2403 et
1216 2351 1271 2422 ipse
1296 2368 1392 2421 operas

341 2436 524 2489 inobedientes
542 2436 663 2491 habuisse
682 2440 798 2492 videtur:
826 2451 864 2492 est
884 2438 954 2490 enim
975 2456 1125 2508 expressum
1144 2436 1315 2506 municipium
1341 2456 1390 2507 pro

340 2523 512 2591 municipum.
549 2522 676 2576 Ceterum
696 2537 767 2578 recte
786 2525 877 2578 laudat
894 2524 1068 2578 Plutarchum
1088 2527 1115 2577 in
1134 2525 1217 2578 Sulla.
1227 2528 1270 2580 31.
1290 2536 1316 2577 et
1334 2527 1391 2594 ap-

340 2611 451 2680 pianum
470 2610 502 2662 de
521 2610 597 2662 Bello
616 2610 671 2663 civ.
692 2614 710 2664 Ι.
731 2614 769 2683 [p.
777 2616 831 2665 41111
849 2632 889 2682 sq.
909 2611 950 2664 ed.
970 2611 1002 2666 Η.
1019 2613 1122 2683 steph]
1143 2613 1201 2665 Mc.
1239 2614 1318 2678 „Non
1335 2613 1391 2664 Ro-

341 2717 435 2750 manos
453 2695 540 2749 solum
560 2699 715 2770 proscripsit
734 2700 825 2766 Sulla,
849 2700 895 2753 sed
919 2700 997 2752 etiam
1023 2701 1063 2752 in·
1079 2701 1239 2771 municipia,
1267 2699 1391 2759 colonias,

340 2783 520 2856 praefecturas
537 2785 625 2839 ltaliae
643 2787 748 2854 saeviit,
773 2807 841 2858 quae
858 2789 979 2841 adversas
999 2798 1085 2858 partes
1107 2787 1269 2840 adinverant.
1316 2786 1392 2838 Atio-

339 2893 400 2926 rum
420 2873 492 2924 enim
511 2873 674 2945 oppidorum
694 2895 768 2928 arces
786 2876 995 2941 demoliebatur,
1013 2876 1127 2927 aliorum
1147 2895 1237 2927 muros
1251 2874 1390 2937 evertebat,

338 2962 395 3014 aliis
415 2961 549 3033 publicam
575 2962 686 3016 multam
715 2964 883 3033 imponebat,
909 2963 959 3016 alia
985 2963 1089 3016 tributis
1109 2962 1274 3033 gravioribus
1297 2960 1391 3032 oppri-

339 3051 441 3116 mebat,
466 3062 495 3104 ut
521 3045 672 3104 auctorest
690 3051 831 3121 Appianus
851 3050 880 3118 [l.
899 3053 943 3117 c.].
993 3049 1047 3102 Aut
1073 3050 1167 3100 caedes
1188 3048 1390 3117 municipiorum

337 3137 353 3189 i.
375 3157 399 3190 e.
420 3137 603 3207 municipum,
624 3150 652 3191 ut
670 3138 703 3191 sit
720 3138 866 3192 intellectio
887 3133 1037 3205 [orivsoac].“
1059 3137 1129 3192 Frc.
1149 3136 1168 3189 S
1176 3139 1237 3208 ytv.
1258 3164 1292 3176 --
1326 3136 1388 3202 „Tu

338 3237 402 3279 tunc
429 3225 573 3296 municipia
602 3226 682 3278 caede
715 3225 879 3296 locupletum
903 3225 1088 3278 Marianorum
1117 3225 1269 3296 opplevisti,
1299 3222 1388 3293 prouti
1447 3221 1450 3227 “

335 3315 398 3366 item
418 3312 492 3365 Sulla
512 3312 614 3365 Romae
631 3314 771 3367 faciebat.“
791 3315 897 3386 Wytt.
943 3313 1015 3380 „Alii
1036 3313 1206 3382 ruuuicipum.
1251 3312 1303 3364 Sed
1324 3309 1388 3362 nihil

335 3400 467 3454 interest“
488 3400 534 3466 [sc.
553 3400 585 3450 ad
605 3400 822 3468 servtentiam1ss.
840 3400 945 3453 Wolf.
983 3397 1110 3454 Ceterum
1131 3418 1193 3471 ego,
1213 3401 1324 3471 quinam
1344 3399 1382 3451 vel
1449 3445 1452 3451 ,

335 3486 428 3557 scripti
446 3485 484 3536 rel
504 3485 566 3538 editi
584 3486 721 3541 exhibeant
741 3490 917 3557 municipum,
938 3487 1046 3542 nescio·
1074 3486 1150 3540 Unus
1168 3485 1240 3539 Gud.
1254 3489 1285 3540 Α.
1306 3488 1386 3539 habet

333 3573 536 3640 arroneipiorum.
555 3572 634 3625 Male.
678 3575 719 3628 De
733 3577 886 3648 ¹municipio
905 3566 1046 3629 Praeneste
1072 3565 1153 3628 refert
1171 3574 1225 3626 Liv.
1245 3574 1315 3645 Epit.
1335 3578 1386 3628 88:

334 3666 397 3730 [nec
417 3679 491 3723 vero,
512 3671 540 3714 ut
559 3673 597 3714 est
616 3663 643 3714 in
663 3663 712 3716 Ed.
731 3663 848 3731 Gernh,
867 3667 922 3732 38.]
961 3663 1020 3716 Mr.

407 3749 455 3821 qui
472 3749 549 3799 illam
567 3751 674 3802 Sullani
692 3753 818 3822 temporis
835 3753 953 3819 messem]
999 3749 1087 3818 „Cum
1108 3751 1181 3803 Sulla
1209 3749 1305 3804 civium
1331 3748 1386 3801 Ro·

333 3856 476 3893 manorum
495 3838 564 3890 hona
585 3839 701 3893 vendens
711 3861 786 3894 suam
796 3863 824 3894 se
835 3841 962 3914 praedam
973 3841 1086 3893 vendere
1104 3839 1212 3906 diceret,
1232 3837 1269 3890 Μ.
1277 3836 1386 3889 Crassus

334 3948 364 3979 ex
382 3925 414 3978 iis
434 3928 564 3994 permulta
581 3948 662 3999 parvo
679 3932 751 3985 emit.
781 3934 858 3989 ,Cum
877 3931 948 3984 idem
967 3930 1042 3982 Sulla
1054 3948 1178 3998 magnam
1190 3928 1262 3980 urbis
1281 3938 1384 3995 partem

333 4013 458 4066 incendio
469 4015 622 4082 vastavisset,
633 4037 707 4070 areas
719 4018 814 4071 multas
828 4039 920 4072 earum
931 4018 1033 4070 domini
1044 4026 1157 4088 egestate
1171 4014 1310 4086 compulsi,
1322 4034 1386 4084 par-

333 4103 379 4153 tim
400 4099 464 4152 nihil
483 4101 610 4155 audentes
629 4107 727 4174 petenti
747 4125 844 4177 negare
858 4109 965 4168 Crasso,
984 4105 1159 4158 vendiderunt
1173 4104 1267 4172 exiguo
1286 4100 1386 4172 pretio:

333 4211 384 4262 qua
400 4191 504 4243 ratione
517 4211 640 4262 magnam
662 4194 735 4246 urbis
750 4206 852 4265 partem
869 4195 940 4247 emit.
978 4192 1073 4246 Servos
1092 4191 1124 4243 ad
1145 4191 1305 4260 quingentos
1323 4185 1388 4238 emit

333 4279 435 4330 fabrilis
452 4279 515 4333 artis
533 4290 559 4332 et
576 4281 770 4335 architecturae
790 4284 902 4353 peritos,
929 4280 1026 4352 quibus
1045 4280 1076 4332 ad
1094 4279 1188 4330 domos
1207 4277 1234 4328 in
1254 4275 1321 4326 areis
1342 4294 1386 4326 va-

333 4366 390 4418 cuis
409 4366 585 4421 aediticandas
613 4380 748 4437 uteretur,
777 4390 894 4441 quorum
921 4388 1015 4442 operas
1042 4367 1147 4421 locabat
1171 4366 1214 4429 iis,
1246 4364 1291 4434 qui
1318 4383 1332 4416 a
1358 4384 1385 4416 se

332 4474 407 4509 areas
424 4468 554 4511 emerant.
599 4456 654 4511 Hac
679 4458 782 4511 ratione
809 4458 938 4529 grandem
966 4456 1015 4510 sibi
1042 4456 1183 4527 pecuniam
1214 4451 1385 4524 compararit.
