3450 5342
390 634 462 708 168
716 655 889 701 rsasooxa
917 654 1112 702 srorcoauu.

457 822 516 889 Ego
533 836 592 870 vero
611 818 649 883 te]
670 815 758 882 „Satis
774 813 932 884 intelligitur
950 812 1075 865 Clodium
1094 815 1158 884 peti,
1178 815 1256 868 cuius
1274 813 1437 886 lcgeCicero

388 905 478 976 pulsus
496 904 597 958 civitate
615 903 717 967 luerat;
736 902 836 973 quique
856 902 1034 985 ciceronem,
1060 901 1123 955 licet
1140 904 1194 956 iam
1214 904 1380 969 restitutum,
1397 923 1438 957 ex-

386 993 470 1046 sulem
486 991 621 1063 appellare
639 991 748 1044 solebat.
784 991 911 1042 Ceterum
930 988 982 1042 boc
1006 987 1072 1040 nibil
1096 989 1153 1043 fere
1170 990 1235 1043 facit
1258 990 1293 1043 ad
1314 991 1437 1044 Paradoxi

388 1079 502 1133 titulum.
537 1078 575 1130 Ex
597 1098 651 1150 quo
669 1078 806 1149 sequitur,
836 1074 877 1128 sel
906 1075 1014 1129 titulum
1040 1074 1208 1131 aCicerone
1226 1098 1284 1131 non
1304 1099 1376 1145 esse,
1403 1078 1436 1130 rel

387 1166 579 1221 exercitationis
595 1165 672 1219 buius
690 1175 792 1237 partem
811 1163 954 1216 maximam
972 1163 1264 1219 desiderari.“1·'acc.

457 1257 517 1325 Ego
535 1255 648 1320 more]
686 1253 787 1307 Contra
805 1250 950 1305 Facciolati
976 1252 1135 1305 sententiam
1160 1265 1256 1306 monet
1272 1253 1380 1307 Gernb.
1396 1253 1436 1306 Ci-

387 1360 528 1408 oeronem,
547 1359 609 1394 cum
628 1342 656 1392 in
671 1340 786 1392 mediam
805 1358 863 1390 rem
881 1339 985 1410 rapiat,
1012 1340 1183 1393 acerbissimo
1201 1341 1267 1393 odio
1285 1341 1436 1403 adductum,

389 1427 572 1499 praetermissa
588 1427 663 1478 omni
681 1425 914 1497 argumentatione
933 1425 1113 1480 moderatiore
1131 1437 1157 1480 et
1171 1427 1244 1482 stulti
1262 1428 1383 1482 bominis
1394 1428 1436 1479 de-

388 1513 532 1585 scriptione
551 1533 596 1580 ea,
616 1533 684 1585 quae
702 1514 916 1584 exspectabatur,
935 1515 1023 1567 statim
1042 1514 1221 1567 adversarium
1241 1527 1351 1586 petere,
1367 1534 1437 1568 euru·

389 1620 442 1673 que
460 1621 541 1672 quem
558 1603 675 1654 stultum
692 1621 771 1673 saepe
788 1600 955 1672 appellasset,
973 1602 1108 1673 asperiore
1124 1604 1213 1673 potius
1220 1605 1317 1656 insani
1334 1603 1436 1656 nomine

389 1701 497 1757 notare,
517 1691 617 1761 quippe
636 1691 682 1761 qui
701 1707 757 1742 non
776 1688 869 1742 viderit
886 1688 974 1759 ipsum
992 1708 1047 1742 esse
1065 1690 1178 1758 exulem,
1196 1710 1260 1744 cum
1276 1690 1384 1743 exulare
1399 1690 1437 1742 iu·

389 1777 464 1830 beret
482 1778 567 1830 sirum
586 1778 747 1849 sapientem:
767 1779 802 1830 ita
820 1795 883 1829 eum
902 1775 969 1828 illud
988 1777 1160 1844 Paradoxon,
1180 1778 1284 1830 stultos
1301 1797 1360 1829 esse
1376 1796 1436 1828 exu-

389 1867 427 1918 les
444 1865 508 1934 (Or.
527 1886 578 1937 pro
596 1865 711 1919 Murena
729 1869 773 1931 29,
793 1865 866 1933 tit),
885 1863 963 1916 simul
982 1866 1104 1935 attigisse.
1150 1864 1238 1918 Aliter
1255 1864 1436 1934 seniis'ssorg,

390 1952 436 2023 qui
454 1953 583 2007 Paradosi
608 1954 808 2025 inscriptionem
835 1963 861 2005 et
891 1952 974 2023 ipsius
997 1954 1125 2006 orationis
1148 1954 1272 2019 initium,
1300 1973 1384 2025 usque
1407 1951 1436 2004 ad

389 2041 559 2107 necessariis,
579 2060 642 2095 cum
660 2043 832 2114 sequentibus
849 2061 907 2093 non
925 2041 1069 2094 cohaerere
1088 2041 1223 2095 existimat.
1266 2040 1361 2108 Qua'm
1382 2059 1436 2092 sen·

391 2127 500 2181 tentiam
520 2129 598 2182 etiam
616 2128 737 2201 Scioppii
757 2129 837 2183 luisse
860 2148 942 2200 supra
961 2130 1082 2184 vidimus.
1126 2130 1219 2182 Videri
1248 2130 1332 2199 igitur
1355 2138 1437 2182 censet

391 2216 529 2285 sequentia
557 2228 701 2271 extremam
727 2229 829 2289 partem
856 2214 965 2268 alterius
989 2216 1119 2270 Paradoxi
1144 2216 1313 2270 Stoicorum:
1347 2219 1436 2266 Omma

390 2301 487 2369 probos
504 2322 560 2356 esse
578 2305 663 2371 cives,
692 2316 720 2356 et
746 2325 833 2357 omnes
856 2302 987 2373 improbos
1003 2324 1060 2356 esse
1077 2306 1185 2356 exules:
1210 2303 1324 2357 laudans
1338 2301 1437 2354 Mabuii

392 2388 523 2460 Epistolas
540 2391 679 2445 Sodalium
693 2391 886 2447 Philomathiae
903 2393 933 2462 (a
952 2392 1162 2464 Wyttenbacbio
1180 2392 1280 2460 editae)
1299 2412 1326 2462 p.
1338 2393 1389 2444 ²68
1400 2409 1435 2461 sq.

392 2478 438 2531 ubi
456 2490 508 2534 ests
528 2480 627 2547 „Plura
646 2481 764 2548 luerunt,
784 2501 866 2553 quam
884 2493 950 2554 quot
965 2500 1039 2535 nunc
1056 2492 1170 2546 exstant,
1189 2479 1272 2533 libelli
1291 2479 1436 2532 Paradoxo·

392 2585 452 2618 rum
472 2567 572 2638 capita:
590 2569 722 2640 siquidem
742 2571 836 2640 quarti
861 2570 966 2623 initium
986 2580 1025 2622 est
1050 2570 1082 2622 de
1100 2568 1198 2640 placito
1223 2571 1321 2620 Omnes
1343 2567 1435 2620 stultos

391 2655 526 2720 insanire,
545 2656 591 2709 sed
611 2676 671 2710 mox
690 2657 788 2710 verbis:
818 2657 897 2710 rebus
915 2659 1021 2709 vineam
1039 2657 1197 2708 necessariis
1221 2656 1250 2708 in
1269 2655 1343 2708 aliud
1360 2652 1435 2706 Para·

392 2740 489 2796 doxum
510 2743 604 2797 transit
624 2743 676 2797 boc
693 2764 794 2796 omnem
811 2743 922 2809 probum
949 2763 1005 2795 esse
1030 2746 1111 2796 civem
1129 2755 1179 2796 etc.
1204 2743 1282 2796 cuius
1306 2741 1434 2812 vestigium

391 2832 525 2903 reperitur
542 2831 614 2902 apud
631 2831 777 2884 Stobaeum
795 2831 889 2901 Eclog.
908 2831 994 2884 Etbic.
1013 2853 1040 2902 p.
1053 2836 1113 2885 28⁰.
1137 2830 1179 2885 ed.
1204 2831 1320 2884 Haeren.
1340 2826 1434 2896 φυγάδα

391 2916 477 2970 πάντα
496 2921 594 2979 φαῦλον
611 2911 700 2971 εἷναι.“
737 2917 818 2971 Addit
833 2917 959 2971 llllabnius
972 2919 1210 2989 Wyttenbacbium
1225 2919 1359 2990 insignem
1369 2917 1436 2971 buius

391 3003 475 3058 libelli
495 3002 665 3057 Ciceroniani
684 3005 795 3057 editioni
813 3004 955 3058 faciundae
974 3010 1113 3061 materiam
1132 3006 1271 3077 collegisse
1290 3009 1327 3073 [a.
1343 3005 1434 3071 1813.].

392 3109 474 3161 seque
494 3101 525 3143 ut
543 3091 710 3161 propositum
728 3091 839 3157 efficiat,
855 3103 958 3164 optare.
993 3095 1047 3148 Sed
1067 3115 1230 3168 quamquam
1250 3096 1312 3149 vixit
1331 3096 1369 3148 sir
1391 3111 1435 3146 no·

392 3178 433 3231 bis
451 3197 561 3250 quoque
578 3178 764 3247 amicissimus,
792 3192 818 3234 et
837 3192 996 3252 praeceptor
1019 3184 1166 3253 gratissima
1195 3183 1328 3236 memoria
1353 3198 1435 3254 prose-

394 3265 531 3335 quendus,
550 3267 685 3338 usquead
704 3287 806 3322 annum
824 3268 902 3322 buius
920 3270 1003 3323 seculi
1023 3272 1191 3338 vicesimum,
1221 3271 1389 3342 propositum
1401 3278 1435 3320 ta·

394 3371 456 3406 men
474 3355 540 3409 illud
559 3376 614 3410 non
633 3357 759 3412 ellectum
779 3368 830 3423 est,
860 3377 923 3411 cum
952 3378 1000 3429 par
1018 3358 1122 3431 aliquot
1145 3378 1231 3413 annos
1255 3370 1320 3412 ante
1343 3356 1434 3411 obitum

393 3442 534 3497 oculorum
554 3456 580 3499 et
598 3465 727 3499 manuum
746 3447 879 3500 debilitate
895 3447 1029 3501 laboraret
1047 3468 1124 3501 senex
1143 3467 1191 3519 per
1205 3457 1289 3500 totam
1310 3446 1386 3499 vitam
1401 3443 1435 3494 la·

394 3529 598 3587 boriosissimus.
634 3535 694 3588 Mr.

465 3624 524 3692 Ego
542 3642 603 3674 vero
622 3632 649 3673 te
667 3652 701 3662 -
720 3624 856 3692 insanum]
877 3624 979 3678 Laudat
995 3624 1075 3694 Borg.
1094 3623 1126 3676 ad
1146 3623 1225 3676 verba
1244 3633 1271 3675 et
1289 3619 1435 3674 sententiam

395 3705 450 3758 cie.
467 3706 500 3758 de
517 3707 539 3758 F
541 3708 595 3759 inn.
610 3711 657 3773 lV,
676 3714 724 3762 at:
742 3713 891 3763 stultorum
909 3742 943 3750 —
964 3733 1030 3784 quos
1048 3713 1131 3762 etiarn
1149 3712 1261 3762 insanos
1273 3729 1332 3763 esse
1347 3707 1435 3762 vultis:

395 3791 456 3845 coll.
475 3791 524 3846 Or.
545 3812 594 3863 pro
614 3812 670 3864 reg.
695 3795 785 3849 Deiot.
805 3802 831 3851 t.
850 3797 918 3852 Pbil.
937 3799 971 3864 ll,
990 3803 1033 3853 ²6.
1056 3828 1089 3837 -
1134 3797 1196 3852 Fre.
1215 3797 1325 3870 Sylvius
1342 3817 1371 3851 ex
1388 3810 1435 3847 uno

395 3878 461 3931 cod.
480 3880 583 3950 profert
608 3881 764 3936 lectionemt
791 3888 850 3957 Ego
875 3905 936 3939 vero
963 3898 990 3940 te
1014 3908 1067 3940 non
1092 3887 1187 3939 modo
1212 3887 1348 3952 stultum,
1373 3880 1435 3955 quod

395 3978 434 4021 est
450 3968 609 4040 glossatoris.
647 3969 714 4024 Cod.
731 3971 811 4027 Drsd.
830 3977 855 4029 5.
873 3974 977 4029 exhibet
995 3996 1060 4028 non
1079 3985 1111 4025 te
1129 3974 1261 4039 stultum,
1281 3972 1353 4025 Gud.
1370 3971 1400 4024 B.
1417 3967 1437 4020 ei

394 4058 509 4112 assentit.
550 4059 580 4111 ln
601 4057 672 4113 Gud.
691 4067 724 4116 Α.
743 4063 816 4116 abest
833 4082 887 4115 non
905 4074 966 4117 ante
984 4063 1137 4132 improbum.
1173 4061 1263 4113 Verba
1276 4071 1304 4111 et
1321 4060 1437 4112 insonum

369 4144 490 4203 'desunt
507 4147 534 4200 in
552 4146 632 4201 Drsd.
651 4151 677 4202 5.
720 4149 750 4202 ln
770 4149 842 4204 Gud.
860 4151 892 4204 A.
921 4152 1036 4204 estred
1064 4153 1198 4202 insonum.
1244 4149 1344 4202 Duisb.
1368 4145 1437 4200 babet

394 4235 443 4285 sed
459 4237 603 4289 densentem
620 4237 770 4299 insanire,·
789 4240 817 4292 in
837 4257 922 4310 marg.
942 4251 1031 4292 tamen
1051 4239 1112 4290 sed
1128 4239 1262 4292 insonum.
1301 4239 1358 4289 lam
1376 4249 1436 4305 quae

394 4333 543 4392 sequuntur
562 4325 640 4378 rerba
660 4338 719 4398 post
739 4328 865 4379 insanum
884 4328 951 4393 tria,
983 4340 1037 4381 tam
1066 4326 1137 4379 varie
1162 4325 1291 4396 leguntur
1317 4327 1345 4377 in
1373 4318 1437 4376 libris

395 4409 499 4480 scriptis
517 4422 541 4465 et
560 4412 636 4466 editis
653 4425 679 4468 et
698 4425 750 4468 tam
770 4415 876 4469 dirersis
894 4415 1059 4486 explicantur
1071 4413 1186 4479 modis(
1204 4426 1249 4481 ut,
1274 4432 1344 4485 quae
1363 4411 1393 4464 de
1411 4424 1437 4459 ιο
