3450 5342
339 675 414 750 236
665 695 837 745 smenon
865 678 1060 749 morcone.

336 877 396 912 nes:
422 857 453 911 E.
471 856 550 911 babet
569 866 654 930 atque
681 873 700 906 a
717 872 817 927 magua
844 855 955 926 familia
982 855 1139 911 stultorum.
1186 858 1261 908 Sunt
1281 857 1391 926 -'pori

336 956 400 998 actu
419 944 557 997 stultitiae
572 961 648 998 suae.
691 944 795 997 Vocem
813 944 962 997 stultorum
980 942 1079 998 habent
1097 943 1177 998 etiam
1192 941 1304 1014 reliqui.
1341 942 1389 994 Pro

336 1032 467 1084 lautiores
487 1030 508 1088 1,
526 1030 709 1090 testatiores,
729 1047 761 1093 ψ.
779 1031 938 1086 laudatores
956 1060 991 1072 -
1010 1042 1072 1084 acto
1084 1031 1178 1105 pierii.
1215 1029 1250 1082 N.
1271 1029 1307 1082 U.
1325 1030 1390 1082 stul-

336 1120 416 1171 titiae
441 1136 516 1173 suae.
562 1119 581 1172 1.
600 1138 636 1187 η.
650 1137 674 1171 o·
691 1135 722 1176 ψ.
751 1118 889 1171 stultitiae
913 1137 979 1172 suae
1004 1129 1077 1174 sunt·
1131 1117 1217 1170 Codd.
1236 1117 1300 1171 Bes.
1317 1114 1393 1168 Gueis

336 1206 416 1261 Drsd.
435 1209 461 1260 1.
480 1205 587 1258 Sueriu.
606 1204 705 1259 habeut
723 1207 854 1259 atrienses
873 1217 937 1258 actu
953 1207 1018 1276 pari
1036 1204 1173 1258 stultitiae
1183 1222 1262 1256 suae.
1292 1203 1389 1258 Omnes

337 1292 436 1358 nostri,
462 1291 541 1346 etism
566 1290 641 1348 Gud.
661 1293 693 1346 A.
717 1293 747 1344 B.
776 1293 870 1348 Duisb.
894 1292 1001 1346 Suerin.
1026 1291 1125 1346 habent
1149 1291 1218 1345 illud
1245 1293 1389 1345 stultorum

336 1390 397 1451 post
409 1378 532 1451 familie.
582 1378 663 1432 Drsd.
683 1384 710 1436 2.
734 1381 867 1434 atrienses
895 1392 959 1434 sunt
984 1381 1049 1452 pari
1066 1391 1132 1433 actu
1158 1381 1303 1432 stultitiae
1321 1399 1389 1434 suae.

337 1463 417 1519 Drsd.
430 1467 455 1518 3.
474 1474 528 1518 atr.
547 1475 613 1519 ectu
632 1468 695 1536 pari
713 1468 793 1522 stult.
811 1487 880 1521 suae
897 1480 982 1531 suut,·
1003 1469 1117 1523 nutu.
1135 1468 1218 1537 idem,
1237 1470 1286 1536 sed
1299 1470 1389 1523 omissa

335 1564 427 1607 sunt.v
447 1551 528 1607 Drsd.
545 1558 570 1608 5.
600 1555 769 1608 laudatiores
794 1574 842 1608 nea
863 1556 916 1608 sibi
938 1556 1065 1608 uidentur
1082 1556 1131 1610 sed
1147 1575 1196 1608 neo
1214 1567 1310 1608 tomen
1326 1556 1390 1609 servi

337 1644 467 1696 atrienses
484 1652 550 1696 sunt
568 1653 652 1716 atque
669 1643 733 1712 pari
751 1643 889 1696 stultitiae
906 1662 991 1706 suae‚·
1018 1642 1077 1697 cru
1095 1647 1121 1698 5.
1146 1654 1214 1696 sunt
1240 1652 1275 1694 et
1293 1643 1343 1695 olii
1360 1671 1388 1681 -

337 1732 451 1802 copiarii
466 1732 605 1785 stultitiae
622 1750 689 1785 suae
706 1740 791 1792 sunt,·
817 1732 877 1784 cn.
895 1736 920 1784 2.
941 1741 1007 1784 suut
1031 1731 1081 1782 alii
1105 1730 1240 1782 lautiores
1267 1748 1320 1782 non
1346 1727 1389 1781 silu'

337 1820 464 1873 videntur
480 1819 551 1873 serui
567 1819 616 1873 sed
632 1830 723 1871 tamen
740 1818 812 1872 servi
829 1829 896 1871 sunt
916 1818 1023 1887 [lacuna
1038 1823 1054 1872 8
1069 1819 1233 1886 litterarum]
1244 1819 1314 1888 pari
1330 1827 1387 1869 artu

337 1907 475 1958 stultitiae
492 1925 574 1966 suae,
593 1907 883 1979 quos-Cre.1.sunt
901 1908 952 1959 alii
969 1907 1181 1960 laudatiores-
1201 1907 1276 1958 servi
1294 1906 1341 1958 sed
1349 1915 1386 1956 ta-

338 2013 395 2046 men
412 1995 484 2047 servi
500 2005 556 2047 atr·
572 2005 638 2048 sunt
656 2005 722 2046 actu
737 1995 801 2064 pari
818 2013 867 2046 sue
884 1995 1020 2059 stulticie,
1038 2014 1105 2066 quos
1117 2022 1162 2047 -.
1181 1991 1280 2046 Duisb.
1294 1993 1387 2044 atrien-

340 2099 381 2134 ses
400 2083 545 2152 ououporii
562 2084 699 2136 stultitiae
713 2100 787 2136 suae.
823 2082 979 2136 Editionum
999 2082 1144 2149 lectiones,
1172 2100 1244 2153 quse
1265 2080 1327 2153 plus
1342 2079 1387 2132 mi·

338 2187 418 2222 nusre
437 2171 598 2224 coniecturis
614 2171 798 2234 indulserunt,
817 2170 904 2240 (quod
924 2171 952 2223 in
971 2181 1043 2224 tanta
1063 2169 1195 2222 Codicum
1216 2165 1385 2240 discrepantis

337 2254 414 2310 aliter
430 2256 488 2309 fieri
505 2257 543 2309 vix
563 2258 677 2328 potuit‚)
696 2259 789 2312 videsis
807 2257 834 2310 in
854 2257 982 2312 Excursu.
1019 2257 1077 2311 Mr.

410 2363 477 2415 quos
487 2345 623 2397 caelatum
633 2347 789 2418 argentum]
809 2345 877 2400 Cot.
890 2348 948 2399 Cre.
959 2353 985 2400 2.
1004 2346 1083 2398 celo
1092 2356 1151 2396 tum
1168 2362 1230 2417 arg.
1248 2344 1293 2397 De
1303 2343 1386 2416 operi-

338 2433 388 2486 bus
405 2430 550 2485 Corinthiis
567 2433 625 2487 vide
641 2453 710 2506 quae
723 2454 803 2507 supra
823 2435 961 2507 posuimus
973 2434 1064 2500 1113
1082 2435 1151 2505 ow
1165 2452 1207 2504 sq.
1244 2430 1384 2486 Prouuto
1427 2476 1429 2484 .

337 2538 421 2588 opere,
439 2519 512 2592 quod
530 2520 621 2592 paullo
640 2521 726 2575 rarius
744 2533 789 2589 est,
809 2522 876 2577 Cod.
890 2521 949 2576 Cre.
962 2526 988 2576 2.
1005 2521 1085 2575 habet
1102 2539 1284 2590 summopere,
1301 2519 1384 2573 Duisb.

337 2606 372 2658 iu
392 2626 458 2659 una
476 2627 565 2678 opere,
590 2626 705 2680 quarum
731 2609 878 2664 lectionum
903 2610 1017 2671 debetur
1037 2608 1111 2682 prior
1128 2607 1234 2663 bomini
1252 2609 1336 2664 sciolo
1353 2604 1384 2660 tel

338 2692 485 2765 glossatori,
502 2697 585 2752 attera
604 2717 746 2769 perperam
766 2698 874 2771 legenti.
909 2699 975 2752 Aliis
991 2697 1057 2752 locis
1075 2698 1171 2752 Cicero
1191 2698 1299 2768 scripsit
1317 2697 1383 2750 etism

338 2784 562 2854 maximopere,
586 2787 631 2839 sed
650 2806 706 2844 uno
725 2798 831 2858 praeter
849 2799 985 2852 nostrum,
1015 2805 1102 2857 eoque
1130 2786 1212 2858 plane
1236 2786 1320 2839 nostri
1346 2802 1385 2856 ge·

339 2870 428 2937 mino,
456 2871 484 2924 in
504 2873 581 2924 Verr.
601 2872 660 2926 Act.
679 2873 712 2926 11.
738 2873 768 2926 1..
787 2872 832 2941 IV,
851 2878 896 2942 59,
915 2878 980 2929 132:
1010 2874 1053 2924 lrio
1072 2883 1201 2937 ornatus,
1229 2875 1299 2924 liaeo
1315 2888 1384 2942 opera

338 2969 421 3029 atque
445 2959 582 3026 artificio,
610 2959 705 3028 signa,
740 2961 852 3012 tabulae
876 2964 966 3032 pictae
999 2967 1113 3014 Graecos
1141 2961 1261 3013 lromiues
1290 2958 1383 3012 nimio

339 3064 440 3113 opere
460 3045 603 3096 delectant.
640 3045 700 3099 Mr.

409 3132 452 3183 At
469 3149 578 3192 sumus,
594 3131 699 3204 iuquit,
717 3135 838 3190 ciuitatis
852 3137 1007 3207 principes]
1042 3139 1105 3204 „Ar
1122 3154 1234 3202 sumus,
1259 3136 1383 3208 inquiunt,

339 3217 414 3272 civit.
425 3218 568 3287 principes.
604 3219 651 3275 sis
669 3233 779 3294 septem.
813 3229 858 3277 Ex
878 3227 996 3293 summis,
1016 3226 1153 3297 inquiunt,
1171 3221 1341 3294 principibus
1353 3220 1404 3289 ei<

337 3306 435 3360 vitatis
452 3308 514 3360 nati
530 3321 623 3361 su'mus
642 3322 691 3365 etc.
708 3331 765 3379 sex,
794 3332 911 3386 quorum
939 3324 1065 3386 quattuor
1090 3322 1122 3363 at
1142 3330 1193 3382 pro
1212 3321 1250 3362 et.
1271 3336 1307 3350 -
1348 3308 1382 3358 Bt

338 3395 460 3463 summis,
488 3397 629 3468 inquiunt,
659 3400 818 3455 ciuitatibus
841 3403 975 3472 principes
998 3419 1103 3469 suerrus,
1121 3397 1186 3451 duo.
1234 3401 1261 3450 Ε
1279 3394 1383 3451 summis,

338 3486 466 3558 inquiunt
486 3487 654 3558 principibus
683 3490 805 3542 civitatis
824 3509 931 3553 sumus,
950 3488 1013 3542 duo.
1058 3491 1083 3540 E
1106 3485 1235 3543 summis,
1259 3485 1383 3557 inquiunt,

334 3576 486 3645 principum
503 3575 625 3630 ciuitatis
642 3596 749 3642 sumus,
767 3579 865 3630 unus.⁴‘
883 3575 958 3629 Atd.
978 3575 1065 3628 Man.
1110 3573 1267 3627 Admodum
1294 3569 1382 3624 variam

339 3664 420 3715 nostri
441 3682 550 3734 quoque
569 3663 639 3716 libri.
675 3667 835 3717 Arsanus
855 3666 914 3718 dedi
933 3685 997 3718 cum
1013 3664 1082 3716 Eud.
1099 3661 1193 3715 Lomb.
1209 3660 1311 3715 Sturm.
1328 3659 1381 3711 Par.

338 3751 417 3802 1543.
434 3748 509 3818 syth.
529 3750 561 3803 H.
580 3751 666 3802 Wolf.
685 3751 762 3805 Boui.
781 3752 877 3806 Greev.
895 3755 960 3808 Ern.
979 3755 1001 3805 F
1003 3772 1057 3806 acc.
1077 3750 1148 3804 Otiv.
1167 3770 1228 3821 sqq.
1253 3769 1283 3802 er
1309 3744 1381 3799 codd.

338 3834 412 3887 Leid.
432 3833 505 3888 Gud.
523 3835 553 3888 B.
574 3846 622 3889 ret.
640 3836 701 3892 Car.
721 3838 866 3912 Stephani,
885 3841 944 3896 Cre.
964 3846 989 3897 3.
1007 3840 1086 3894 Drsd.
1105 3842 1131 3891 4.
1149 3836 1259 3890 Suerin.
1278 3835 1381 3889 Probet·

339 3943 407 3994 que,
426 3934 518 3995 utpote
536 3924 641 3978 maiore
652 3945 716 3978 curn
735 3928 859 3983 iaetantia
878 3929 997 3997 dictum,
1016 3947 1097 4001 quam
1116 3936 1153 3991 et,
1170 3925 1261 3978 Hand.
1280 3924 1308 3976 in
1320 3921 1383 3973 Tur·

338 4010 393 4065 seli.
410 4011 429 4078 Ι,
449 4032 475 4083 p.
492 4015 546 4065 44⁰
565 4033 623 4086 sqq.
659 4014 713 4068 Sed
731 4029 765 4069 et
790 4038 884 4072 sunaus
909 4031 946 4073 est
972 4005 1094 4071 in'Cod.
1115 4015 1210 4067 Duisb.
1239 4011 1308 4065 Edd.
1333 4025 1381 4081 pre·

338 4099 407 4153 vtes.
427 4099 494 4152 Rob.
514 4099 605 4173 Stepls.
624 4101 703 4159 Grut.
722 4104 809 4159 Gron.
826 4109 908 4161 Verb.
934 4108 1054 4177 itemque
1079 4104 1106 4156 in
1127 4105 1197 4156 Ven.
1217 4105 1299 4156 14⁹2.
1316 4099 1383 4154 1514·

339 4189 683 4264 Par.1512.Lugd.Arg.
706 4193 785 4248 ssdlb.
804 4196 893 4250 Herw.
919 4193 1056 4249 Camerar.
1083 4191 1146 4245 Ald.
1167 4193 1250 4245 1548.
1276 4190 1326 4244 Ed.
1349 4204 1383 4255 ep

339 4277 423 4330 Meus.
444 4279 553 4350 Legitur
570 4299 603 4331 ex
621 4282 731 4334 summis
749 4283 776 4335 in
795 4281 882 4337 Codd.
900 4285 960 4337 Bas.
979 4282 1057 4336 Drsd.
1079 4284 1105 4334 5.
1125 4278 1192 4332 Edd.
1212 4281 1288 4332 Cret.
1305 4275 1385 4344 Magn·

339 4363 412 4419 Mun.
433 4367 493 4420 Atd.
512 4372 591 4423 1511.
609 4373 687 4424 1552.
705 4371 816 4425 Lambb.
841 4371 922 4426 Goth.
943 4371 1012 4425 Aut.
1030 4368 1089 4422 Tat.
1137 4369 1194 4420 Pro
1221 4369 1329 4442 vulgato
1350 4365 1385 4415 in·

341 4452 438 4522 quiunt
463 4455 524 4507 dedi
549 4457 639 4527 inquit
658 4478 720 4511 cum
745 4459 838 4513 Lamb.
863 4458 959 4513 Coton.
986 4457 1067 4528 Borg.
1092 4454 1143 4509 Or.
1163 4457 1239 4512 Tbn.
1264 4477 1294 4512 er
1313 4450 1385 4510 cott.
