3450 5342
600 687 795 735 ιιιιιιοιιοιι
818 688 868 734 ιιι.
900 684 970 735 cnr.
993 688 1029 735 ιι.
1270 665 1343 740 139

292 844 445 916 scripserit,
463 856 547 900 artem
565 846 692 899 nimirum
711 845 853 899 hominum
864 845 1080 902 benevolentiam
1094 846 1144 901 sihi
1154 846 1266 921 aliisque
1277 869 1347 905 con-

293 931 402 985 ciliandi
417 932 581 1006 intelligens:
599 932 721 1007 Xenoph.
740 932 865 1006 Sympos.
884 953 907 988 c.
921 938 948 1001 4,
968 939 1002 990 tr
1021 956 1060 1008 sq.
1080 954 1160 1008 quem
1178 934 1268 991 locum
1287 938 1346 993 lau·

293 1019 363 1073 davit
380 1019 482 1077 Geruli.
519 1020 576 1074 Mr.

363 1111 487 1161 Socrates
506 1108 665 1179 disputabat
682 1109 736 1162 isto
753 1109 848 1178 moda]
886 1110 951 1164 Post
964 1115 1089 1164 Socrates
1105 1113 1134 1164 in
1154 1111 1222 1165 (lod.
1236 1111 1346 1164 Drsd.i.

293 1196 485 1267 compendium
503 1208 542 1251 est
561 1197 598 1250 iro
619 1197 663 1267 (ut
679 1197 812 1263 videtur),
841 1198 913 1269 quod
934 1197 1025 1253 nescio
1044 1210 1133 1252 utrum
1154 1197 1268 1252 voluerit
1291 1195 1348 1266 ipse

293 1305 329 1337 au
348 1304 427 1346 vero‚·
453 1295 511 1338 tum
536 1284 625 1357 pergit
648 1285 703 1337 ita
732 1285 894 1356 disputabat
921 1297 953 1338 et
972 1288 1025 1339 isto
1044 1287 1139 1348 mado,·
1169 1297 1195 1339 et
1212 1285 1251 1339 sic
1268 1285 1346 1338 etiam

292 1370 373 1424 Drsd.
393 1375 434 1437 &3
464 1372 492 1425 in
512 1372 593 1426 Drsd.
611 1376 638 1427 5.
656 1370 708 1429 Οι.
728 1391 757 1436 ψ.
783 1383 822 1427 est
849 1373 973 1444 disputat
998 1375 1059 1426 hoc
1077 1375 1169 1436 ιιιοιιο,Ι
1193 1375 1242 1426 Ιιοο
1268 1373 1346 1427 etiam

292 1459 441 1531 significare
458 1460 563 1515 videtur
580 1461 789 1533 compendium,
817 1461 890 1533 quod
909 1473 947 1516 est
970 1461 999 1515 in
1019 1460 1092 1515 Gud.
1108 1461 1158 1527 A.;
1181 1462 1244 1515 item
1269 1480 1347 1517 com·

292 1549 421 1619 pendium
438 1550 583 1603 verborum
607 1548 711 1602 videtur
733 1568 789 1603 esse
810 1550 839 1604 in
859 1551 918 1602 Cra.
935 1552 960 1604 3.
989 1549 1036 1603 ubi
1062 1560 1101 1603 est
1124 1549 1192 1603 isto⁰
1216 1566 1268 1621 pro
1293 1549 1346 1601 isto

291 1637 375 1689 modo.
409 1636 465 1688 Pro
484 1637 586 1702 hercle,
604 1637 678 1708 quod
697 1637 781 1692 edidit
799 1657 862 1693 cum
882 1637 1017 1710 plerisque
1036 1637 1154 1704 Gernh.,
1173 1656 1222 1691 nos
1240 1635 1346 1709 plenio-

291 1741 351 1774 rem
370 1725 486 1776 formam
504 1723 613 1775 hercule
630 1723 762 1778 edidimus
780 1745 843 1780 cum
870 1725 968 1779 Or.·es
987 1724 1072 1781 Codd.
1091 1724 1163 1777 Gud.
1182 1724 1214 1777 B.
1242 1726 1301 1778 Cra.
1320 1728 1345 1778 1.

292 1810 375 1864 Drsd.
393 1816 419 1865 2.
438 1809 505 1864 012.
522 1810 554 1865 E.
572 1811 606 1864 N.
625 1811 675 1865 Ed.
695 1831 752 1884 pre.
770 1815 850 1868 14⁶⁵.
869 1810 943 1868 Crat.
962 1813 1033 1869 Vict.
1052 1812 1156 1865 Manut.
1174 1810 1345 1883 Magallub.

292 1916 322 1950 ex
341 1898 437 1951 nostris
456 1898 523 1951 Edd.
534 1918 629 1952 omnes
646 1899 703 1952 fere
721 1911 783 1953 ante
802 1898 881 1953 Grut.
894 1911 1001 1972 excepta
1019 1900 1080 1954 Asc.
1090 1903 1169 1954 1511.
1206 1900 1347 1954 Deforme

294 1988 413 2039 Hercule
437 1987 487 2041 rid.
513 1988 693 2059 disputantem
715 1989 745 2041 C.
763 1987 793 2043 L.
822 1986 980 2042 Schneider.
1004 1989 1081 2043 Ausi.
1108 1987 1229 2040 Gramm.
1247 1987 1272 2039 d.
1292 1987 1347 2040 Lat.

292 2073 355 2146 Spr.
383 2074 414 2128 ll.
441 2074 595 2145 (Formenl.
615 2075 648 2144 Ι.)
678 2095 705 2147 p.
730 2079 782 2142 443
821 2075 854 2129 R.
886 2075 974 2131 Klotz.
1000 2076 1033 2130 ad
1059 2075 1117 2131 Cic.
1141 2076 1211 2130 Lael.
1230 2076 1277 2142 xl,
1301 2078 1346 2130 38.

294 2182 321 2234 p.
339 2165 402 2218 152.
437 2163 496 2217 Mt.
515 2192 548 2204 -
586 2164 720 2231 „Errabat
745 2164 774 2218 iu
802 2163 855 2219 hoc
882 2165 1061 2232 adversarius,
1090 2175 1137 2219 aut
1161 2163 1258 2218 Cicero
1285 2182 1347 2218 eum

292 2261 387 2322 sponte
405 2262 539 2304 errantem
558 2251 710 2307 inducebat.
759 2252 905 2325 Nunquam
932 2252 1004 2307 enim
1028 2251 1152 2307 Socrates
1169 2250 1259 2306 statuit
1282 2268 1347 2323 pec-

293 2351 351 2394 cata
369 2350 396 2395 et
412 2351 485 2395 recte
502 2342 572 2395 sacta
591 2361 647 2394 esse
665 2341 796 2414 aequalia.
832 2341 911 2410 Quae
928 2351 1092 2413 sequuntur:
1118 2344 1205 2397 Bene,
1231 2338 1347 2404 hercule,

292 2445 392 2481 narras
420 2449 513 2482 rursus
535 2429 652 2483 oratorie
670 2450 684 2484 a
704 2429 837 2485 Cicerone
855 2430 984 2484 dicuntur
1001 2441 1027 2483 et
1044 2427 1182 2500 sequentia
1209 2427 1343 2499 deinceps,

293 2535 378 2588 usque
396 2515 430 2569 ad
449 2517 528 2569 verba
549 2516 635 2568 labeas
654 2517 773 2570 lihidinis
789 2529 852 2572 suut
870 2516 1039 2572 Ciceronis.“
1056 2514 1241 2587 Wyttcnh.

368 2606 438 2655 Nam
454 2605 538 2656 istum
556 2603 663 2656 doctum
690 2614 717 2655 et
738 2605 886 2674 sapientem
909 2605 997 2657 virum
1020 2605 1124 2676 faisse]
1152 2602 1266 2671 „noem
1283 2600 1347 2657 itm

291 2690 408 2757 eruditi,
437 2691 555 2763 itemque
573 2690 717 2745 doctissimi
735 2691 920 2760 eruditissimi,
948 2693 1077 2747 dicuntur
1095 2690 1253 2763 philosophi.
1300 2688 1347 2745 stc

292 2798 355 2832 mox
373 2778 469 2832 Parad.
484 2778 517 2832 V.
537 2788 562 2831 et
580 2778 642 2832 alibi
661 2797 748 2852 saepe.
792 2779 889 2834 Cicero
907 2780 979 2834 enim
996 2780 1035 2834 sic
1053 2779 1130 2833 vertit
1151 2777 1286 2832 Graecum
1304 2799 1347 2839 φι-

292 2862 430 2936 λομαθής,
448 2867 521 2938 quod
541 2866 651 2938 proprie
669 2879 708 2921 est
725 2867 863 2923 doctrinae
878 2888 987 2933 amans,
1001 2878 1028 2923 et
1045 2869 1202 2932 ortamota,
1219 2877 1347 2938 tauquam

293 2972 393 3026 genus,
422 2953 488 3008 duas
513 2956 632 3009 continet
649 2957 765 3027 species,
790 2959 944 3020 φιλοσοφίαν
961 2968 988 3011 et
1005 2958 1170 3022 φιλολογίαν,
1203 2953 1223 3008 i.
1241 2972 1265 3007 e.
1290 2964 1347 3007 stu-

292 3042 368 3096 dium
386 3052 440 3096 tam
459 3043 602 3114 sapientiae
620 3063 702 3116 quam
719 3044 896 3099 litterarum.“
923 3044 1101 3117 Wyttcnh.
1147 3041 1215 3096 cod.
1241 3040 1300 3095 Cra.
1321 3047 1345 3095 2.

293 3132 330 3183 vi
336 3150 408 3182 rum
426 3131 532 3184 doctum
550 3142 577 3184 et
595 3133 743 3202 sapientem
756 3134 863 3205 saissa,
885 3133 993 3188 Suerin.
1012 3144 1038 3186 et
1056 3132 1127 3186 Gud.
1138 3131 1170 3185 B.
1188 3133 1271 3184 istum
1291 3133 1347 3184 lio·

294 3220 411 3271 minem
431 3221 537 3272 doctum
552 3230 580 3270 et
599 3223 747 3289 sapientem
760 3222 854 3293 fuisse
873 3221 975 3277 virum.
994 3220 1076 3274 Drsd.
1092 3225 1118 3275 5.
1143 3220 1228 3271 istum
1245 3219 1345 3270 lromi-

292 3325 365 3359 nem
384 3307 489 3358 doctum
504 3307 598 3377 faisse
616 3317 644 3357 et
663 3307 808 3376 sapientem
817 3328 827 3369 ,·
847 3307 930 3366 Drsd.
947 3311 974 3360 4.
992 3309 1077 3360 istum
1095 3316 1230 3358 rectum
1255 3315 1282 3357 et
1300 3323 1348 3357 sa·

290 3395 409 3464 piantem
423 3393 530 3462 fuisse,
555 3391 629 3446 Gud.
648 3391 681 3444 A.
705 3393 790 3444 istam
809 3394 917 3444 doctam
934 3404 961 3443 et
979 3393 1128 3461 sapientem
1147 3392 1272 3462 faisse
1300 3391 1347 3442 vi-

291 3499 375 3534 rum.
413 3478 495 3546 Quod
513 3477 539 3530 h.
558 3477 575 3530 Ι.
594 3478 693 3530 dicitur
709 3479 848 3531 memoriae
867 3479 975 3530 tradere
999 3479 1061 3531 alibi
1087 3479 1184 3532 dicitur
1210 3478 1349 3532 memoriae

289 3567 419 3639 prodere:
438 3565 484 3619 sed
503 3566 582 3618 trade
601 3565 754 3622 memoriae,
769 3565 842 3638 quod
861 3565 960 3637 legitur
977 3564 1070 3618 Somn.
1089 3564 1195 3638 Scip.1.
1216 3577 1290 3632 extr,
1310 3575 1348 3618 est

293 3660 311 3712 i.
320 3678 349 3730 q.
359 3654 459 3706 manda
477 3654 626 3710 memoriae.
662 3654 750 3708 Nostri
767 3666 856 3709 autem
876 3654 928 3708 loci
946 3653 1039 3707 similis
1058 3664 1095 3707 est
1114 3653 1190 3707 locus
1207 3653 1348 3707 delnrent.

295 3746 327 3810 ll,
348 3747 377 3797 1:
404 3742 484 3794 nrulti
497 3748 596 3812 poetae
614 3747 753 3796 memoriae
771 3745 954 3797 tradiderunt.
997 3742 1079 3811 Quod
1105 3741 1207 3795 Gernh.
1230 3742 1263 3796 ad
1289 3741 1347 3798 Cic.

295 3833 367 3886 Lael.
382 3835 426 3900 11,
447 3835 489 3887 89.
526 3831 631 3904 scripsit
651 3832 776 3886 Ciceroni
800 3833 902 3906 ubique
920 3831 1050 3904 placuisse
1076 3832 1214 3883 memoriae
1236 3823 1348 3900 prodere

295 3922 364 3992 (non
383 3920 516 3985 tradere),
535 3922 631 3974 merito
649 3941 703 3974 non
725 3923 845 3992 repetivit
863 3933 955 3975 nostro
976 3921 1045 3975 loco.
1091 3920 1136 3973 Est
1155 3920 1242 3986 enim,
1268 3938 1347 3992 prae-

295 4021 336 4062 ter
353 4007 445 4062 locum
463 4007 546 4061 modo
565 4007 718 4073 laudatum,
737 4011 817 4064 etiam
838 4030 887 4082 pro
906 4010 984 4063 Rosc.
1005 4008 1082 4062 Com.
1101 4013 1126 4074 2,
1146 4011 1181 4072 6;
1208 4027 1258 4079 pro
1282 4007 1348 4058 Mu-

297 4114 360 4148 rena
380 4098 422 4159 28,
439 4098 490 4158 59;
510 4093 543 4148 de
562 4095 642 4168 hegg.
662 4099 682 4161 l,
702 4100 728 4164 1,
747 4100 773 4152 3.
790 4098 889 4152 Tusca.
909 4100 975 4164 1,3,
995 4103 1021 4152 5.
1056 4098 1136 4150 (lons.
1163 4096 1198 4150 Ο.
1218 4098 1254 4149 Μ.
1274 4094 1347 4145 Miil-

296 4184 344 4237 ler.
362 4183 396 4236 de
414 4182 448 4234 Vi
466 4194 493 4236 et
510 4182 566 4237 Usu
586 4186 730 4239 rethorum
750 4186 922 4258 quorundam
943 4207 969 4257 p.
990 4189 1032 4239 11.
1057 4183 1142 4237 Codd.
1161 4181 1239 4234 Drsd.
1247 4184 1274 4234 4.
1285 4191 1311 4232 et
1321 4185 1346 4234 5.

298 4270 436 4325 memoriae
454 4283 598 4324 nostrae
616 4275 751 4326 traditam
769 4287 820 4332 est.
858 4276 937 4328 Male.
973 4273 1031 4324 Mr.

367 4359 481 4428 Quando
501 4358 586 4412 verbis
605 4362 675 4414 iuter
693 4382 740 4414 nas
759 4363 968 4429 contendimus,]
1013 4357 1244 4424 „Contendamns,
1275 4358 1350 4412 licet:

299 4447 442 4501 nonenim
463 4447 560 4519 pugnis
577 4448 647 4501 inter
666 4468 728 4515 nos,
747 4450 792 4502 sed
812 4451 898 4504 verbis
917 4470 958 4502 res
976 4447 1092 4517 agitur.“
1119 4443 1193 4498 Ald.
1221 4445 1350 4501 Manut.
