3450 5342
622 707 817 785 ransnoxon
837 709 867 756 ι.
896 709 964 755 ιιι.
984 708 1033 755 ιιι.
1274 686 1347 760 257

297 863 356 917 Crz.
373 868 399 919 3.
417 868 528 930 osisines,
546 876 575 921 ut
594 869 705 923 voluisse
725 871 843 922 rideatur
861 869 986 921 homines.
1031 867 1103 920 ldem
1120 868 1185 920 scite
1204 888 1253 938 pro
1272 871 1345 922 scire.

296 951 376 1006 llrsd.
393 957 419 1007 4.
439 955 565 1007 videntur
581 967 614 1007 et
633 958 763 1028 timentur
779 955 895 1026 (omissis
909 954 1022 1022 mediis).
1060 955 1113 1006 Pro
1133 955 1262 1006 timentur
1281 974 1345 1008 con·

296 1040 345 1092 ieci
365 1040 509 1112 aliquando
528 1043 645 1096 timendi.
681 1046 761 1099 Nunc
777 1045 853 1099 istam
875 1063 937 1098 cum
950 1041 1167 1097 antecedentibus
1185 1040 1347 1097 convenien-

296 1131 359 1182 tiam
379 1149 434 1182 non
453 1132 487 1185 ita
507 1132 681 1185 necessariam
701 1133 828 1186 existimo.
866 1131 925 1184 lltlr.
1142 1139 1144 1143 ’

368 1219 454 1270 Iudex
472 1221 543 1286 vero]
580 1220 755 1291 „Legeudum
782 1231 877 1293 putant
900 1218 971 1271 docti
1000 1217 1110 1288 quidam
1137 1213 1247 1266 Indoi
1273 1235 1348 1269 vero:

294 1305 392 1374 quibus
411 1307 607 1377 propemodum
626 1307 782 1362 assentior.“
800 1307 1000 1359 Lambinus.
1049 1305 1134 1357 Aldus
1152 1303 1265 1357 Codices
1289 1323 1350 1358 suos

294 1409 388 1445 omnes
406 1393 556 1447 consentire
574 1394 611 1448 ait
629 1395 657 1447 in
676 1394 823 1466 scriptione
841 1395 931 1449 iudex.
952 1422 986 1431 -
1024 1392 1090 1460 „Sic
1108 1404 1134 1447 et
1150 1390 1231 1446 MSS.
1249 1392 1347 1446 nostri:

293 1497 382 1550 neque
400 1480 586 1534 inclinandum
605 1482 633 1533 in
652 1482 777 1535 Lambini
795 1483 885 1536 index.
922 1482 1016 1554 Neque
1036 1482 1107 1534 euim
1126 1482 1206 1533 index
1224 1481 1348 1535 timetur:

292 1565 345 1616 iam
365 1567 436 1620 enim
456 1570 587 1623 accusavit
605 1589 683 1623 suum
703 1589 795 1636 reum,
812 1571 973 1641 simulatque
991 1569 1087 1622 indicis
1111 1589 1210 1623 nomen
1235 1571 1346 1642 accepit.

292 1650 418 1706 Ceterum
444 1655 525 1725 digna
543 1657 647 1709 videtur
676 1655 972 1730 notatione'scriptura
999 1657 1056 1710 Pal.
1084 1658 1171 1724 tertii,
1204 1658 1250 1729 qui
1275 1658 1371 1710 tum'

291 1737 401 1793 babet.“
427 1740 567 1796 Gruter.
612 1743 672 1809 „Al
703 1745 809 1795 index
834 1765 903 1797 vero.
941 1744 994 1797 Sed
1014 1745 1066 1798 sive
1090 1745 1171 1796 iudex
1194 1747 1246 1799 sive
1265 1747 1344 1798 index

291 1837 395 1879 metum
414 1830 572 1883 nocentibus
589 1831 714 1885 incutit.“
732 1832 755 1883 F
762 1851 831 1886 acc.
869 1833 954 1884 Index
974 1832 1054 1886 habet
1072 1852 1142 1885 unus
1161 1832 1211 1888 Or.
1225 1833 1258 1888 N.
1292 1833 1346 1885 Pro

291 1915 406 1969 lectione
423 1917 503 1968 iudex
531 1917 623 1972 laudat
646 1919 730 1990 Borg.
769 1919 923 1972 Sallustium
950 1918 1006 1973 Cat.
1027 1924 1083 1974 14.:
1112 1931 1163 1972 aut
1185 1939 1236 1990 pro
1256 1920 1347 1991 foetis

290 2007 301 2056 i
308 2004 463 2056 udicium
481 2006 613 2059 timentes.
649 2007 706 2060 Nec
726 2026 803 2073 vero,
824 2026 905 2078 quem
925 2007 1019 2060 excitat
1037 2005 1176 2061 Ciceronis
1202 2006 1291 2060 locum
1313 2006 1346 2059 de

290 2091 358 2162 Rep.
378 2093 420 2159 lll,
441 2097 492 2161 12,
510 2095 564 2148 buc
583 2095 732 2166 quicquam
750 2095 822 2149 facit.
869 2094 966 2147 Melius
986 2092 1104 2147 Orellius
1131 2094 1210 2147 affert
1236 2093 1291 2147 Cic.
1313 2094 1346 2146 de

291 2180 546 2251 Lsgg.1‚14,41:
576 2183 646 2234 nibil
670 2185 746 2234 timet
772 2184 825 2235 nisi
851 2193 945 2234 testem
964 2193 991 2233 et
1015 2182 1166 2233 iudicem
1175 2202 1184 2242 ,·
1212 2182 1257 2233 ubi
1283 2181 1346 2233 item

292 2266 388 2321 Graes.
405 2267 510 2322 volebat
527 2271 656 2322 indicem:
686 2291 765 2342 quem
793 2271 966 2324 refutavimus
990 2269 1023 2322 ad
1051 2288 1112 2322 eum
1130 2268 1219 2323 locum
1240 2289 1265 2340 p.
1284 2272 1346 2323 1⁰1.

291 2355 341 2409 Ed.
361 2369 442 2410 nostr.
460 2369 486 2412 et
504 2357 549 2412 Cr.
568 2388 602 2398 -
639 2358 774 2412 Scribitur
798 2360 826 2412 in
846 2358 914 2412 Cod.
934 2361 992 2412 Cre.
1012 2364 1037 2411 2.
1064 2359 1229 2410 dominatum
1256 2356 1346 2423 babet,

291 2445 320 2496 in
339 2445 419 2498 Drsd.
438 2449 463 2497 1.
483 2458 509 2499 et
526 2449 550 2500 3.
571 2448 739 2499 dominatum
758 2446 900 2500 lrabeat.
920 2477 953 2486 -
973 2445 1063 2516 Pergit
1082 2442 1148 2497 Cod.
1167 2443 1218 2496 Ox.
1237 2442 1269 2494 E.
1296 2445 1344 2494 At

290 2542 412 2585 nonest.
449 2530 507 2586 Cra.
527 2539 551 2586 2.
569 2552 606 2584 an
624 2554 676 2586 non
695 2545 736 2586 est
755 2535 840 2587 omnis
866 2546 954 2587 metus
977 2532 1177 2586 servitutis.
1214 2530 1346 2583 Drsd.4.:

289 2636 328 2668 nn
351 2637 403 2669 non
421 2619 505 2670 omnis
524 2631 610 2674 metus
628 2621 770 2674 servitutis
787 2621 1027 2694 intelligitur.
1064 2618 1095 2672 ln
1115 2617 1209 2671 Crat.
1228 2615 1345 2686 primum

289 2705 432 2774 scripserat
450 2705 574 2760 librarius
591 2727 628 2760 nn
646 2727 698 2760 non
716 2718 757 2759 est
776 2709 858 2761 omnis
879 2709 1036 2761 servitus
1053 2716 1176 2758 metus:
1203 2704 1248 2757 sed
1273 2702 1344 2756 idem

288 2791 378 2844 statim
398 2794 519 2848 correxit.
554 2795 616 2848 Mr.

362 2881 436 2949 Quid
452 2881 527 2933 volet
544 2883 643 2952 igitur]
679 2885 839 2953 „Quantum
861 2885 994 2939 coniicere
1013 2883 1089 2946 licet,
1119 2882 1183 2934 baec
1208 2879 1239 2933 L.
1257 2877 1344 2931 Crassi

288 2967 369 3020 verba
385 2979 447 3022 sunt
464 2970 619 3041 exquadam
640 2973 772 3027 concione
791 2973 823 3026 ad
845 2973 976 3044 populum
989 2971 1153 3033 Romanum,
1173 2986 1224 3038 qua
1244 2966 1345 3019 dissua-

287 3056 335 3118 sit,
354 3075 388 3108 ne
407 3055 510 3125 Cinna,
530 3058 649 3127 Marius,
669 3061 758 3114 Carbo
777 3073 802 3115 et
820 3060 971 3127 Sertorius,
991 3077 1053 3112 cum
1074 3056 1157 3128 patria
1177 3053 1277 3107 bellum
1297 3071 1344 3123 ge-

288 3153 390 3206 rentes,
408 3145 436 3196 in
455 3146 551 3198 urbem
570 3147 762 3218 reciperentur.
811 3149 841 3200 ln
871 3168 900 3200 ea
926 3159 1014 3200 autem
1036 3145 1167 3199 concione
1195 3143 1239 3196 illa
1265 3142 1342 3195 verba

286 3229 412 3283 suerunt:
441 3231 547 3298 Eripite
565 3251 644 3284 nose
665 3235 797 3285 servitute
817 3263 852 3273 -
873 3234 955 3285 nolite
981 3234 1120 3285 sinere-
1139 3232 1191 3283 nisi
1216 3229 1289 3283 vobis
1308 3257 1343 3270 -

287 3312 387 3385 quibus
406 3343 440 3352 -
460 3314 589 3370 debemus.
626 3316 650 3369 ls
668 3330 757 3372 autem
773 3329 811 3371 est
829 3318 858 3370 L.
879 3318 989 3372 Crassus
1007 3328 1114 3380 orator,
1141 3315 1174 3366 de
1194 3334 1247 3384 quo
1265 3334 1343 3386 saepe

285 3400 400 3463 Cicero,
419 3412 445 3453 et
464 3400 552 3453 Livius
570 3402 628 3455 Lib.
646 3406 690 3459 80.
711 3405 774 3472 [rid.
795 3404 939 3474 Epitomen
964 3404 1020 3456 eius
1037 3400 1110 3467 libri]
1136 3400 1343 3452 meminerunt.“

283 3488 362 3540 Frc.
383 3486 475 3556 Sylv.
511 3487 574 3541 Fuit
594 3491 688 3557 oratio,
708 3511 760 3562 qna
781 3491 860 3543 suasit
877 3489 963 3560 legem
982 3485 1122 3540 Serviliam
1142 3484 1250 3553 egitque
1265 3502 1343 3535 sena-

284 3587 328 3628 tus
348 3593 454 3627 causam
471 3586 565 3628 contra
584 3576 703 3631 iudicum
717 3589 742 3631 et
760 3589 946 3632 accusatorum
965 3574 1118 3628 factionem.
1156 3570 1224 3623 Vide
1235 3570 1262 3622 in
1275 3569 1342 3621 libro

286 3664 320 3716 de
340 3660 426 3714 Claris
455 3660 617 3718 Oratoribus
636 3667 671 3732 [c.
689 3669 745 3734 41]
773 3678 799 3719 et
822 3667 869 3719 lib.
898 3665 941 3718 lll.
972 3663 1005 3716 de
1025 3660 1110 3714 Claris
1137 3669 1204 3711 orat.
1234 3659 1283 3724 [est
1310 3656 1342 3708 de

285 3749 363 3804 Orat.
375 3749 395 3814 l,
415 3753 459 3802 52.
477 3748 557 3804 Cons.
577 3753 610 3804 ad
630 3753 837 3820 lierenn.lV,i.
856 3753 903 3806 ubi
923 3752 972 3804 vid.
992 3759 1095 3803 annoti.
1113 3743 1219 3799 Graevii
1232 3742 1342 3815 pitto]

284 3836 333 3888 ubi
353 3837 444 3889 eadem
465 3837 520 3904 [sed
538 3838 627 3910 plura]
647 3838 734 3893 Crassi
753 3842 832 3893 verba
849 3839 1024 3893 recitantur.“
1050 3832 1124 3887 Ald.
1141 3830 1270 3885 Manut.

358 3925 408 3975 illc
427 3955 462 3966 -
482 3927 573 3979 Crassi
591 3957 626 3968 -
645 3931 744 3997 oratio]
764 3928 845 3996 „Qua
864 3926 973 3980 Crassus
991 3922 1070 3977 suasit
1088 3922 1174 3991 legem
1193 3916 1340 3980 Serviliam,

283 4010 397 4082 egitque
416 4009 530 4064 Senatus
549 4032 673 4081 causam,
698 4015 743 4068 sed
764 4015 843 4067 nimis
862 4012 1036 4081 assentando,
1063 4020 1090 4062 ut
1109 4016 1220 4078 apparet
1238 4024 1267 4055 ex
1285 4003 1341 4055 eius

283 4097 388 4161 verbis,
403 4099 500 4168 quibus
519 4101 652 4172 professus
671 4115 755 4157 estse
775 4102 868 4175 populi
888 4101 1001 4156 Romani
1022 4114 1125 4153 servum
1144 4096 1226 4146 esse.“
1244 4091 1340 4144 Face.

357 4185 432 4255 Quid
448 4186 524 4238 volet
543 4188 630 4258 igitur
648 4191 699 4242 illa
712 4221 746 4230 -
760 4192 851 4244 Crassi
860 4218 895 4230 -
907 4189 994 4242 oratio
1001 4186 1026 4255 ?]
1045 4183 1113 4238 Cod.
1133 4178 1191 4232 Cra.
1209 4181 1234 4232 3.
1268 4177 1342 4246 Quid

280 4274 387 4328 volet.
408 4272 480 4326 Gud.
492 4273 523 4326 A.
542 4276 640 4331 omittit
655 4279 749 4350 igitur,
781 4279 839 4331 Cra.
853 4280 879 4330 1.
906 4273 1083 4337 mesmillo,
1111 4286 1172 4321 cum
1189 4264 1254 4318 Οιι.
1272 4263 1290 4316 l.
1308 4280 1338 4323 ψ·

285 4360 427 4426 Drsd.1.;
452 4361 532 4414 Drsd.
551 4368 577 4417 4.
594 4363 673 4418 habet
699 4365 765 4436 qnid
788 4365 875 4436 igitur
898 4362 988 4421 rolet5
1016 4357 1096 4411 Drsd.
1116 4360 1140 4409 5.
1170 4352 1236 4426 quid
1253 4351 1339 4422 igitur

284 4450 338 4500 illo
352 4449 444 4511 volet5
466 4446 525 4503 Cra.
536 4453 561 4502 2.
580 4450 629 4502 itta
649 4469 711 4504 vox
729 4447 947 4522 eloquentissimi,
967 4446 1011 4501 sed
1027 4446 1054 4499 iu
1066 4463 1140 4515 seqq.
1151 4439 1281 4494 omittitur
1292 4454 1339 4488 vo·

1064 4533 1109 4604 17
