3450 5342
373 661 448 733 296
703 678 876 726 rinnon
904 676 1100 725 ororooauu·⁰

375 843 498 914 Amplius
514 841 581 894 haec
595 837 753 892 Plutarchus
771 839 798 890 in
819 838 879 890 Vita
900 835 988 889 Crassi
1006 837 1075 905 [6.]‘·
1101 837 1180 890 Fre.
1202 835 1246 906 Sy
1258 835 1265 887 l
1277 857 1299 888 v.
1345 843 1428 904 „Meo

373 949 427 983 sem
444 938 483 981 est
503 925 658 998 metaphora
677 924 711 977 ad
730 925 883 996 augendam
901 923 1036 976 invidiam.
1073 923 1112 976 Ut
1125 923 1199 976 enim
1221 935 1328 996 segetes
1345 946 1428 980 recau-

374 1030 418 1072 tur
434 1017 463 1071 in
482 1035 581 1078 messe,
608 1015 643 1068 ita
662 1014 690 1067 in
708 1012 800 1066 Sullae
826 1010 1024 1084 proscriptione
1040 1010 1136 1065 civium
1158 1011 1228 1065 colla
1248 1015 1427 1067 secabantur.“

374 1105 472 1161 ldem.
509 1103 729 1174 „Elegantissime
749 1112 788 1155 est
806 1098 974 1169 metaphora,
995 1117 1048 1170 qua
1067 1110 1093 1152 et
1112 1118 1187 1152 mors
1208 1099 1334 1153 homines
1347 1100 1426 1154 deme-

373 1204 430 1246 tere
448 1193 546 1247 dicitur
563 1204 589 1245 et
607 1190 728 1245 lromines
746 1208 874 1261 magnum
887 1189 994 1243 lucrum
1008 1206 1119 1242 messem
1135 1187 1316 1243 nominamrt
1332 1191 1425 1261 wyri,

374 1281 477 1335 Laudat
494 1281 575 1350 Borg.
603 1279 636 1332 ad
665 1298 721 1332 rem
741 1277 798 1332 Cic.
826 1279 906 1331 Verr.
925 1276 970 1344 lll,
996 1281 1040 1332 m.
1065 1275 1135 1331 Phil.
1158 1276 1228 1343 Vlll,
1248 1279 1277 1332 3.
1297 1307 1331 1316 -·
1366 1278 1423 1329 cod.

375 1369 435 1422 ca.
454 1371 480 1423 1.
498 1367 570 1420 Gud.
588 1366 618 1418 B.
635 1367 737 1421 ciliani.
774 1369 832 1420 Cra.
852 1371 878 1422 2.
901 1364 1003 1421 ciliani.
1039 1363 1090 1420 Or.
1107 1364 1139 1420 E.
1157 1365 1331 1432 sullaniani,
1349 1365 1422 1425 One.

374 1455 399 1507 si
416 1456 483 1507 ullc.
519 1453 586 1507 cod.
603 1454 685 1507 Drsd.
701 1458 726 1508 5.
744 1455 822 1526 quis
846 1454 924 1507 ittam
945 1453 1055 1507 Sullani
1082 1452 1210 1522 temporis
1237 1470 1348 1506 messem
1368 1473 1422 1506 non

377 1541 550 1595 recordetur?
585 1541 645 1594 Mr.

446 1630 610 1697 recordetur]
628 1629 694 1696 „Sic
715 1650 808 1683 omnes
827 1631 889 1683 mei.
929 1627 1133 1692 Recordatur,
1152 1626 1251 1699 legunt
1270 1627 1344 1682 elii.“
1362 1626 1420 1680 ΑΜ.

378 1717 464 1773 Man.
511 1722 571 1784 „Ut
595 1720 644 1784 iis,
669 1718 773 1790 inquit,
798 1719 846 1791 qui
866 1718 977 1770 honeste
995 1733 1049 1767 rem
1067 1726 1254 1787 quaerunt
1277 1716 1420 1768 mercaturis

373 1807 526 1876 faciendis,
545 1809 632 1876 operis
654 1807 765 1869 dandis,
781 1804 898 1877 publicis
918 1803 1053 1857 sumendis
1059 1823 1070 1864 ,-
1094 1802 1278 1874 intelligimur
1296 1822 1361 1873 opus
1375 1819 1419 1852 esse

371 1897 516 1967 quaesito:
534 1899 592 1960 ita,
617 1896 664 1968 qui
688 1895 758 1946 domi
784 1903 850 1944 tuce
869 1891 976 1962 pariter
996 1899 1185 1943 accusatorum
1204 1899 1292 1961 atque
1317 1889 1418 1941 iudicum

378 1983 542 2034 comoriotos
557 2002 653 2055 greges
671 1982 784 2043 videt,
803 2009 837 2019 -
856 1990 883 2033 et
901 1978 1040 2050 aliquanto
1059 1988 1131 2049 post:
1164 1979 1213 2050 qui
1230 1979 1310 2030 illam
1328 1977 1419 2030 Sullani

378 2070 503 2138 temporis
521 2089 629 2124 messem
645 2070 872 2134 recordatur,
902 2069 964 2140 quis
991 2078 1018 2119 te
1043 2085 1095 2119 non
1115 2076 1198 2134 putet
1218 2067 1357 2136 confiteri,
1381 2064 1419 2116 tili

379 2158 501 2225 quaesito
514 2177 582 2227 opus
599 2158 675 2211 esse?
708 2158 779 2211 Hinc
796 2157 873 2222 satis,
893 2155 1009 2227 opinor,
1038 2152 1170 2224 intelligis,
1191 2173 1250 2207 non
1269 2172 1325 2207 esse
1342 2152 1418 2224 legen-

379 2242 442 2294 dum
462 2246 648 2312 recordetur,
668 2246 769 2299 etiamsi
789 2264 884 2298 omnes
903 2243 1009 2313 codices
1027 2242 1203 2297 reclament.“
1230 2241 1419 2294 Morisotus

379 2330 439 2383 Non
470 2332 578 2402 quidem
605 2335 751 2388 reclamant
776 2334 889 2387 Codices
914 2351 1023 2400 omnes,
1055 2330 1101 2385 sed
1130 2329 1232 2384 habent
1257 2331 1419 2395 recordatur

379 2416 465 2470 Codd.
483 2419 541 2472 Cra.
563 2424 588 2475 l.
607 2426 632 2474 2.
649 2422 734 2491 (solus
751 2422 859 2476 Suerin.
879 2422 1106 2489 recordentur).·
1137 2419 1239 2473 habent
1265 2420 1329 2473 item
1346 2435 1419 2470 recor-

380 2505 474 2558 datur
493 2507 560 2561 Edd.
578 2510 670 2564 Lamb.
687 2523 713 2564 et
730 2510 827 2566 Colon.
873 2510 926 2563 Sed
947 2509 1072 2582 equidem
1091 2508 1269 2578 scriptionem
1299 2505 1419 2559 recordo-

379 2604 427 2645 tur
444 2596 712 2661 correctoritribuo‚
741 2598 787 2670 qui
805 2597 965 2652 Ciceronem
994 2615 1086 2650 secum
1112 2595 1191 2650 vellet
1209 2595 1239 2648 in
1261 2593 1418 2650 concordiam

379 2681 509 2753 redigere.
546 2684 602 2740 Nec
621 2687 714 2740 rero'a
733 2706 760 2740 se
784 2686 841 2757 ipse
867 2686 973 2740 dissidet
992 2683 1098 2740 Cicero.
1144 2683 1260 2756 Incipit:
1290 2686 1337 2756 qui
1361 2682 1418 2736 ridet

381 2769 451 2821 domi
468 2783 533 2823 tuoe
551 2803 585 2811 —
604 2785 792 2827 accusatorum
812 2804 847 2814 -
864 2793 961 2846 greges
979 2785 1030 2829 cet.
1051 2773 1125 2846 quasi
1145 2783 1335 2844 perrecturus:
1352 2768 1419 2822 intel-

380 2858 442 2928 ligit
461 2859 511 2909 tibi
529 2879 595 2929 opus
613 2879 670 2913 esse
688 2863 811 2932 quaesito
823 2891 869 2919 —.
905 2863 958 2916 Sed
978 2862 1117 2915 interiecta
1137 2860 1220 2931 longa
1242 2860 1373 2914 factorum
1388 2853 1418 2906 rel

381 2946 469 3015 potius
485 2947 636 3002 facinorum
654 2950 730 3012 serie,
748 2960 880 3004 structura
895 2951 1022 3004 orationis
1040 2951 1179 3002 immutata
1200 2967 1258 3001 non
1279 2947 1418 3001 solummo-

380 3033 445 3084 dum
463 3045 561 3100 mutat,
580 3034 624 3086 sed
644 3037 724 3087 etiam
743 3054 899 3106 personam,
930 3038 1078 3109 scribitque
1104 3038 1152 3108 qui
1175 3038 1255 3088 illam
1274 3066 1310 3076 -
1329 3049 1419 3087 messem

381 3121 551 3171 recordetur
569 3150 603 3159 —
632 3124 693 3193 quis
719 3125 792 3175 hunc
820 3126 943 3197 (prote)
968 3145 1021 3180 non
1045 3136 1126 3197 putet
1152 3127 1280 3194 confiteri
1305 3125 1354 3178 siti
1369 3123 1419 3191 (91⁰

382 3205 445 3263 tibi)
463 3226 530 3275 opus
548 3227 603 3261 esse
622 3211 765 3282 quaesito?
792 3214 867 3284 quasi
886 3234 934 3267 suo
953 3234 1043 3280 more,
1070 3214 1186 3267 orationi
1205 3213 1335 3285 obliquae
1352 3213 1420 3265 iuter-

383 3295 469 3365 posito
490 3299 669 3365 coniunctiro,
688 3302 835 3373 scripserit:
855 3305 916 3375 quis
934 3323 987 3357 non
1001 3314 1083 3373 putet
1100 3322 1185 3369 eum,
1204 3305 1267 3374 qui
1286 3297 1421 3354 illomSul-

381 3384 438 3435 tcni
461 3390 588 3456 temporis
615 3408 722 3442 messem
751 3393 974 3458 recordetur,
1004 3392 1180 3463 confiteri
1209 3390 1263 3443 eibi
1291 3409 1357 3460 opus
1377 3402 1420 3437 0³20

381 3476 524 3544 quaesito?
559 3478 601 3532 De
622 3498 735 3550 persona
755 3480 895 3534 immutata
914 3481 986 3531 trunc
1004 3509 1038 3522 -
1058 3478 1110 3533 sibi
1136 3498 1189 3549 pro
1215 3490 1244 3530 te
1263 3507 1299 3522 -ι
1319 3477 1366 3529 tibi
1388 3474 1420 3525 lo·

381 3579 465 3632 quens
483 3563 578 3636 Borg.:
605 3569 679 3633 „Pro
697 3571 769 3620 hunc
786 3569 900 3640 (inquit)
926 3569 1030 3623 malunt
1054 3566 1181 3620 nonnulli
1207 3578 1243 3621 te.
1295 3563 1419 3619 simillima

381 3651 500 3721 enallage
519 3673 582 3708 usus
600 3667 639 3708 est
658 3657 725 3712 Phil.
744 3656 777 3723 ll,
796 3662 843 3712 16:
864 3663 907 3711 Te
920 3659 993 3730 fecit
1012 3657 1133 3710 heredem
1151 3684 1187 3696 -
1206 3665 1342 3728 tanquam
1357 3654 1420 3704 leret

380 3749 488 3800 ΜΝ,
516 3742 661 3794 invasit.
710 3744 801 3811 Quam
837 3746 980 3801 lectionem
1017 3744 1138 3799 defendit
1170 3742 1346 3797 Garatonius·
1386 3738 1422 3790 De

380 3827 557 3878 structuram
577 3846 630 3880 una
650 3831 762 3900 periodo
782 3833 878 3887 variata
899 3835 1018 3889 rideatur
1036 3829 1142 3886 Ruhnlr.
1163 3833 1197 3885 ad
1217 3833 1302 3888 Rutil.
1316 3831 1377 3900 lup.
1394 3824 1421 3877 ll·

380 3930 407 3981 p.
424 3914 488 3965 95³⁸
532 3913 586 3968 llac
605 3915 638 3969 de
662 3937 691 3971 re
710 3938 772 3971 cum
794 3920 901 3993 longior
920 3928 999 3978 etinm
1019 3923 1053 3976 sit
1069 3920 1195 3973 Morisoti
1215 3919 1366 3976 annotatio,
1381 3933 1421 3969 nos

380 4018 437 4052 eam
459 4019 519 4053 curn
532 4004 585 4069 iis,
606 4025 674 4076 quae
693 4009 770 4062 nobis
787 4010 908 4066 addenda
927 4025 988 4066 sunt
1008 4012 1074 4076 risa,
1092 4010 1119 4062 in
1140 4010 1293 4065 Ercureum
1304 4009 1347 4063 Xl.
1365 4024 1421 4061 oon·

379 4090 497 4144 lecimus.
542 4093 596 4145 Pro
616 4097 703 4161 videt,
731 4101 802 4169 quod
822 4119 902 4172 supra
922 4113 974 4167 est,
1002 4102 1055 4167 (sic
1073 4100 1120 4171 qui
1136 4099 1241 4156 videt
1266 4099 1338 4151 domi
1356 4097 1420 4155 tuoe)

378 4176 480 4232 Gernh.
499 4199 527 4233 er
546 4181 594 4234 Ed.
615 4183 682 4236 Ven.
701 4189 779 4240 1487.
798 4192 914 4243 enotavit
932 4209 987 4243 esse
1006 4189 1091 4249 vidit,
1123 4187 1198 4258 quod
1219 4206 1270 4241 nos
1294 4187 1370 4241 etiam
1386 4199 1420 4234 te·

380 4268 498 4334 perimus
516 4270 542 4321 in
563 4283 653 4325 nostra
673 4272 721 4325 Ed.
742 4276 810 4329 Ven.
829 4280 908 4332 1492.
945 4279 1005 4330 ΜΓ.

449 4357 496 4424 qui
521 4367 684 4411 testamenta
709 4365 842 4432 subiecto]
887 4366 961 4420 llaec
991 4366 1040 4419 tria
1068 4365 1198 4418 vocabula
1226 4367 1377 4420 exciderunt
1398 4361 1418 4411 5¹¹

379 4439 427 4490 Ed.
447 4440 560 4497 Schiitzii
582 4466 726 4516 operarum
743 4465 767 4506 et
786 4456 944 4509 correctoris
963 4455 1133 4526 negligentia.
1171 4455 1240 4509 eod.
1261 4454 1364 4510 Suerin.
1381 4449 1420 4502 bt·
