3450 5342
346 655 418 728 130
678 672 850 720 raaaooxa
877 671 1072 719 aroicouuu.

346 859 409 893 nuso
435 839 517 901 dices,
542 835 589 907 qui
608 860 650 896 -,
678 849 724 896 ea,
748 848 817 900 quae
844 829 937 899 paucis
961 829 1105 884 interiectis
1133 841 1302 902 sequuntur,
1329 833 1394 902 quasi

345 925 497 991 conclusio,
517 922 641 994 requitur
658 938 738 990 ergo,
760 928 791 969 ut
810 918 894 970 etiam
912 919 982 969 vitia
1008 919 1063 970 sint
1087 919 1186 987 paria,
1213 937 1228 971 a
1250 920 1394 974 recentiore

345 1013 460 1086 quodam
487 1011 526 1063 rel
552 1010 697 1079 interprete
721 1004 760 1057 rel
785 1015 939 1059 correctore
967 1024 1022 1058 esse
1048 1019 1134 1060 assuta
1165 1018 1273 1085 censet,
1292 1011 1346 1061 'cui
1368 1009 1394 1061 ad

344 1099 489 1172 syllogismi
521 1097 637 1150 sormam
662 1095 757 1146 iustam
786 1111 816 1144 ea
845 1092 935 1144 deesse
962 1092 1123 1147 riderentur.
1168 1092 1243 1149 llaec
1270 1110 1328 1149 non
1350 1115 1394 1149 esee

346 1186 526 1240 animadversa
544 1185 572 1236 in
592 1183 680 1248 libris,
705 1198 773 1251 quos
798 1180 955 1246 ediderunt,
982 1181 1164 1252 gemmeticis
1176 1202 1192 1235 a
1211 1179 1242 1236 L.
1260 1183 1394 1255 llemslaor-

225 1281 235 1292 ·
346 1275 408 1342 nio,
442 1274 475 1329 Α.
502 1269 695 1332 flammato,
729 1266 887 1334 miramo,
915 1267 1029 1321 mtrem
1057 1269 1210 1323 inunum
1238 1288 1289 1334 ω,
1323 1254 1401 1341 attur

318 1360 526 1424 ,laudavimus,
553 1357 626 1422 loco,
657 1355 685 1407 in
710 1373 822 1407 censura
841 1352 1042 1408 Grammaticae
1069 1354 1239 1409 Groteleudii
1269 1356 1393 1410 scholasti-

347 1466 402 1502 cae.
457 1444 539 1512 Quod
565 1442 690 1515 quidem,
725 1460 891 1514 quamquam
926 1453 1003 1496 acute
1035 1454 1074 1496 est
1100 1443 1288 1510 observatum,
1315 1443 1393 1514 dupli·

348 1553 406 1590 cem
426 1545 515 1587 tamen
535 1531 573 1585 rel
592 1531 725 1602 triplicem
743 1529 811 1582 adeo
830 1528 909 1583 hebet
934 1529 1137 1584 dubitationem.
1182 1532 1306 1584 Primum
1331 1531 1392 1584 enim

347 1621 426 1685 libri,
445 1620 564 1691 quamvis
581 1616 779 1690 aliquantulum
799 1617 911 1684 varient,
932 1628 1021 1670 tamen
1041 1637 1096 1670 non
1117 1618 1151 1670 ita
1170 1619 1284 1685 variant,
1303 1616 1392 1672 utiude

347 1710 478 1764 efficiatur
503 1720 622 1779 pannum
642 1706 714 1758 hunc
733 1724 787 1758 esse
813 1705 845 1757 ab
865 1702 974 1757 bomine
998 1704 1123 1776 imperito
1150 1703 1188 1757 rel
1215 1723 1231 1758 a
1257 1699 1391 1776 magistello

347 1798 394 1851 sibi
415 1797 535 1869 placente
554 1806 687 1859 assutum,
707 1793 753 1865 qui
773 1793 934 1845 Ciceronem
955 1791 1031 1846 vellet
1051 1792 1202 1863 corrigere:
1232 1791 1330 1845 deiude
1345 1807 1391 1841 non

347 1905 377 1938 ea
397 1885 492 1948 modo,
512 1902 580 1955 quae
601 1881 701 1935 notavit
719 1880 779 1946 Fu,
798 1878 948 1933 abiicienda
968 1890 1070 1946 essent,
1097 1878 1142 1932 sed
1162 1880 1244 1932 etiam
1263 1898 1331 1950 quae
1348 1888 1391 1930 sta-

348 1974 395 2025 tim
413 1972 623 2041 subsequuntur:
641 1969 771 2040 siquidem
786 1970 942 2037 pravitates
968 1969 1052 2020 anirni
1070 1976 1141 2018 recte
1166 1967 1238 2019 vitia
1258 1967 1390 2017 dicuntur:

348 2059 464 2129 denique
482 2076 512 2109 ea
531 2057 622 2109 omnia
646 2075 702 2109 non
728 2055 852 2110 redolent
877 2055 1035 2109 latinitatem
1056 2054 1244 2126 glossatorum.
1287 2051 1353 2119 sed,
1368 2063 1391 2105 ut

348 2146 446 2211 fatear,
466 2145 538 2216 quod
557 2155 611 2209 est,
630 2142 720 2196 malim
741 2160 791 2214 ego
819 2162 929 2216 quoque
947 2163 977 2196 ea
996 2143 1101 2209 abesse,
1127 2143 1229 2214 quippe
1257 2158 1325 2214 quse
1343 2159 1390 2192 uon

347 2233 429 2286 modo
448 2248 556 2287 cursum
576 2232 650 2303 quasi
669 2231 880 2284 ratiocinationis
895 2231 1102 2302 interrumpent,
1121 2230 1166 2284 sed
1186 2230 1268 2284 etiam
1285 2230 1391 2283 alienum

349 2320 413 2392 quid
432 2319 585 2384 intrudant,
618 2318 691 2390 quod
711 2337 770 2371 mox
788 2336 838 2372 suo
862 2329 889 2372 et
917 2318 985 2372 iusto
1012 2319 1074 2373 laco
1097 2319 1234 2391 sequitur,
1260 2318 1389 2372 nimirum

347 2408 439 2478 Atqui
457 2409 581 2479 quoniam
598 2424 680 2476 parea
699 2408 817 2459 uirtutes
835 2417 918 2459 aunt:
944 2419 1016 2459 reete
1035 2408 1135 2479 fautu,
1159 2409 1288 2479 quoniam
1304 2426 1321 2457 a
1337 2404 1389 2456 vir·

348 2493 454 2547 tutibus
478 2494 706 2564 proficiscuntur,
730 2495 812 2564 paria
830 2512 888 2548 rste
912 2495 1020 2561 debent,
1050 2497 1166 2567 itemque
1192 2508 1315 2566 peecata,
1333 2510 1389 2565 qua·

347 2582 420 2634 niam
437 2600 470 2632 ex
488 2583 564 2634 vitiis
582 2593 709 2647 manant,
728 2583 784 2634 sint
803 2582 933 2654 aequalia
951 2598 1055 2635 necesse
1068 2594 1118 2638 eet.
1155 2583 1214 2636 Mr.

420 2673 475 2722 Nec
495 2666 561 2720 bona
579 2669 637 2722 viro
656 2670 798 2739 meliorem]
836 2670 941 2738 „Stoici
952 2683 1052 2742 negant
1065 2690 1231 2743 quemquam
1249 2672 1332 2723 virum
1347 2669 1389 2721 la·

347 2777 412 2812 uum
432 2776 487 2810 esse
506 2756 555 2809 nisi
573 2757 728 2829 eapientem.
771 2757 926 2829 Sapientem
953 2769 1042 2812 autem
1067 2760 1161 2813 dicuat
1187 2778 1267 2826 eum,
1297 2757 1388 2831 quiite

347 2846 482 2918 perlectus
500 2856 539 2898 est
556 2856 583 2899 et
600 2845 751 2911 absolutus,
768 2857 798 2899 ut
816 2864 910 2899 omnes
928 2847 1031 2900 virtutis
1050 2863 1179 2900 numeros
1196 2848 1301 2913 lrabeat,
1319 2860 1388 2918 qum

347 2932 508 3002 sapientiam
527 2933 617 2984 adhue
635 2933 759 2986 mortalis
788 2951 862 2986 nemo
880 2945 921 2987 est
948 2945 1120 3002 comeautue,
1148 2946 1178 2989 ut
1202 2935 1239 2990 ait
1258 2935 1350 2988 Cicero
1365 2931 1387 2982 in

346 3020 445 3072 Laelio.
481 3022 515 3070 In
532 3019 566 3072 iia
584 3030 689 3086 autem,
708 3020 737 3070 in
756 3019 852 3092 quibua
870 3021 1007 3091 sapientia
1022 3023 1148 3095 perfecta
1166 3042 1219 3075 non
1237 3034 1295 3089 oet,
1311 3021 1387 3090 ipsum

345 3107 417 3158 illud
435 3106 538 3176 quidem
551 3108 704 3179 perfectum
722 3107 863 3160 transetum
891 3108 966 3161 nulla
985 3110 1060 3163 moda
1078 3128 1135 3162 eoae
1151 3119 1258 3178 potest,
1284 3109 1330 3162 sed
1351 3105 1386 3158 si·

346 3193 509 3246 militudines
525 3195 632 3247 honesti
647 3211 705 3245 esre
729 3207 852 3263 possunt.
897 3196 935 3249 Ut
960 3196 996 3250 ait
1022 3197 1092 3250 idem
1115 3196 1187 3250 libro
1214 3196 1251 3250 de
1280 3194 1336 3250 oft.
1350 3193 1385 3246 ΙΙΙ.

345 3280 423 3334 Bono
448 3280 530 3352 igitur
548 3283 604 3334 viro
622 3279 718 3334 melior
742 3300 871 3337 essenon
892 3295 994 3355 potest,
1024 3285 1045 3339 si
1063 3284 1086 3337 is
1110 3284 1221 3338 demum
1243 3286 1383 3345 bonusest,

345 3369 391 3443 qui
409 3387 503 3422 omnes
521 3368 624 3422 virtutis
649 3387 776 3424 numeros
794 3369 882 3425 habet.
926 3372 994 3425 Nam
1021 3373 1111 3444 plures
1135 3372 1202 3425 alius
1224 3370 1383 3425 haberenon

344 3459 458 3530 potest.“
477 3457 551 3511 Frc.
570 3454 662 3528 Sylv.
716 3459 804 3514 Locus
825 3461 925 3529 Laelii,
945 3480 1027 3534 quem
1052 3460 1141 3513 laudat
1163 3458 1225 3512 Fre.
1250 3456 1337 3531 syla,
1353 3464 1383 3508 est

343 3549 438 3614 t,18;
459 3545 535 3598 locus
553 3545 586 3598 de
605 3544 711 3601 Officiis
726 3549 770 3615 ΙΙΙ,
790 3553 816 3615 3,
836 3552 879 3603 13.
925 3546 978 3602 Sed
997 3559 1059 3602 sunt
1083 3547 1160 3600 multi
1180 3545 1320 3600 Ciceronis
1333 3541 1383 3604 loci,

342 3632 456 3704 quibus,
480 3650 549 3702 quae
568 3631 698 3687 hocloco
720 3646 881 3704 tanguntur,
899 3637 1021 3703 uirtutes,
1051 3654 1118 3707 quas
1134 3635 1229 3688 dicunt
1249 3629 1383 3688 cardinales

340 3720 426 3788 (quae
445 3727 484 3769 est
504 3717 585 3770 medii
603 3721 660 3771 aeri
678 3719 807 3788 locutio),
836 3735 1019 3793 exponuntur,
1056 3743 1123 3794 quos
1147 3722 1292 3776 commoda
1314 3718 1381 3773 hstes

343 3800 469 3855 collectos
486 3800 609 3868 inlibris,
628 3806 675 3875 qui
692 3806 771 3860 bodie
786 3806 866 3878 vulgo
885 3811 973 3865 minus
991 3823 1054 3865 sunt
1073 3811 1139 3878 noti,
1159 3808 1313 3864 utilissimlss
1330 3801 1380 3860 l.C·

337 3889 538 3960 Pugmanni
554 3892 643 3945 Veteri
664 3902 689 3948 et
708 3894 782 3949 Nova
801 3896 971 3972 Philosophia
991 3899 1086 3953 morali
1104 3899 1231 3968 (Witteb.
1249 3901 1327 3953 tots.
1348 3892 1380 3957 1)

340 3998 367 4049 p.
384 3977 519 4041 trs-am
537 3979 644 4033 Iasonia
662 3985 781 4038 Denares
800 3984 969 4042 Institutione
988 3990 1015 4040 in
1034 3987 1072 4040 M.
1086 3984 1168 4039 Tullii
1181 3984 1320 4040 Ciceronis
1328 3979 1380 4035 l'lti·

339 4065 490 4138 losophiam
508 4065 542 4119 de
559 4065 619 4122 Vin
639 4080 666 4123 et
683 4070 818 4128 Moribus:
838 4075 883 4129 ed.
896 4072 917 4128 Ι.
936 4074 1029 4129 Meier.
1046 4075 1118 4145 Llps.
1136 4077 1216 4128 11²1.
1235 4076 1262 4127 8.
1281 4063 1379 4125 Plesiaei

337 4153 369 4225 (i.
388 4173 411 4209 e.
429 4152 469 4210 M.
487 4153 701 4229 Broehardi)
723 4160 820 4216 Lexieo
839 4161 1029 4232 Philosophico
1047 4162 1127 4233 (flag.
1153 4159 1233 4215 Com.
1252 4162 1329 4212 tato.
1348 4154 1379 4214 1.)

338 4246 541 4316 nata-tto.
585 4242 622 4299 Ex
648 4250 842 4304 recentioribus
869 4248 965 4303 confer
994 4250 1025 4302 E.
1055 4250 1088 4303 G.
1107 4248 1197 4303 Lilie
1228 4236 1378 4300 commu

337 4328 492 4386 Stoicorum
511 4333 606 4405 philos.
624 4335 720 4391 morali
738 4337 844 4409 (Alton.
865 4340 943 4391 18⁰⁰.
962 4337 1002 4406 ⁸.)
1021 4359 1047 4409 p.
1059 4340 1110 4403 293
1141 4339 1172 4390 0.
1190 4332 1310 4387 Beieri
1336 4327 1377 4379 Ea·

336 4432 406 4471 curs.
424 4418 457 4470 ll.
474 4419 507 4471 ad
526 4420 582 4475 Cic.
600 4421 634 4474 de
650 4422 708 4476 ΟΙΙ.
727 4422 752 4476 l:
779 4423 905 4494 Quatuor
922 4425 1025 4479 virtutis
1042 4427 1157 4480 formae:
1179 4444 1206 4495 p.
1226 4414 1376 4477 380-335·
