3450 5342
518 650 521 659 ’
608 686 804 737 3131333333
821 688 843 734 1.
870 688 941 736 car.
960 688 1008 736 m.
1210 668 1214 677 '
1289 673 1338 746 79

286 848 382 902 Κ3331.
394 852 473 905 taos.
485 848 525 917 4.)
543 858 569 901 ct
586 845 605 900 Ι.
617 847 647 900 F.
666 847 798 902 Christi
807 865 844 901 us
863 844 964 918 (Abhh.
977 847 1021 901 111).
1032 846 1056 900 d.
1073 847 1132 903 Litt.
1143 867 1168 902 u.
1180 852 1206 906 d.
1217 854 1340 910 Kunstw.

287 938 314 990 d.
335 935 448 990 Alterth.
470 939 549 990 1116.
569 933 615 1003 8.).
652 935 712 988 Μ3.

360 1027 407 1097 qui
423 1025 576 1077 marmoreis
594 1025 674 1076 tectis
692 1025 739 1091 ·-]
758 1023 809 1076 Th.
828 1022 979 1078 Bentleium
993 1023 1136 1078 coniecisse
1147 1023 1229 1079 refert
1240 1025 1341 1082 Gemh.

287 1114 315 1165 in
335 1112 484 1166 Addendis:
509 1113 556 1184 qui
575 1112 639 1165 solis
657 1111 824 1175 marmoreis,
842 1110 891 1182 qui
908 1111 988 1163 tectis
1013 1112 1088 1164 ebore
1107 1123 1157 1167 cet.
1181 1113 1256 1166 cuius
1275 1133 1341 1168 con-

287 1205 388 1254 iectura
407 1201 509 1254 nemini
529 1200 633 1254 ridetur
655 1199 798 1271 placuisse:
824 1218 913 1271 neque
937 1218 967 1252 ea
993 1218 1061 1271 opus
1086 1209 1132 1254 est.
1169 1201 1249 1254 Solis
1272 1215 1342 1257 certe

287 1287 426 1342 Ciceronis
443 1306 554 1341 manum
574 1306 632 1341 non
648 1286 757 1341 redolet.
776 1285 836 1339 Mr.

359 1395 426 1428 auro
443 1385 470 1426 et
487 1377 611 1447 argenta]
631 1372 721 1428 Verba
740 1385 767 1426 et
785 1383 901 1446 argenta
920 1373 1016 1428 desunt
1034 1373 1062 1426 in
1080 1372 1148 1428 Cod.
1165 1374 1245 1430 Drsd.
1261 1381 1288 1431 4.
1306 1408 1341 1418 —

286 1461 343 1528 „Er
363 1481 424 1515 aere
441 1460 583 1516 Corinthio
602 1473 662 1534 post
686 1461 771 1533 ipsam
791 1459 951 1514 Corinthum
977 1479 992 1514 3
1012 1461 1041 1514 Ι.
1059 1461 1192 1517 Mummio
1218 1486 1343 1522 eversam.

286 1549 431 1617 Operibus,
454 1569 506 1603 ses.
524 1550 626 1620 Opibus
644 1549 801 1603 duodecim:
830 1550 872 1616 [ex
896 1567 1038 1620 perperam
1063 1549 1133 1603 lecto
1159 1556 1343 1625 compendio].

284 1637 338 1690 Aes
365 1636 536 1690 Corinthium
563 1638 638 1709 Virg.
669 1636 770 1708 Georg.
796 1636 828 1689 ll.
854 1636 939 1704 [4111]
966 1637 1105 1706 Ephyreia
1123 1656 1174 1690 ara
1198 1642 1341 1712 appellat.“

285 1724 361 1778 Ald.
378 1724 509 1781 Manut.
547 1723 675 1796 „Ephyre
693 1722 840 1777 Corinthus
857 1733 905 1789 est,
924 1733 953 1776 ut
971 1723 1008 1777 ait
1025 1723 1139 1778 Servius.
1175 1724 1233 1781 lloc
1251 1747 1295 1801 aes
1313 1751 1342 1782 ex

285 1814 316 1867 S.
329 1811 361 1865 C.
369 1813 454 1866 deleta
472 1831 487 1864 3
506 1811 535 1864 1..
544 1811 678 1865 Mummio
694 1809 825 1864 Corintho
836 1809 974 1863 factumst
987 1809 1131 1864 conflatum
1152 1825 1202 1867 est:
1223 1834 1284 1868 nam
1298 1835 1342 1868 ae-

286 1902 325 1954 ris
344 1913 436 1954 notam
455 1900 639 1972 pretiosiorem
658 1900 715 1972 ipsa
734 1898 949 1970 opulentissimae
967 1897 1042 1951 urbis
1058 1900 1122 1954 lecit
1139 1901 1249 1955 iniuria:
1280 1905 1342 1975 quia

285 1988 414 2042 incendio
432 1987 546 2059 perustis
563 1987 686 2058 plurimis
703 1987 795 2041 statuis
812 1997 893 2058 atque
912 1986 1059 2040 simulacris
1077 1988 1151 2053 aeris,
1170 1991 1228 2042 auri
1246 2011 1344 2063 argen-

286 2079 361 2149 tique
380 2095 462 2129 33333
480 2077 508 2129 13
526 2094 671 2130 commune
688 2074 797 2127 1133333.
834 2075 887 2126 1133
898 2074 1076 2140 Corinthium,
1094 2074 1234 2130 Deliacum
1254 2089 1280 2131 et
1291 2079 1344 2132 Ae·

287 2165 434 2236 gineticum
453 2182 516 2217 cum
534 2181 564 2215 ex
582 2163 673 2216 multis
691 2163 883 2234 scriptoribus,
913 2173 968 2216 tum
988 2163 1101 2216 maxime
1124 2184 1154 2217 es
1172 2165 1260 2219 Plinio
1279 2179 1342 2221 nota

288 2262 362 2306 sunt:
380 2255 424 2317 34,
443 2256 468 2304 ².
505 2250 647 2322 Legendus
664 2250 778 2305 omnino
797 2251 845 2304 tihi
863 2249 954 2302 Lazari
973 2249 1082 2322 [Baylii]
1100 2251 1170 2306 liber
1184 2253 1218 2306 de
1238 2256 1341 2309 Vescu-

286 2342 320 2395 lis
330 2343 395 2394 est.“
414 2342 506 2410 Xyst.
525 2337 715 2401 Betuleius.
753 2337 912 2405 „Corinthia
926 2356 1006 2407 opera
1024 2350 1101 2393 erant
1116 2359 1183 2407 vasa,
1205 2341 1268 2394 item
1287 2355 1343 2396 sta-

286 2440 349 2483 tuae
367 2439 392 2481 et
411 2426 504 2480 similia
524 2446 606 2498 opera
626 2445 655 2478 es
681 2444 743 2478 aere
761 2423 902 2479 Corinthio
921 2425 1004 2479 facta:
1030 2427 1103 2498 quod
1127 2428 1178 2482 1311
1207 2449 1252 2483 333
1271 2443 1342 2485 33313

286 2518 391 2572 3311333
410 2516 602 2588 compositum,
620 2533 690 2586 quae
710 2513 871 2585 compositio
890 2512 977 2566 diruta
997 2514 1127 2570 Corintho
1142 2516 1169 2568 13
1182 2517 1342 2571 oblivionem

288 2604 367 2670 abiit,
386 2604 458 2660 unde
475 2623 534 2656 vasa
553 2601 693 2656 Corinthia
718 2601 829 2653 immani
857 2602 945 2672 pretio
973 2601 1163 2656 vendebantur.
1205 2606 1344 2659 caelatum

286 2712 401 2746 aurum:
427 2704 465 2746 est
489 2691 541 2745 hoc
565 2709 665 2744 nomen
692 2689 793 2743 factum
813 2708 828 2741 3
847 2687 954 2742 Graeco
979 2685 1077 2755 κοιλὸς,
1107 2700 1133 2743 et
1159 2689 1344 2761 significantur

287 2801 320 2834 eo
339 2799 415 2844 vasa,
436 2779 533 2852 quihus
550 2777 681 2849 imagines
699 2776 881 2848 insigniuntur
900 2786 1043 2842 exstantes,
1071 2777 1143 2847 quod
1171 2788 1261 2848 postca
1280 2779 1343 2832 item

287 2868 409 2938 sculpere
426 2867 527 2920 dictum
547 2876 600 2932 est,
620 2877 646 2918 et
664 2883 731 2934 opus
749 2863 893 2933 sculptum.
914 2892 948 2902 -
993 2865 1105 2934 Signum
1124 2865 1253 2918 Romanis
1278 2886 1343 2938 pro-

288 2957 347 3026 prie
366 2954 464 3009 dicitur
481 2953 607 3026 sigillum,
628 2972 683 3024 quo
696 2952 798 3005 litterae
817 2951 904 3005 etalia
916 2949 1100 3022 obsignantur.
1137 2952 1243 3006 Deinde
1253 2955 1343 3008 onmia

287 3062 371 3114 opera
390 3043 467 3109 artis,
487 3041 595 3109 annuli,
615 3040 721 3094 tabulae
738 3041 840 3112 pictae,
872 3038 986 3093 caelatae
1012 3051 1038 3093 et
1058 3050 1158 3094 statuae
1179 3041 1273 3094 eodem
1292 3061 1344 3096 no-

287 3130 362 3184 mine
380 3129 512 3201 appellata
533 3133 621 3183 sunt.“
633 3127 815 3199 Wyttcnh.
853 3126 961 3197 „Super
974 3146 1035 3181 aere
1043 3129 1193 3196 Corinthio,
1211 3149 1342 3202 quaenam

287 3218 360 3271 illius
379 3217 457 3287 urigo
475 3217 572 3282 luerit,
592 3217 661 3269 varia
682 3215 777 3269 tradita
796 3226 858 3269 sunt
877 3216 910 3268 ab
930 3215 1054 3287 antiquis.
1090 3216 1193 3271 Plinius
1211 3238 1272 3272 casu
1292 3220 1344 3271 mi-

287 3312 361 3359 'stnm
381 3323 436 3358 esse
454 3304 498 3370 ait,
516 3304 656 3370 Corintho,
676 3323 738 3358 cum
758 3315 909 3375 caperetur,
927 3304 1045 3358 incensa.
1081 3305 1109 3357 L.
1120 3325 1229 3377 quoqne
1247 3306 1344 3360 Florus

286 3392 403 3446 eandem
423 3390 581 3442 sententiam
599 3391 735 3461 sequitur,
762 3411 777 3443 a
799 3409 854 3462 quo
872 3391 908 3443 ita
927 3391 1075 3445 haedere
1094 3393 1223 3462 scriptum
1243 3405 1279 3446 est
1298 3393 1342 3460 [ll,

285 3484 335 3544 16,
353 3479 391 3543 1.]
426 3478 508 3529 Aeris
526 3487 619 3528 notam
640 3476 822 3546 protiodorem
852 3480 912 3547 ipsa
937 3478 1153 3548 opulentissimae
1179 3478 1253 3531 urbis
1271 3481 1343 3550 serit

284 3566 392 3621 iniuria
399 3585 410 3626 ,·
429 3565 494 3636 quia
510 3564 630 3616 incendia
645 3565 783 3634 permistis
800 3565 928 3634 plurimis
945 3567 1050 3618 statuis
1073 3576 1156 3637 atque
1181 3566 1341 3632 simulacris,

286 3656 373 3717 neris,
393 3653 457 3703 auri
468 3652 627 3724 argentique
644 3670 728 3704 venae
745 3653 774 3705 in
792 3672 926 3706 commune
936 3656 1052 3725 fluxere.
1090 3653 1142 3720 [Ad
1154 3672 1234 3724 quem
1252 3653 1342 3707 locum

288 3743 341 3796 vid.
360 3742 534 3812 interpretes,
553 3740 581 3792 in
599 3741 693 3812 primis
711 3738 872 3809 Daharum]
909 3742 945 3796 At
962 3742 1007 3796 3111
1026 3760 1107 3794 33313
1128 3741 1208 3795 modo
1227 3742 1343 3815 antiquis

288 3830 457 3901 temporibus
475 3829 587 3882 domum
604 3830 695 3883 arsisse
714 3829 816 3896 dicunt,
836 3831 863 3884 in
885 3850 1009 3903 quacum
1029 3830 1086 3882 auri
1101 3830 1258 3902 argentique
1271 3846 1342 3885 non-

290 3917 356 3972 nihil
375 3918 486 3984 inesset,
505 3918 574 3971 aeris
591 3929 680 3972 autem
700 3938 797 3990 magna
816 3920 867 3984 vis,
885 3919 1023 3974 commista
1048 3918 1092 3971 illa
1122 3928 1148 3972 et
1173 3919 1200 3971 in
1229 3920 1341 3971 eandem

290 4008 401 4063 3331333
419 4024 547 4071 massam,
567 4025 596 4057 er
615 4025 647 4060 eo
666 4007 788 4070 metallo,
808 4009 884 4062 cuius
903 4008 990 4060 maior
1008 4007 1095 4059 inerat
1111 4025 1189 4076 pars,
1210 4005 1341 4059 Corinthii

288 4095 357 4149 aeris
374 4111 475 4146 nomen
493 4093 655 4165 acceperint.
691 4094 746 4148 Alii
765 4095 860 4162 etiam,
888 4095 961 4166 quod
981 4094 1092 4166 propius
1115 4094 1220 4146 adieri
1248 4092 1341 4146 simili-

288 4183 410 4238 tudinem
428 4181 555 4235 accedere
574 4181 684 4248 videtur,
704 4193 824 4249 narrant,
845 4181 979 4235 aerarium
993 4182 1127 4254 quendam
1142 4180 1248 4232 labrum
1262 4180 1341 4231 131333

287 4272 428 4338 Corinthi,
455 4270 501 4340 qui
520 4287 581 4322 cum
599 4269 735 4323 incidisset
753 4271 780 4322 in
807 4270 913 4323 thecam
932 4271 992 4322 auri
1017 4267 1124 4338 plenam
1154 4284 1266 4336 eamque
1292 4266 1340 4319 sihi

287 4359 451 4424 abstulisset,
470 4355 548 4409 aeid
568 4357 725 4420 resciretur,
745 4369 883 4423 metuens,
912 4357 1053 4409 dissectum
1076 4353 1104 4405 in
1125 4353 1239 4406 minutas
1257 4353 1340 4425 parti·

288 4447 360 4501 33133
376 4463 472 4501 aurum
489 4441 626 4516 paullatim
645 4444 699 4495 aeri
718 4444 904 4511 admiscuerit,
923 4440 1162 4513 admirabilemque
1180 4440 1253 4496 illam
1272 4455 1340 4498 tem-
