3450 5342
337 645 385 721 62
658 665 831 715 rtntnoxt
858 661 1051 714 snotuontut.

336 830 379 884 isti
399 830 484 894 bona,
503 827 548 881 sed
567 845 598 880 ea
616 825 723 892 omnia,
742 823 815 879 unde
833 823 1042 880 delectationem
1060 833 1087 879 et
1104 821 1258 894 voluptates
1275 823 1385 895 capiunt,

338 920 410 973 bona
428 913 579 987 appellant,
607 932 677 986 quae
694 912 806 966 minime
825 911 980 984 comparari
999 920 1110 984 possunt
1133 927 1196 964 cum
1218 910 1304 963 rebus
1322 912 1387 981 gestis

340 1027 372 1062 ac
390 1004 544 1069 virtutibus,
563 1001 677 1073 quibus,
696 1001 771 1073 qnasi
789 1000 933 1071 gradibus,
950 1001 979 1053 iu
996 999 1100 1054 caelum
1116 997 1239 1050 escendit
1258 997 1386 1052 Romulus.

338 1093 466 1148 Ceterum
486 1091 538 1144 rid.
558 1088 592 1142 G.
611 1089 644 1143 T.
667 1088 701 1142 Α.
719 1087 871 1160 Kriigers
897 1088 948 1141 Die
967 1087 1120 1142 Attraction
1138 1086 1166 1139 in
1186 1085 1239 1139 der
1258 1087 1318 1141 bat.
1337 1087 1386 1157 Spr.

337 1202 365 1254 p.
379 1184 516 1236 55-150.
535 1207 570 1219 ·-
598 1175 725 1230 Ceterum
745 1174 814 1229 Cod.
832 1174 914 1229 Drsd.
929 1178 955 1230 d.
974 1174 1052 1229 babet
1070 1175 1183 1244 disque
1200 1193 1319 1246 neque
1335 1174 1387 1232 tut,-

338 1268 390 1322 Ed.
407 1268 469 1320 Par.
487 1284 508 1320 s.
522 1284 546 1319 a.
566 1276 593 1319 et
610 1262 678 1317 Cod.
697 1261 769 1316 Gud.
782 1262 814 1316 B.
832 1262 876 1314 leia
894 1280 996 1336 usqum·
1019 1261 1100 1317 Drsd.
1116 1266 1141 1316 5.
1158 1263 1333 1332 appellarent
1349 1277 1387 1333 pro

340 1353 491 1424 appellant.
526 1351 619 1422 Pergit
632 1350 704 1404 Gud.
719 1351 751 1405 Α.
769 1360 833 1402 out
851 1348 930 1403 rebus
946 1351 1040 1422 gestia,
1058 1349 1118 1404 Cre.
1132 1354 1157 1403 1.
1170 1368 1208 1403 an
1225 1348 1309 1403 rebus
1322 1350 1386 1401 dene
1428 1404 1430 1415 Ι

340 1441 434 1514 gestie,
452 1459 515 1494 cum
534 1439 585 1494 01.
602 1439 644 1506 E,
662 1450 778 1511 uterque
796 1457 859 1493 cum
877 1438 957 1492 Drsd.
975 1441 1000 1493 d.
1017 1437 1098 1492 babet
1115 1455 1157 1490 on
1176 1437 1332 1491 uirtutibus
1347 1455 1386 1508 pro
1428 1426 1430 1519 ἱ

341 1539 452 1600 atque
469 1527 637 1588 virtutidua5
656 1537 683 1581 et
701 1527 799 1581 babent
816 1525 870 1580 boc
887 1544 926 1578 an
942 1524 1012 1579 Rdd.
1030 1526 1100 1579 Veu.
1118 1527 1198 1579 1487.
1217 1527 1303 1580 1491.
1321 1525 1387 1577 1514.
1428 1534 1430 1543 ·

339 1617 424 1671 Paris.
444 1620 524 1671 aaut.
549 1614 629 1669 lldlb.
646 1614 680 1685 (s.
697 1612 716 1668 l.
736 1624 762 1668 et
779 1613 816 1682 a.)
841 1612 891 1666 Ed.
910 1631 953 1684 ap.
972 1611 1084 1669 Meueel.
1112 1611 1178 1683 Arg.
1198 1612 1283 1666 1515.
1314 1608 1385 1680 lugd.

341 1708 421 1760 titt.
457 1703 516 1756 Mr.
634 1732 636 1737 ·
902 1702 905 1707 ’

412 1792 488 1862 Quid
511 1800 603 1843 aulem
628 1792 720 1843 Numa
744 1786 926 1859 Pompiliust]
956 1789 1074 1854 „Autem
1101 1788 1175 1842 abest
1201 1789 1237 1841 ab
1266 1788 1384 1842 omnibus

341 1889 422 1934 reule.
458 1879 607 1948 Pompilius
625 1878 699 1933 abest
717 1877 750 1930 ab
771 1896 836 1930 uno.
874 1877 946 1945 Quia
965 1877 1271 1943 verbumsubauditur,
1299 1894 1384 1939 vereor,

339 1985 375 2020 ne
393 1968 452 2038 quis
470 1978 571 2021 temere
589 1967 679 2020 locum
698 1964 823 2017 mutarit:
853 1983 916 2018 cum
935 1966 964 2019 in
984 1964 1144 2036 quibusdam
1164 1964 1329 2036 impressum
1346 1963 1385 2016 bor

341 2054 424 2107 mods
440 2054 558 2124 legatur:
577 2052 672 2123 Quid?
690 2071 708 2102 a
727 2055 818 2103 Numa
830 2054 962 2124 Pompilio
980 2054 1069 2106 minue
1086 2071 1118 2105 ne
1134 2062 1235 2123 grutere
1255 2064 1307 2107 etc.
1326 2048 1385 2122 quod

340 2141 406 2195 mibi
426 2141 551 2213 quidem,
569 2159 636 2212 pace
654 2139 765 2195 dixerim
784 2140 926 2196 doctorum
945 2141 1101 2206 bominum,
1125 2139 1196 2193 baud
1217 2140 1283 2194 satis
1300 2139 1386 2212 proba·
1428 2190 1430 2197 ,

343 2241 395 2284 tur.
430 2227 576 2282 Subaudiri
595 2238 621 2281 et
639 2227 691 2282 boc
708 2228 811 2282 videtur
829 2249 906 2301 posse
924 2240 950 2284 et
968 2229 1018 2283 alia
1037 2227 1200 2283 consimilia:
1220 2228 1298 2297 Quid
1310 2229 1385 2279 Num

342 2315 514 2386 Pompilius?
531 2316 671 2369 videturne
689 2316 765 2371 robis
781 2328 828 2371 aut
844 2316 927 2370 rideri
946 2318 1073 2389 cuiquam
1094 2325 1196 2388 potest,
1215 2314 1331 2368 deorum
1347 2313 1385 2364 be-

344 2403 524 2459 nevolentiam
542 2403 604 2458 ideo
629 2422 686 2457 nou
710 2422 766 2457 csse
792 2417 984 2474 consecutum,
1012 2405 1074 2477 qnia
1092 2422 1148 2457 non
1166 2401 1274 2457 salicetis
1293 2399 1386 2473 paten's,

341 2503 372 2546 ut
386 2491 520 2544 luxuriosa
539 2491 691 2563 posteritas,
719 2510 810 2546 serum
832 2491 959 2546 fictilibus
981 2492 1086 2546 umulis
1104 2501 1130 2545 et
1148 2491 1293 2562 capidibus
1310 2491 1336 2544 in
1352 2506 1385 2541 sa-

342 2578 489 2634 crificando
507 2590 636 2634 uteretur.
671 2580 728 2636 Nec
746 2581 855 2647 dubito,
879 2580 945 2652 quin
965 2579 1042 2634 buius
1064 2580 1170 2652 generis
1188 2580 1311 2651 exempla
1327 2579 1384 2631 inter

342 2668 486 2739 legendum
510 2668 561 2722 alia
588 2671 762 2724 occurrant.“
788 2669 861 2722 ald.
878 2667 1011 2722 Manut.
1054 2666 1229 2734 „Lectionem
1257 2663 1348 2737 Quid?
1368 2681 1382 2712 a

342 2759 433 2810 Numa
451 2759 583 2828 Pompilio
600 2769 666 2828 puto
687 2774 865 2822 veramxesse,
886 2757 1035 2811 imitatione
1054 2754 1172 2811 Graeca:
1190 2753 1240 2813 utic
1259 2750 1332 2825 παρὰ
1346 2749 1383 2802 roi

340 2849 439 2910 Νουμᾶ
456 2842 559 2916 ὑδρίας.
595 2845 664 2899 Atii:
692 2846 766 2916 Quid
789 2846 880 2896 Numa
904 2843 1074 2914 Pompilius?
1098 2845 1220 2896 atinusue
1236 2852 1336 2914 gratus
1351 2865 1384 2886 -·

341 2935 397 2989 Sed
416 2946 485 3002 tum,
503 2935 554 2988 nisi
573 2935 686 2989 addatur
704 2936 771 2991 eius,
792 2932 881 2986 hiulca
901 2935 952 2988 erit
970 2934 1162 2989 constructio.“
1181 2931 1215 2987 Η.
1234 2931 1341 2986 Wott.
1357 2954 1383 2970 ’-

272 3032 275 3037 ’
341 3024 399 3078 Nec
414 3034 504 3077 tamen
522 3022 595 3076 dedit
611 3021 644 3076 ll.
662 3023 710 3076 W.
728 3022 757 3074 in
778 3022 915 3089 contentis,
934 3022 1007 3095 quod
1026 3022 1149 3095 probavit
1165 3020 1195 3074 in
1213 3018 1384 3078 annotatione,

341 3110 402 3163 sed:
421 3108 513 3180 Quid?
532 3111 638 3162 Numae
651 3110 777 3179 Pompilii
793 3111 914 3162 minusne
931 3121 1030 3182 gratus
1044 3110 1096 3163 diis
1112 3136 1146 3149 —-
1157 3110 1253 3180 fuisse
1265 3118 1314 3161 etc.
1335 3101 1362 3155 M
1367 3116 1383 3152 t·

413 3195 509 3265 Quid?
535 3214 555 3246 o
579 3197 671 3248 Numa
694 3197 840 3266 Pompilio,
868 3198 988 3251 minusne
1006 3199 1053 3265 -]
1082 3197 1162 3265 „Non
1188 3195 1313 3266 displicet
1332 3191 1384 3245 beet

342 3281 490 3354 scripture,
516 3283 622 3338 inventa
640 3284 669 3337 in
687 3284 745 3340 Pal.
765 3284 872 3339 duobus
889 3297 916 3340 ct
933 3285 963 3340 S.
982 3287 1099 3341 Victoris
1117 3285 1298 3350 membranis,
1323 3289 1384 3336 tanl⁰

339 3369 452 3441 ‚quidem
476 3371 579 3438 miuus,
605 3372 679 3444 quod
701 3391 762 3427 eam
785 3374 993 3446 repraesentavit
1011 3374 1147 3429 Victorius
1169 3371 1344 3444 probavitque
1357 3365 1383 3418 Η.

341 3457 474 3526 wolfius,
499 3470 530 3515 ut
549 3479 645 3532 graeca
662 3460 811 3515 imitatione
831 3462 971 3534 prolatam.
1008 3462 1075 3516 Atti:
1103 3462 1178 3531 Quid
1195 3471 1290 3512 autem
1308 3461 1383 3512 Num

341 3546 513 3616 Pompilius?
548 3547 633 3616 Sunt,
659 3549 706 3622 qui
723 3549 802 3604 etiam
822 3550 929 3606 malint:
956 3550 1050 3622 Quid?
1079 3551 1185 3601 Numae
1203 3546 1331 3618 Pompilii
1345 3541 1384 3596 mi·

342 3652 394 3686 nus
414 3645 466 3688 etc.
502 3633 555 3688 Sed
574 3636 613 3691 sic
630 3636 698 3689 nulli
715 3636 796 3695 Mss.
815 3641 916 3706 nostri,
940 3639 1007 3693 nulli
1028 3636 1090 3691 Aldi
1109 3625 1223 3708 nepotis.
1262 3635 1385 3690 Gruter·

413 3722 487 3790 Quid
505 3724 596 3773 Numa
614 3723 794 3794 Pompilius?]
819 3725 863 3780 Al.
883 3726 976 3797 Quid?
993 3745 1011 3778 a
1031 3729 1122 3779 Numa
1138 3725 1281 3793 Pompilio,
1299 3722 1386 3774 nunus·

344 3823 376 3857 ue
395 3815 446 3859 etc.
482 3805 526 3859 ΑΙ.
546 3809 622 3877 Quid
639 3820 731 3862 autom
750 3814 841 3865 Numa
859 3813 1039 3887 Pompilius?
1068 3814 1163 3868 Face.

414 3892 509 3961 Quid?
533 3912 552 3945 a
578 3898 669 3948 Numa
687 3899 849 3970 Pompilio?]
876 3903 913 3970 „i.
932 3923 955 3957 e.
978 3901 1090 3955 vultisne
1113 3920 1129 3953 a
1151 3899 1241 3952 Numa
1264 3891 1385 3969 Pompilio

344 3976 523 4048 incipiamus?
558 3981 645 4038 Numa
664 3985 814 4058 Pompilius
836 3990 867 4043 in
885 3990 1019 4046 sacrificiis
1037 3989 1149 4043 instituit
1166 4005 1227 4041 rasa
1245 3983 1387 4058 simpliciter

344 4067 413 4120 facta
433 4077 460 4120 el
477 4067 598 4140 figulina,
617 4071 635 4128 i.
653 4092 676 4127 e.
694 4074 799 4131 fictilia:
823 4079 935 4133 urnulas
953 4090 979 4133 et
996 4077 1146 4148 capedines,
1165 4075 1182 4127 i.
1200 4093 1225 4128 e.
1244 4093 1314 4142 vasa,
1330 4085 1388 4142 quae

344 4152 408 4207 ansi
434 4157 494 4227 capi
522 4167 548 4212 et
573 4160 702 4231 prehendi
727 4176 843 4236 possent.
884 4165 980 4219 Postea
999 4175 1134 4219 crescente
1152 4162 1257 4215 luxuria
1275 4160 1389 4215 inductae

344 4253 407 4296 sunt
419 4255 536 4314 paterae,
554 4267 614 4302 vasa
631 4249 668 4304 ita
685 4251 757 4306 dicta
775 4272 790 4305 a
806 4253 933 4323 patendo,
952 4263 979 4306 et
992 4251 1101 4324 quidem
1113 4250 1224 4317 silicata,
1239 4250 1258 4303 i.
1272 4269 1296 4303 e.
1315 4243 1389 4300 multo

345 4327 459 4383 artificio
478 4331 613 4388 elaborata
632 4336 666 4390 ad
684 4337 885 4392 similitudinem
904 4338 1022 4404 fruticis,
1042 4339 1088 4410 qui
1106 4337 1159 4389 iilis
1178 4335 1328 4390 dicebatur.
1359 4329 1389 4382 lla

348 4414 457 4483 quidem
475 4417 501 4473 b.
520 4421 539 4477 l.
560 4423 754 4495 interpretatur
777 4425 894 4495 bangius
918 4446 947 4479 ex
966 4425 1044 4480 Festo
1063 4427 1091 4480 in
1111 4444 1134 4477 r.
1144 4423 1285 4492 filiculae.
1320 4413 1390 4473 Conf.
