3450 5342
530 1491 585 1570 Μ.
606 1492 799 1575 TULLu
825 1490 1113 1569 CICERONIS

351 1684 655 1809 PAR
726 1688 784 1808 A
853 1687 914 1811 D
982 1687 1036 1812 0
1105 1690 1169 1815 X
1238 1694 1296 1817 A

504 1931 1153 2043 STOiCORUM

802 2194 844 2237 AD

660 2354 714 2427 Μ.
740 2354 981 2429 Batinum:

740 2553 904 2561 ——--—--

638 2688 1013 2746 PROOEMIUM.

295 2824 560 2959 Animadverti,
586 2880 695 2960 Brnte,
721 2897 821 2962 saepe
836 2878 1007 2957 Catonem,
1034 2883 1231 2945 avunculum
1249 2887 1349 2958 tuum,

295 3036 373 3084 eum
405 3019 440 3082 in
473 3025 588 3084 senatu
621 2997 815 3084 sententiam
851 3018 993 3096 diceret,
1030 3021 1120 3085 locos
1156 3038 1273 3101 graves
1307 3041 1348 3086 ex

294 3156 506 3240 philosophia
539 3163 695 3234 tractare,
728 3155 944 3219 abhorrentes
978 3155 1021 3218 ab
1046 3156 1111 3219 hoc
1136 3173 1198 3219 usn
1224 3155 1349 3219 forensi

295 3297 329 3359 et
350 3294 501 3375 publieo3
526 3294 585 3359 sed
611 3294 750 3359 dicendo
778 3292 936 3373 eonseqni
962 3296 1082 3369 tamen,
1108 3292 1225 3356 utilia
1251 3291 1349 3355 etiam
1381 3312 1438 3333 ν·

295 3430 430 3523 popule
441 3431 627 3512 probabilia
647 3388 845 3495 viderentur.
898 3427 997 3505 Quod
1020 3444 1061 3489 eo
1087 3429 1194 3508 majus
1220 3432 1269 3489 est
1292 3428 1350 3503 iili,
1374 3474 1389 3483 .

296 3579 397 3646 qnam
431 3571 487 3631 ant
514 3568 591 3645 tibi,
627 3571 683 3651 aut
716 3566 831 3630 nobis:
870 3564 949 3644 qnia
981 3578 1042 3627 nos
1075 3580 1115 3626 ea
1140 3560 1350 3643 philosophia

294 3700 369 3781 plue
394 3703 533 3783 utimur,
567 3720 653 3783 quae
678 3702 806 3785 peperit
831 3700 961 3767 dicendi
986 3701 1134 3782 copiam,
1167 3703 1199 3763 et
1224 3699 1258 3764 in
1285 3718 1350 3782 qua

295 3833 449 3900 dieantur
468 3854 519 3915 ea,
546 3855 631 3920 quae
656 3856 725 3904 non
750 3839 890 3903 muttum
912 3836 1098 3919 discrepant
1124 3839 1166 3902 ab
1193 3838 1349 3918 opinione

295 3972 466 4054 populari:
493 3970 574 4039 Cato
601 3980 730 4052 antem,
757 3974 938 4056 perfectus,
964 3990 1039 4038 mea
1057 3973 1236 4049 sententia,
1262 3970 1350 4034 Stoi-

296 4121 365 4182 ena,
390 4112 424 4171 et
446 4124 487 4172 ea
510 4112 616 4189 sentit,
643 4126 729 4191 qnae
755 4126 824 4175 non
850 4126 931 4173 sane
956 4110 1138 4192 probantur
1163 4110 1197 4170 in
1225 4106 1350 4183 vulgus,

237 4298 242 4303 .
296 4244 329 4304 et
354 4242 388 4306 in
415 4258 455 4307 ea
481 4249 530 4309 est
554 4245 695 4325 haeresi,
722 4265 807 4329 qnae
827 4248 953 4311 nuttnm
970 4246 1118 4324 requitur
1136 4241 1252 4303 florem
1272 4256 1350 4303 ora-

295 4375 414 4456 tionis,
448 4396 557 4460 neque
583 4382 697 4447 dilatat
723 4387 971 4463 argumentum,
1008 4378 1063 4440 sed
1091 4375 1223 4439 minutis
1248 4377 1350 4440 inter-

1047 4509 1062 4576 l
