3450 5342
358 667 432 741 344
767 682 932 733 excussus
958 682 1016 729 vu.

359 852 441 905 oninis
460 851 602 921 aliquanto
619 847 764 918 posteriore
783 846 848 897 anni
864 854 945 913 porte
964 841 1119 914 languidior
1131 842 1224 914 ssrms
1243 853 1332 896 sssst:
1350 847 1410 895 iom-

359 957 408 1010 que
425 936 500 1008 plebs
515 939 556 988 ito
584 937 612 988 in
638 933 780 987 tribunatu
809 924 916 1002 aliquid
937 948 1036 1001 ponere
1057 930 1130 999 spei,
1165 930 1190 983 si
1214 930 1319 983 similes
1343 933 1410 991 Icilio

360 1025 482 1080 tribunos
500 1024 625 1078 baberet:
646 1022 787 1075 nomina
806 1029 916 1072 tantum
933 1037 962 1070 se
980 1017 1084 1070 biennio
1100 1016 1243 1072 babuisse.
1283 1017 1330 1072 Sic
1348 1019 1410 1072 enim

360 1125 432 1168 recte
451 1125 551 1167 veteres
569 1110 635 1164 Edd.
653 1122 679 1164 et
700 1107 823 1163 nonnulli
844 1107 932 1159 bonae
952 1116 1031 1159 notae
1049 1103 1128 1158 MSS.
1150 1105 1278 1176 Vulgari:
1304 1109 1410 1160 nornine

360 1213 468 1254 lantum
485 1218 513 1252 se
533 1199 635 1251 &samo
652 1195 786 1250 babuisse.
823 1195 896 1249 ldem
915 1194 961 1247 lib.
970 1193 1029 1260 Vll,
1039 1196 1086 1248 ²⁹:
1105 1195 1242 1263 Coneponi
1260 1197 1348 1267 magis
1364 1214 1411 1247 no-

360 1308 429 1342 men
447 1289 485 1339 od
497 1286 662 1357 praesidium
680 1285 826 1348 sociorum,
845 1301 928 1354 quom
945 1282 1016 1334 vires
1034 1300 1096 1334 curn
1113 1283 1295 1336 attulissent.
1339 1281 1410 1334 Vides

359 1395 451 1428 nomen
470 1374 571 1445 opponi
590 1372 691 1425 viribus
715 1372 742 1424 in
772 1370 824 1425 boc
848 1370 924 1424 loco:
950 1368 978 1422 in
1006 1370 1146 1440 superiore
1174 1389 1242 1422 vero
1268 1390 1331 1423 cum
1355 1369 1409 1421 dicit

361 1463 459 1527 Livius,
487 1460 597 1514 biennio
615 1460 737 1513 tribunos
755 1460 835 1512 luisse
851 1470 957 1513 tantum
976 1458 1098 1522 nomino,
1121 1468 1152 1511 ut
1171 1456 1322 1512 clarissime
1339 1469 1409 1529 patet,

359 1548 490 1620 significat
501 1547 574 1601 nulla
585 1566 631 1600 eos
645 1557 773 1619 potestate
784 1547 976 1602 etauctoritate
989 1545 1076 1609 luisse,
1094 1545 1182 1617 qualis
1194 1546 1284 1603 luerit
1294 1546 1323 1599 in
1336 1546 1408 1612 lcilio,

360 1637 404 1690 sed
424 1637 503 1690 luisse
522 1647 624 1690 tantum
644 1636 733 1689 inania
746 1636 865 1689 nomina.
903 1634 999 1689 Cicero
1016 1635 1048 1686 V.
1065 1633 1099 1687 ad
1117 1638 1173 1688 An.
1191 1637 1246 1688 152
1266 1655 1327 1687 cum
1343 1654 1408 1687 eser·

348 1727 443 1777 'citum
461 1735 551 1777 noster
574 1725 677 1778 amicus
695 1724 811 1790 lrabeat,
840 1734 950 1777 tantum
977 1741 1016 1775 me
1035 1740 1154 1774 nomen
1181 1721 1286 1775 babere
1302 1723 1408 1774 duorum

359 1813 491 1883 legionum
507 1811 639 1864 exilium?
674 1812 747 1865 Idem
767 1813 800 1866 de
819 1811 905 1867 Claris
922 1811 1098 1866 Oratoribus:
1118 1811 1175 1861 Hic
1195 1829 1319 1863 nomen
1335 1811 1407 1863 bono

359 1901 397 1952 ris
418 1901 534 1970 adeptus
561 1909 617 1963 est,
646 1919 697 1951 non
722 1901 855 1956 honorem.
901 1899 1010 1953 Tacitus
1038 1897 1112 1966 [Hist.
1138 1896 1272 1965 tV,15:]
1300 1915 1408 1949 nomen

359 1989 444 2059 magis
462 1988 611 2053 exercitus,
633 2005 714 2058 quam
732 1987 821 2042 robur.
858 1987 932 2041 Idem
951 1987 1016 2040 llist.
1030 1985 1076 2051 lV,
1094 1988 1141 2039 lb:
1164 1985 1296 2037 Muciani
1313 1994 1341 2035 et
1357 1989 1407 2036 Do-

358 2075 465 2126 mitiani
483 2093 555 2126 vano
572 2084 600 2125 et
618 2075 674 2126 sine
699 2075 802 2129 viribus
819 2078 967 2129 nomina.
1012 2072 1091 2128 ovid.
1109 2070 1236 2140 [Metam.
1257 2073 1318 2138 XV,
1336 2074 1405 2139 stu]

358 2162 432 2232 Quid
447 2163 619 2214 Pandionias·
633 2174 752 2227 restant,
776 2165 829 2216 nisi
846 2183 954 2228 nornen,
980 2160 1129 2216 Atlteuue?
1172 2160 1283 2216 Infinita
1311 2180 1402 2234 possem

358 2266 503 2319 congerere
522 2249 653 2321 exempla,
671 2251 716 2304 ubi
734 2270 826 2304 nemen
843 2249 993 2321 opponitur
1011 2252 1059 2304 rei.
1101 2247 1341 2301 Persuasissimum
1362 2252 1404 2301 ita·

359 2354 411 2407 que
430 2334 514 2388 babeo
533 2335 652 2388 Tullium
677 2339 824 2410 scripsisse,
847 2338 909 2392 licet
928 2337 988 2390 libri
1008 2347 1106 2391 veteres
1124 2354 1221 2391 omnes
1247 2348 1404 2409 repugnent:

359 2427 424 2475 Cum
436 2423 516 2495 ferro
525 2424 615 2494 pulsis
625 2426 832 2497 magistratibus
839 2436 953 2479 senatus
971 2442 1088 2477 nomen
1106 2424 1135 2476 in
1148 2442 1178 2475 rs
1192 2424 1309 2493 publico
1325 2433 1402 2484 erat,

358 2510 409 2565 boc
427 2523 478 2579 est,
497 2523 603 2566 senatus
621 2513 729 2584 quidem
748 2526 820 2579 erat,
837 2515 883 2569 sed
904 2514 993 2568 nullae
1011 2513 1086 2578 vires,
1106 2509 1179 2564 nulla
1194 2523 1321 2582 potestas,
1341 2509 1402 2565 nulls

358 2601 508 2655 auctoritas.
544 2600 573 2654 si
592 2602 735 2673 scripsisset
751 2600 856 2670 Cicero,
877 2602 914 2656 uti
934 2601 1059 2656 scribitur
1076 2598 1210 2652 ineditis:
1230 2611 1345 2651 senatos
1361 2617 1402 2650 no-

280 2679 283 2689 *
358 2690 461 2742 menin
480 2689 634 2760 republica
651 2710 715 2742 non
733 2702 808 2749 erat,
828 2690 1007 2763 significasset,
1025 2699 1145 2742 senatum
1166 2685 1250 2758 plane
1270 2687 1347 2740 luisse
1363 2685 1401 2737 de·

359 2781 438 2831 letum
458 2790 484 2832 et
502 2778 656 2834 exstinctum
675 2791 755 2851 atque
774 2799 788 2832 e
807 2780 896 2833 medio
914 2777 1061 2832 sublatum:
1081 2773 1187 2828 nullum
1199 2787 1325 2829 senatum
1334 2775 1402 2827 luisse

358 2866 385 2918 in
404 2885 433 2918 re
452 2865 567 2937 publica.
605 2867 696 2921 lustin.
719 2868 751 2933 V,
770 2870 801 2921 6:
832 2867 1038 2921 Atheniensium
1058 2864 1176 2916 deletum
1200 2883 1257 2915 non
1275 2864 1402 2934 imperium

357 2965 480 3020 tontum,
499 2955 645 3007 sedetiam
663 2973 755 3006 nomen
772 2955 917 3007 videretur.
963 2952 1016 3006 Sed
1036 2949 1132 3005 Cicero
1148 2951 1187 3004 ait
1209 2963 1334 3005 senatum
1352 2949 1403 3022 qui·

357 3043 417 3096 dem
437 3043 530 3106 fuisse,
551 3042 596 3095 sed
618 3041 727 3093 nomine
748 3052 869 3109 tantum,
887 3053 915 3095 ut
934 3040 1012 3112 vulgo
1031 3039 1196 3112 loquuntur,
1214 3039 1275 3093 sine
1294 3040 1333 3107 vi,
1355 3039 1402 3091 sine

357 3128 521 3182 auctoritate.
560 3131 620 3180 Non
638 3131 765 3181 insertum
785 3141 823 3183 est
841 3149 856 3182 a
877 3129 975 3194 sciolo,
1003 3128 1047 3199 qui
1069 3147 1124 3181 non
1143 3126 1325 3199 intelligebat,
1349 3125 1401 3198 quid

357 3228 422 3270 esset
438 3227 550 3268 senatus
568 3235 660 3268 nomen
678 3228 747 3272 erut.
784 3218 813 3271 si
832 3219 892 3290 quis
910 3231 998 3272 tamen
1016 3215 1148 3288 vulgatam
1168 3217 1302 3271 tuendam
1327 3215 1401 3269 existi·

356 3313 425 3366 met,
451 3314 477 3356 et
495 3301 653 3358 Ciceronem
672 3305 710 3357 sic
728 3305 846 3360 locutum
867 3326 922 3360 esse
942 3305 1098 3368 contendet,
1124 3314 1154 3357 ut
1183 3316 1327 3376 exaggeret
1343 3318 1401 3358 tem·

356 3390 427 3460 poris
445 3390 515 3445 illius
531 3393 713 3464 iniquitatem,
732 3393 809 3447 sicuti
828 3393 918 3465 paullo
936 3405 996 3465 post
1015 3392 1121 3446 dixerit:
1140 3403 1259 3446 senatus
1272 3394 1401 3454 occiderat,

355 3479 452 3530 civitas
472 3499 524 3531 non
541 3490 616 3545 eret,
646 3483 739 3534 consul
756 3502 808 3534 nors
826 3492 902 3549 erat,
919 3503 968 3554 per
994 3501 1036 3535 me
1061 3479 1124 3534 licet
1147 3480 1257 3535 fruatur
1284 3480 1400 3535 sententia

354 3571 429 3622 sua.“
448 3567 630 3622 Graevius.

435 3653 589 3718 „Graevius
616 3675 668 3709 non
703 3657 784 3710 deleri
814 3657 930 3711 volebat:
966 3677 1028 3710 nam
1061 3677 1162 3712 nomen
1195 3670 1306 3713 senatus
1327 3659 1354 3710 in
1376 3674 1400 3707 re

356 3739 461 3812 publica
478 3742 570 3808 luisse,
589 3743 634 3795 sed
654 3763 757 3809 nomen,
777 3764 831 3798 non
852 3766 921 3810 rem,
946 3747 1076 3800 exstitisse.
1112 3747 1217 3799 Verum
1239 3746 1334 3803 Cicero
1351 3763 1398 3798 oon

353 3827 420 3881 solet
436 3827 477 3892 id,
505 3828 577 3897 quod
596 3826 726 3882 Graevius
744 3831 860 3898 volebat,
880 3835 918 3887 sic
936 3837 1099 3907 exprimere,
1119 3832 1296 3907 dixissetque,
1313 3844 1338 3887 nt
1353 3850 1398 3903 ego

353 3913 417 3967 olim
435 3915 619 3979 conieceram‚
636 3935 727 3969 nonsen
747 3919 821 3972 modo
838 3931 914 3979 erat,
939 3934 985 3976 aut
1002 3941 1095 3976 norma
1117 3923 1147 3975 in
1165 3942 1194 3974 re
1212 3925 1337 3994 publico,
1356 3940 1399 3974 non

354 4023 411 4064 res,
428 4007 518 4058 erot.“
538 4003 616 4058 Ern.

422 4090 524 4158 „Quod
542 4092 670 4147 insidebat
698 4096 761 4148 olim
787 4099 915 4151 mendum
944 4099 1069 4154 Ciceroni
1094 4100 1193 4154 Parad.
1212 4101 1259 4167 lV,
1279 4105 1311 4154 1:
1343 4117 1401 4161 cum,

346 4182 426 4248 ferro
440 4180 529 4248 pulsis
547 4183 767 4253 ningistrntibus‚
786 4198 898 4241 senatus
916 4208 1008 4241 nomen
1026 4190 1055 4240 in
1073 4206 1128 4258 rep.
1148 4207 1216 4241 non
1235 4200 1307 4256 erat,
1325 4188 1401 4243 Grae-

353 4267 407 4317 vius
425 4266 540 4334 sustulit,
569 4267 672 4324 sublato
690 4291 755 4336 nou,
780 4294 866 4345 eoque
886 4276 936 4328 sim
956 4288 982 4331 et
1001 4275 1160 4348 elegantiam
1181 4276 1222 4333 illi
1240 4278 1304 4334 loco
1323 4277 1400 4333 reddi·

352 4354 417 4407 dit.“
452 4354 629 4411 Rubnlsen.
649 4359 682 4412 ad
701 4360 795 4429 Vellcj.
814 4361 846 4427 ll,
867 4367 910 4418 69.

422 4442 511 4504 „Vere
531 4443 665 4500 Ernestus.
703 4448 735 4501 Et
754 4447 816 4502 dicit
833 4452 889 4521 ipse
908 4451 1005 4507 Cicero
1025 4452 1115 4522 paullo
1137 4466 1211 4525 post:
1233 4468 1347 4510 senatus
1364 4473 1401 4507 or·
