3450 5342
495 694 658 742 exeussus
680 694 723 742 ιν.
757 694 798 740 nn
821 694 1016 742 rsntnoxon
1043 696 1065 756 1,
1082 690 1109 743 ι.
1258 669 1330 744 331

281 856 350 908 sioni
370 854 485 909 adbibita
505 854 646 927 leguntur,
666 865 695 908 ut
711 853 739 906 in
759 854 851 924 quinta
870 852 931 906 libri
951 854 1001 906 tx:
1020 853 1092 907 Mitt
1111 873 1170 906 vero
1189 856 1226 905 ad
1242 858 1335 910 Nonas

282 944 346 995 bene
364 953 502 995 maturum
519 944 628 996 uidetur
640 943 714 1014 fore.
755 941 790 995 Et
807 941 877 996 libro
896 942 965 994 XVl.
983 942 1008 994 T
1010 941 1095 1007 imni,
1126 945 1167 993 Tu
1194 959 1256 993 uero
1273 960 1336 996 coa-

277 1031 333 1098 fice
349 1031 554 1100 professionem,
572 1031 597 1082 si
611 1040 706 1100 potes:
732 1029 785 1082 etsi
802 1029 870 1080 boec
885 1030 1000 1098 pecunia
1018 1047 1051 1082 ex
1072 1048 1101 1082 eo
1118 1032 1214 1100 gauere
1231 1037 1285 1092 est,
1305 1042 1336 1081 ut

279 1117 447 1186 professione
463 1137 516 1170 noa
533 1127 622 1190 egeat.

354 1205 467 1258 Minime
495 1216 586 1259 autem
615 1203 752 1277 principiis
777 1213 881 1256 tantum
907 1203 951 1257 illa
982 1204 1146 1276 pronomina
1176 1202 1338 1258 adhibentur

283 1305 411 1364 sequente
436 1293 566 1365 particula
591 1312 670 1345 vero:
702 1292 728 1345 id
752 1303 802 1359 est,
827 1303 857 1346 ut
882 1292 935 1345 sint
961 1292 1047 1363 prima
1074 1290 1200 1365 epistolae
1225 1290 1338 1346 alicuius

285 1380 372 1433 verba.
408 1380 532 1451 Legimus
551 1379 669 1433 enimin
689 1399 734 1445 ea,
761 1399 830 1450 quae
849 1390 888 1433 est
905 1379 1016 1450 septima
1034 1378 1096 1435 libri
1115 1381 1165 1433 lXt
1191 1379 1338 1433 Coeaobom

283 1467 360 1535 apud
375 1468 479 1532 Seium,
508 1486 589 1540 quum
614 1452 723 1538 utrique
747 1462 869 1519 aestatim
894 1466 1108 1521 redditae'suat
1134 1487 1153 1520 a
1179 1479 1206 1520 te
1232 1468 1338 1524 literae.

283 1548 374 1603 Mitt
400 1572 483 1606 vero
510 1555 567 1605 iam
585 1554 723 1606 moturum
739 1552 855 1604 videtur.
906 1551 962 1620 Qui
988 1553 1067 1608 etiam
1085 1553 1160 1610 locus
1186 1556 1336 1621 confirmat,

285 1639 357 1709 quod
376 1639 410 1693 de
427 1640 523 1695 barum
533 1660 628 1694 vocum
648 1659 697 1693 usu
715 1640 774 1693 dixi.
807 1639 981 1694 Manifestum
1000 1643 1071 1695 enim
1090 1654 1129 1697 est
1144 1644 1255 1715 perinde
1274 1663 1337 1710 esse,

284 1726 355 1779 acsi
375 1726 487 1782 diceret:
506 1728 634 1782 Redditae
652 1739 746 1782 sunta
764 1737 790 1782 te
808 1727 908 1795 literae,
928 1729 1025 1801 quibus
1043 1749 1130 1802 rogas,
1148 1751 1182 1784 an
1202 1742 1336 1785 maturum

284 1812 349 1866 mibi
368 1813 493 1887 videatur.
528 1817 601 1867 Mitt
619 1834 680 1869 vero
699 1816 752 1868 iam
771 1827 906 1869 maturum
926 1817 1037 1870 videtur.

356 1901 465 1954 Alicubi
483 1913 573 1956 autem
591 1902 626 1956 ita
647 1901 825 1974 respondetur
842 1902 892 1956 bac
912 1902 1041 1974 particula
1061 1921 1130 1968 uero,
1147 1913 1178 1956 ιιι
1195 1900 1273 1956 simul
1288 1921 1337 1955 ne·

284 1997 376 2057 getur,
401 1989 474 2058 quod
493 1988 594 2043 dictum
613 1990 706 2043 suerit:
732 2002 761 2044 ut
780 1991 813 2043 ad
830 1990 949 2044 Atticum
967 1989 1018 2061 Ep.
1037 1993 1072 2045 13
1089 1990 1155 2061 (sive
1173 1992 1222 2056 14,
1252 2001 1283 2043 ut
1308 1991 1335 2042 in

284 2076 342 2128 aliis
360 2075 443 2145 Edd.)
460 2076 522 2129 libri
541 2077 590 2130 lll:
611 2079 683 2128 Nom
701 2078 774 2148 quod
790 2077 884 2130 scribis
903 2078 1043 2130 reaudire
1049 2116 1057 2144 ,
1083 2096 1123 2130 me
1140 2078 1222 2130 etiam
1241 2077 1335 2129 mentis

284 2182 372 2214 errore
390 2182 424 2214 ex
442 2164 531 2217 dolore
549 2164 637 2233 affici:
657 2165 742 2216 milti
760 2183 843 2218 aero
861 2184 932 2217 meas
951 2165 1128 2237 integraret.

358 2251 596 2320 Quemadmodum
615 2264 703 2306 autem
720 2252 780 2306 illae
792 2252 928 2325 epistolae,
949 2271 1017 2323 quae
1035 2253 1063 2305 in
1075 2253 1163 2324 primo
1181 2252 1273 2306 limine
1289 2252 1338 2305 ba·

286 2339 351 2392 beot
370 2340 527 2410 particulam
544 2361 622 2407 vero,
647 2340 825 2412 praecedente
851 2341 1029 2412 pronomine,
1057 2340 1241 2412 respondentis
1266 2352 1336 2407 sunt,

285 2426 320 2478 ita
340 2427 419 2479 etiam
439 2447 509 2498 quae
532 2427 631 2481 babent
654 2429 721 2481 Ain'
739 2428 794 2480 tu?
828 2428 868 2480 vel
888 2429 953 2482 Aiu‘
978 2428 1108 2480 tandem?
1151 2427 1190 2482 Ut
1211 2427 1335 2500 vigesima

285 2515 372 2583 prima
390 2514 451 2568 libri
470 2514 519 2566 lX:
544 2515 610 2568 Ain’
628 2513 758 2565 tandem?
786 2514 907 2567 insanire
931 2513 980 2566 tibi
1007 2515 1118 2579 uideris,
1146 2515 1218 2585 quod
1235 2513 1337 2566 imitere

283 2601 422 2653 verborum
448 2621 576 2669 meorum,
602 2612 634 2652 ut
659 2600 767 2667 scribis,
787 2601 932 2673 fulmina?
976 2602 1018 2655 Ab
1042 2600 1093 2654 illis
1118 2611 1206 2654 autem
1230 2600 1338 2653 vocibus

284 2687 350 2738 Aia'
369 2687 423 2740 tu?
450 2689 555 2743 orditur
574 2687 710 2760 quandam
727 2688 761 2741 ad
772 2688 899 2756 Atticum,
919 2708 986 2761 quae
997 2701 1035 2743 est
1046 2689 1137 2761 quinta
1149 2686 1210 2741 libri
1222 2686 1339 2759 quarti.“

284 2775 377 2827 Verbo
395 2794 507 2829 monere
535 2776 649 2830 debebat
665 2775 832 2847 Stephanus,
861 2776 1074 2849 distinguendam
1100 2793 1154 2828 esse
1181 2795 1196 2827 a
1221 2773 1336 2827 formula

283 2863 448 2916 asseverandi
467 2866 527 2934 Ego
545 2883 607 2916 vero
623 2864 734 2918 alteram
752 2868 812 2937 Ego
829 2875 936 2932 eutem,
963 2875 1088 2936 quaeest
1114 2863 1153 2915 vel
1178 2862 1335 2916 adversativa

284 2950 445 3023 vel,1quam
471 2951 579 3017 dicunt,
608 2952 801 3007 continuativa:
834 2953 906 3005 Fieri
933 2952 1010 3020 inde,
1039 2952 1135 3007 docere
1166 2959 1284 3023 poterat,
1311 2960 1353 3029 ut¹

283 3050 341 3090 tum
360 3039 532 3094 asseverando
551 3049 607 3093 tum
627 3042 751 3112 negando
770 3041 902 3095 inserviat.
938 3040 1001 3100 ΜΓ,

709 3156 915 3168 -ῇ-ιῌ

674 3277 886 3339 excursus
909 3280 957 3339 ιν.
1026 3296 1028 3300 ·
1132 3258 1136 3267 ’

529 3413 605 3488 ΑΙ)
631 3412 975 3495 ΡΑΒΑΒΟΧΟΝ
1000 3416 1032 3512 1,
1057 3414 1101 3490 5:

313 3603 355 3616 -
376 3571 492 3657 Atque
515 3569 600 3636 baec
621 3572 762 3660 quidem
786 3573 954 3652 —facile
974 3570 1105 3638 adduci
1129 3572 1238 3636 soleat
1262 3581 1302 3633 ut

282 3669 318 3732 ia
345 3666 446 3733 rebus
467 3666 564 3734 bouis
586 3695 660 3738 esse
681 3687 831 3763 negent:
853 3673 947 3739 illud
964 3686 1080 3739 tamea
1094 3683 1191 3736 arcte
1213 3679 1332 3735 teuent

388 3784 668 3862 accurateque
689 3776 897 3856 defenduat,
918 3777 1134 3864 voluptatem
1156 3795 1228 3838 esse

643 3899 818 3943 summum
840 3876 975 3943 bonum.

352 4012 432 4067 Hunc
450 4029 501 4085 ego
520 4013 611 4067 locum
630 4034 692 4068 cum
711 4019 748 4086 (a.
768 4020 860 4089 1810.)
886 4020 1011 4092 Lugduni
1034 4017 1195 4072 Batavorum
1214 4013 1330 4084 legerem

280 4119 344 4154 cum
362 4100 574 4171 Wyttenbacbio
600 4101 671 4156 inter
694 4105 847 4178 complures
873 4108 929 4161 eius
953 4104 1111 4176 discipulos,
1136 4120 1230 4156 sanum
1256 4099 1334 4171 plane

280 4200 306 4242 et
324 4189 359 4241 ab
378 4191 452 4243 omni
471 4189 531 4243 labe
548 4189 697 4244 immunem
716 4193 915 4263 existimabam,
942 4212 1058 4265 eumque
1077 4212 1091 4245 a
1112 4191 1220 4244 nemine
1249 4185 1336 4240 adbuc

279 4285 380 4329 lactum
400 4295 454 4328 esse
473 4279 558 4347 probe
584 4279 700 4332 sciebam
729 4299 790 4335 cum
810 4283 911 4335 ceteris.
957 4283 992 4335 Αι
1010 4280 1070 4346 ille,
1096 4278 1216 4347 „Habet,
1242 4274 1338 4346 inquit,

279 4380 326 4415 vox
344 4374 474 4416 accurate
492 4365 610 4438 aliquam
629 4366 837 4436 dubitationem,
864 4383 894 4425 ut
912 4368 1009 4425 Cicero
1036 4369 1146 4422 sortasse
1173 4365 1250 4418 aliter
1268 4364 1337 4418 scri-

278 4450 361 4520 psisse
378 4451 505 4507 videatur.
543 4455 598 4507 Vos
616 4454 679 4525 quid
699 4455 731 4509 de
751 4475 780 4509 ea
801 4475 829 4510 re
851 4457 984 4522 sentiatis,
1003 4456 1122 4528 proxima
1141 4452 1205 4508 mihi
1226 4452 1338 4508 lectione
