3450 5342
341 650 391 722 tt
497 713 500 718 .
667 675 840 723 rinnon
868 673 1061 723 srotoosou.

338 846 449 906 proptor
466 842 535 906 quoe
552 833 619 899 dico.
656 835 748 899 „Limt
770 837 881 891 abesto
908 845 1042 907 quattuor.
1079 831 1133 885 Alii
1147 831 1276 887 suffiunt
1294 852 1350 888 este
1365 833 1388 887 in

341 923 498 995 quibusdam
518 921 711 992 Quamlibet
728 915 852 977 iriideot.
889 921 972 989 Quod
985 933 1074 975 tamen
1088 939 1144 972 non
1157 921 1306 991 probant.“
1324 919 1387 973 ΑΜ.

340 1009 425 1063 Man.
462 1009 544 1063 Abest
563 1009 642 1064 etiarn
661 1011 724 1062 licet
743 1029 757 1063 a
777 1010 864 1064 Codd.
884 1009 991 1064 Suerin.
1010 1008 1070 1062 Bas.
1087 1007 1167 1060 Drsd.
1183 1009 1212 1059 4.
1228 1011 1257 1061 t.
1293 1011 1388 1078 (luen-

338 1098 403 1150 libet
420 1099 449 1150 in
468 1099 529 1152 Par.
546 1102 627 1153 1552.
664 1097 791 1153 Ceterum
810 1100 843 1153 ad
863 1098 1020 1153 sententiam
1040 1096 1118 1149 huius
1139 1094 1193 1149 lo'ci
1217 1095 1314 1168 Xyst·
1335 1095 1387 1149 Be·

338 1184 474 1238 tuleins
498 1184 580 1243 haec:
608 1184 729 1250 „l'smm'
753 1185 804 1239 sibi
828 1194 933 1239 constat
956 1184 1022 1238 hoec
1045 1182 1127 1247 ratio,
1156 1201 1239 1254 qoem
1258 1194 1291 1235 ut
1307 1201 1384 1236 veram

337 1281 478 1342 tantopere
504 1272 666 1342 praedicat·‚.
686 1269 807 1344 quumvis
833 1291 863 1325 es
887 1271 977 1325 media
999 1269 1153 1325 Stoicorum
1177 1270 1324 1342 disciplina
1346 1271 1385 1324 de·

338 1370 471 1429 prompta.
507 1359 576 1411 Nam
594 1358 614 1411 si
635 1359 766 1430 pecuniae
783 1357 917 1430 ἀδιάφορα
935 1369 1012 1425 sont,
1040 1369 1066 1412 et
1089 1357 1202 1429 perinde
1227 1358 1274 1426 (ut
1291 1358 1385 1411 Teren·

338 1446 416 1499 tinnis
434 1457 495 1501 utar
511 1445 610 1515 verbis)
631 1457 659 1500 ut
678 1445 748 1500 illius
766 1447 887 1512 animus,
915 1446 962 1518 qui
987 1465 1018 1499 es
1041 1445 1169 1517 possidet:
1199 1444 1296 1497 animo
1317 1443 1383 1516 probi

338 1533 431 1605 otique
449 1544 529 1587 erunt
546 1531 757 1603 ιιῖχρηστήμπα,
775 1552 844 1606 quse
860 1533 919 1605 ipse
937 1533 1071 1586 commoda
1086 1533 1290 1604 interpretatur.
1325 1533 1382 1585 Nam

338 1619 562 1690 δι’ςχρηστὴματα
581 1622 609 1673 in
628 1622 686 1676 viro
704 1623 823 1694 sapiente
841 1621 931 1676 locum
951 1624 1007 1675 non'
1026 1620 1140 1686 hebent,
1158 1631 1185 1674 et
1202 1619 1293 1675 multo
1311 1621 1382 1692 mugit

336 1705 481 1772 βλάμματα
493 1720 568 1763 sunto
583 1710 634 1763 sed
650 1712 769 1764 monent¹
780 1726 887 1781 semper
904 1719 979 1773 recte
992 1709 1127 1763 utentibus
1137 1703 1310 1776 ιῖφιλήμιιτα.
1336 1707 1381 1760 Mt.

408 1799 583 1867 Quamobrem
600 1799 664 1850 licet
680 1797 806 1866 irrideat]
825 1795 894 1864 „Est
908 1795 972 1849 miti
989 1795 1057 1850 cot.
1073 1794 1273 1862 vetustissimus,
1284 1795 1321 1848 in
1337 1813 1380 1864 quo

337 1884 372 1936 ita
396 1885 526 1956 scriptum
551 1885 680 1956 comperi.
715 1884 747 1937 ln
772 1884 829 1937 aliis
851 1884 951 1954 legitur
969 1882 1114 1954 quemlibet
1132 1883 1271 1936 irrideat..
1293 1882 1346 1937 set
1361 1891 1381 1934 et

336 1970 426 2022 inveni
448 1972 571 2042 priorem
597 1971 740 2025 lectionem
767 1971 883 2042 margini
900 1981 1078 2038 annotatam,
1105 1989 1158 2025 nec
1174 1989 1250 2024 eram
1271 1971 1301 2025 in
1320 1970 1381 2024 liunt

337 2057 428 2110 locum
452 2059 599 2130 quicquam
621 2070 866 2125 commentaturus,
893 2060 951 2112 nisi·
966 2060 1140 2132 posteriorem
1158 2059 1325 2131 scripturam
1340 2057 1381 2109 ln·

337 2156 412 2198 tonso
431 2146 562 2217 placuisse
577 2146 703 2200 viderem.
739 2146 878 2201 Ciceronis
902 2166 978 2200 mens
992 2158 1052 2203 -eett
1082 2165 1145 2201 cnm
1161 2145 1240 2200 -baec
1264 2157 1293 2200 et
1316 2141 1381 2199 bonit

337 2232 427 2290 obsint
445 2245 470 2287 et
488 2253 503 2287 a
522 2233 602 2286 malis
617 2233 815 2305 possideantur,
834 2234 911 2288 nullo
929 2241 1012 2306 pacto
1028 2254 1104 2306 posse
1122 2229 1179 2287 esse
1196 2235 1285 2287 Ιιιιιιιι
1307 2246 1380 2304 ‚qino

337 2322 446 2392 quidem
472 2323 630 2377 sententiam
654 2324 683 2376 ln
707 2323 843 2394 duplicem
869 2321 1049 2391 wttoymptr
1066 2322 1190 2376 coniecit.
1233 2321 1316 2375 Prior
1338 2329 1380 2372 est:

337 2409 447 2463 Nullum
472 2411 575 2463 bonum
600 2413 726 2484 cuiquam
753 2423 839 2484 potest
863 2430 919 2465 esse
943 2410 1027 2465 malo:
1053 2410 1127 2482 atqui
1144 2410 1193 2463 ista
1218 2408 1380 2480 probiorem

337 2498 424 2552 maloi
453 2518 519 2571 ergo
544 2519 601 2554 non
616 2511 689 2554 -eunt
705 2501 787 2554 bona.
822 2499 982 2554 Posterioris
999 2499 1117 2553 formula
1132 2510 1188 2552 ests
1217 2495 1379 2570 Quicquida

337 2585 414 2640 malis
429 2587 594 2660 possidetur,
620 2589 721 2642 malum
740 2600 792 2642 est:
821 2589 870 2642 ista
881 2589 1088 2660 ¹possidentura
1110 2586 1200 2639 malis:
1228 2598 1293 2640 sunt
1309 2585 1379 2656 igitur

336 2674 415 2727 mala.
451 2675 607 2743 Hinc'sotiq
626 2677 734 2749 opinor,
752 2676 847 2748 liquet,
866 2697 936 2742 eam,
953 2695 1035 2749 quam
1050 2675 1136 2729 semri
1154 2693 1258 2741 sumus,
1276 2673 1379 2744 scriptu·

335 2781 394 2815 ram
418 2766 503 2836 magis
527 2766 660 2838 quadrare
683 2765 860 2820 conclusioni.
897 2765 966 2818 Nam
983 2761 1136 2834 ἐπιφώνημα
1152 2762 1263 2816 nullum
1282 2761 1325 2816 hic
1341 2778 1379 2814 ιιι-

335 2850 408 2906 dio.“
426 2852 627 2907 Morientus.
1281 2862 1284 2867 '

406 2943 436 2992 Si
454 2941 513 3012 qui
530 2943 602 3009 vult]
626 2942 683 3007 „lta
701 2942 810 3008 lamb„
837 2946 891 3011 pro
913 2941 937 2992 si
963 2942 1038 3013 quis,
1066 2959 1147 3011 saepe
1171 2939 1301 3011 reposuit.
1334 2932 1377 2989 set

335 3023 480 3096 ἅρχαισμός
496 3028 627 3082 videtur.“
652 3029 685 3082 ll.
702 3029 810 3082 Wott.
846 3029 955 3096 [Nonne
972 3028 1036 3082 inde
1054 3028 1180 3100 colliges,
1208 3042 1272 3080 eutn
1292 3026 1378 3079 tatere

335 3116 360 3166 si
378 3115 439 3186 quis
457 3114 485 3167 in
505 3116 661 3170 contestis?¹
687 3115 741 3170 Sed
766 3118 849 3172 edidit
873 3120 898 3170 si
922 3119 988 3190 qui]
1013 3117 1084 3184 ⁴·„lta
1109 3115 1263 3180 Victorius,
1291 3113 1378 3173 turos

335 3201 460 3272 Longius,
480 3222 531 3257 nec
546 3203 623 3258 aliter
636 3204 823 3260 memlimnae:
842 3217 869 3260 et
886 3206 924 3260 sic
942 3225 1003 3261 mos
1021 3225 1051 3259 ex
1066 3205 1161 3258 eodem
1179 3203 1288 3276 Longis)
1304 3215 1378 3255 nteit·

337 3289 495 3360 branisque:
518 3293 542 3344 si
559 3294 619 3364 qui
636 3313 733 3363 pecus:
751 3295 870 3368 itemque
890 3301 1008 3348 Brutum
1025 3295 1050 3348 ei
1068 3296 1127 3365 qui
1145 3303 1231 3364 roget,
1250 3311 1306 3346 non
1322 3287 1378 3362 quit,

336 3393 390 3444 quo
408 3378 492 3432 utitur
510 3379 646 3435 interdurn
667 3383 751 3455 magis
769 3403 799 3437 er
818 3385 953 3439 voluntate
972 3382 1123 3446 edentium,
1144 3400 1227 3451 quam
1247 3400 1277 3434 es
1296 3388 1378 3433 aneto·

337 3465 411 3519 ritate
429 3466 621 3524 MSStommt‘
645 3470 794 3527 Gronov'.
830 3472 933 3529 Geruli.
952 3493 981 3527 ex
1000 3490 1087 3542 marg.
1106 3470 1192 3524 vert..
1206 3469 1309 3524 nouvit
1325 3466 1378 3521 alios

335 3551 433 3610 habere
452 3557 477 3610 si
494 3559 580 3630 quid
595 3559 705 3612 velit:
723 3561 805 3615 voluit
819 3562 930 3615 fortusse
948 3561 973 3614 si
991 3560 1068 3633 quis
1088 3558 1162 3623 velit,
1181 3568 1212 3611 ut
1226 3557 1308 3611 estin
1322 3551 1377 3607 lldl·

337 3643 396 3696 Ald.
412 3647 492 3699 tott.
513 3648 593 3700 1552.
621 3646 693 3701 Crat.
718 3649 822 3702 Manut.
846 3649 908 3703 Car.
932 3647 1025 3720 steph.
1042 3648 1179 3720 Magnoli3
1206 3648 1234 3700 si
1252 3648 1312 3720 qui
1327 3644 1376 3700 oeli

336 3729 435 3784 hebent
452 3732 483 3784 ll.
500 3733 587 3786 Wolf.
606 3737 650 3800 (ut
667 3735 733 3804 dixi)
755 3737 826 3791 Vict.
843 3737 936 3791 Lamb.
953 3736 1037 3790 Sulsr.
1055 3738 1128 3790 Petr.
1164 3736 1215 3789 Ed.
1235 3755 1295 3809 prc.
1314 3734 1378 3802 Meg·

335 3817 404 3872 Ros.
424 3817 517 3890 Steplr.
534 3818 613 3874 Grut.
636 3818 723 3877 Gron.
748 3826 831 3879 Verb.
858 3824 910 3878 Or.
946 3824 1051 3897 Reliqui
1076 3826 1102 3877 si
1124 3824 1205 3896 quis
1231 3825 1302 3877 vult.
1335 3821 1378 3874 Pro

337 3906 397 3955 vult
415 3905 483 3960 Cod.
502 3905 610 3962 Suerin.
630 3929 658 3962 es
677 3912 766 3980 veteri,
785 3913 926 3969 Ciceronis
942 3915 1031 3979 etiarn,
1051 3932 1137 3979 more,
1157 3912 1224 3966 volt.
1248 3942 1282 3955 «ι-
1310 3910 1379 3965 Cete-

336 4008 397 4044 rum
421 3993 455 4046 de
475 3992 612 4050 locutione
630 3999 656 4050 si
673 4002 721 4072 qui
738 4013 764 4055 et
783 4004 808 4055 si
826 4004 887 4076 quis
905 4014 996 4057 utrum
1015 4002 1125 4074 etquid
1146 4000 1293 4067 differant,
1319 3997 1378 4053 varia

335 4080 469 4134 variorum
488 4082 540 4165 sive
558 4084 655 4143 indicia
674 4089 727 4143 sive
747 4103 899 4146 commenta
915 4110 1050 4162 exponere
1069 4102 1095 4144 et
1110 4089 1261 4144 diiudicare
1278 4090 1379 4160 tongum

335 4180 382 4222 est.
419 4170 500 4239 Quod
520 4172 542 4226 si
561 4174 621 4246 quis
639 4179 743 4248 potiore
759 4198 924 4250 cognoscere
942 4179 1010 4246 velit,
1029 4180 1086 4232 eius
1104 4179 1132 4230 in
1145 4196 1224 4230 usum
1244 4176 1315 4231 infra
1330 4175 1378 4228 lau·

335 4256 458 4313 dabimus
475 4261 569 4330 libros,
596 4265 668 4318 unde
693 4285 724 4320 ea
751 4285 915 4338 cognoscere
939 4267 1029 4336 possit.
1070 4266 1126 4319 Nos
1144 4264 1239 4336 paucis
1257 4265 1380 4333 deterge

336 4362 409 4413 mur,
442 4369 495 4404 una
520 4354 648 4406 sententia
675 4354 773 4422 electa,
800 4354 947 4428 unicuique
965 4354 1095 4410 iudicium
1118 4352 1306 4423 relinquentes
1323 4350 1378 4402 inte·

335 4448 414 4501 grum
437 4447 464 4492 et
487 4439 611 4496 liberum.
647 4440 760 4515 Optime
779 4442 909 4499 nimirum
928 4443 991 4498 mibi
1011 4462 1068 4499 rem
1088 4439 1251 4514 expedivisse
1268 4439 1380 4495 ridentur
