3450 5342
603 675 799 743 rautnoxori
818 695 848 740 v.
878 695 947 741 etr.
967 695 989 741 1.
1255 677 1327 751 211

280 852 505 909 Christianorum.
542 853 576 908 D.
595 853 737 927 Augustin.
757 851 815 905 Lib.
830 851 877 903 lV.
897 852 930 906 de
949 850 1026 906 Civit.
1064 853 1129 922 Dei,
1148 859 1247 926 capit:
1266 864 1334 913 Pro-

280 942 343 993 inde
369 941 467 1007 bonus,
500 942 582 993 etium
611 943 636 994 si
661 942 779 997 serviat,
805 937 872 991 tiber
896 950 952 1005 est,
979 941 1067 994 mulus
1096 952 1203 1010 autem,
1230 947 1335 999 etiamsi

281 1039 389 1100 regnet,
412 1048 505 1082 servus
531 1039 582 1083 eat.
620 1031 676 1080 Nee
701 1028 783 1080 unius
806 1020 936 1085 Ιιοαιὶαίὲ,
964 1029 1026 1093 sed,
1052 1031 1125 1101 quod
1148 1040 1190 1082 est
1215 1032 1336 1101 gravius,

281 1127 324 1167 tot
344 1117 520 1181 dominorum,
539 1127 604 1189 quot
623 1117 759 1170 vitiorum.
804 1119 846 1167 De
872 1115 969 1187 quibus
996 1136 1057 1169 eum
1081 1127 1175 1188 ageret
1199 1118 1337 1188 scriptura

281 1203 389 1269 divina,
407 1223 425 1256 α
445 1224 497 1276 quo
514 1204 583 1256 enim
601 1203 678 1276 quia,
695 1204 801 1276 inquit,
821 1203 945 1256 devictus
963 1213 1020 1261 ests
1047 1204 1115 1272 bule,
1128 1214 1156 1255 et
1173 1223 1269 1257 servus
1286 1209 1337 1257 ad-

282 1287 375 1342 dictus
390 1296 457 1346 est.“
473 1292 497 1344 X
503 1302 563 1362 yst.
584 1290 779 1345 Betuleius.
823 1289 974 1362 „Egregius
990 1290 1071 1345 etiam
1090 1302 1171 1346 exstat
1185 1292 1255 1346 liber
1271 1293 1336 1347 Phi-

281 1374 361 1444 lonis,
380 1379 550 1447 cuiusindex,
564 1398 664 1433 omnem
671 1378 785 1449 probum
795 1396 853 1430 esse
862 1377 984 1433 liberum.
1020 1378 1111 1447 Quem
1125 1380 1210 1436 vide.“
1228 1380 1297 1437 Gra
1306 1404 1336 1438 e·

282 1463 365 1518 vius.
401 1465 445 1520 Est
464 1467 533 1521 liber
549 1467 684 1533 Philonis,
706 1466 752 1538 qui
771 1464 936 1519 inscribitur:
956 1469 1073 1536 περὶτοῦ
1091 1464 1176 1521 πάνια
1195 1471 1337 1523 σπουδαῖον

282 1545 348 1603 εἶναι
364 1549 508 1625 ἐλεύθερον,
526 1555 567 1626 (p.
575 1556 727 1609 suo-889.
748 1552 890 1607 ed.Frcol.
900 1552 994 1621 1691.)
1005 1552 1072 1608 alter
1088 1566 1187 1621 autem,
1206 1577 1261 1629 quo
1272 1578 1337 1630 pro·

282 1641 353 1696 bavit
373 1642 449 1696 Philo
467 1639 554 1695 πάντα
570 1644 664 1695 δοῦλον
682 1633 746 1692 εἶναι
763 1641 877 1706 φαῦλον,
896 1639 1039 1694 intercidit.
1059 1641 1120 1695 Vld.
1138 1642 1158 1696 l.
1178 1642 1211 1699 A.
1221 1644 1337 1699 Fabricii

282 1729 352 1783 Bibl.
364 1729 414 1784 Gr.
422 1727 533 1784 hihlV.
546 1734 614 1796 c.4.,
634 1727 707 1799 quod
726 1726 827 1781 ibidem
847 1737 1000 1798 excerptum
1019 1739 1065 1793 est,
1083 1749 1110 1800 p.
1125 1731 1150 1784 9.
1163 1733 1259 1785 nndb.
1277 1731 1337 1786 Mr.

348 1811 425 1869 Ὅτι
451 1813 546 1878 pisse
563 1815 611 1883 -]
643 1814 809 1886 „Disputant
838 1814 868 1866 in
895 1813 967 1868 hanc
993 1817 1153 1870 sententiam
1187 1816 1339 1873 Aristoteles

283 1904 374 1976 primo
399 1902 532 1971 Politico,
559 1902 636 1956 Plato
662 1902 690 1955 in
718 1900 858 1955 Alcibiade
878 1902 980 1972 primo,
1009 1904 1054 1956 ubi
1082 1905 1161 1960 docet
1183 1908 1337 1978 pravitatem

283 1991 406 2045 servilem
424 2009 488 2059 esse,
507 2002 533 2044 et
549 1991 578 2043 in
597 1989 707 2061 Gorgia,
730 1989 775 2042 ubi
796 1990 893 2061 probat
911 2002 1040 2062 tyrannos
1058 1992 1198 2047 minimum
1223 1995 1250 2048 in
1274 1996 1339 2048 civi-

285 2091 339 2133 tate
359 2098 450 2150 posse,
469 2080 531 2152 quia
548 2079 662 2132 serviant
677 2078 854 2150 turpitudini,
881 2088 906 2131 et
925 2077 1049 2134 Socrates
1073 2080 1144 2152 apud
1168 2081 1336 2153 Xenophon-

286 2179 340 2221 tem
359 2165 406 2220 lib.
425 2167 470 2220 lV.
490 2165 643 2220 Comment.
661 2167 733 2237 [cap.
753 2166 786 2230 V,
807 2167 842 2234 3.]
880 2165 999 2219 Libertas
1017 2166 1099 2238 igitur
1117 2181 1144 2223 et
1161 2172 1271 2224 servitus
1290 2191 1338 2242 per

285 2255 471 2326 metaphoram
490 2275 505 2308 a
524 2253 687 2328 pbilosophis
705 2265 871 2325 usurpantur
889 2255 922 2307 ad
932 2253 1139 2326 significandum
1157 2257 1212 2312 illic
1229 2258 1338 2329 quidem

286 2342 468 2414 principatum
486 2342 597 2399 rationis
614 2341 804 2413 cupiditatibus
821 2341 987 2414 imperantis,
1005 2342 1049 2398 hic
1063 2365 1125 2398 vero
1137 2347 1338 2417 oppressionem

287 2429 385 2482 mentis
402 2441 428 2483 et
445 2429 554 2484 rationis
571 2429 649 2483 malis
665 2429 807 2484 affectibus
825 2441 954 2502 tanquam
974 2430 1123 2502 imperiosis
1141 2433 1256 2487 dominis
1274 2435 1341 2488 obe-

287 2515 412 2569 dientis.“
429 2516 511 2570 Aud.
530 2516 692 2571 Talaeus.
728 2515 890 2589 „Euripides
915 2519 1122 2590 παραδοξότερον
1140 2533 1166 2575 et
1183 2522 1283 2585 verius,
1313 2532 1341 2574 ut

287 2603 355 2657 mihi
374 2603 483 2676 quidem
503 2604 619 2670 videtur,
633 2606 661 2658 in
679 2603 788 2659 lleeuba
808 2607 872 2672 [823
892 2626 952 2677 sqq.
969 2606 1011 2658 ed.
1032 2605 1121 2675 Both]

326 2693 389 2757 φεῦ,
402 2718 437 2731 -
458 2688 504 2744 osis
522 2691 578 2744 iore
599 2695 720 2761 θνητῶν,
738 2685 807 2750 ierac
824 2689 877 2744 ἴστ’
895 2690 1045 2762 ἐλεύθερος·

459 2776 635 2850 ἤχρημάτοιν
652 2777 703 2849 yrip
722 2776 816 2838 duritie
832 2783 915 2846 larse,
936 2779 958 2849 ἤ“
971 2781 1065 2848 τύχης,

458 2868 479 2936 ἤ
494 2869 598 2938 πλῆθος
615 2865 696 2922 oriris
713 2865 818 2931 πόλεος,
835 2869 856 2938 ἤ
872 2868 956 2930 νόμων
975 2874 1075 2938 γραφαὶ
1141 2925 1143 2929 .

459 2958 573 3025 εἴργουσι
587 2960 708 3027 χρῆσθαι
724 2954 762 3026 μή
780 2953 848 3008 eusci
866 2951 970 3025 γνῶμην
987 2952 1102 3026 τρόποις.

290 3040 339 3095 Sic
356 3041 502 3114 Aeschylus
519 3043 547 3097 in
564 3043 726 3099 Prometheo
745 3044 834 3099 vincto
853 3043 909 3111 [50.
927 3042 969 3096 ed.
988 3041 1095 3110 Botb.]:

460 3127 596 3202 ἐλεύθερος
613 3129 664 3202 reip
684 3130 756 3190 οὔτις
776 3134 832 3186 luel
849 3129 917 3200 nlp's
934 3127 1006 3188 Aac.

291 3214 330 3266 Es
347 3214 501 3271 bominibus
518 3229 608 3272 autem
625 3220 745 3290 proxime
766 3218 799 3272 ad
820 3217 970 3272 libertatem
990 3218 1107 3281 accedit,
1135 3228 1163 3270 ut
1187 3217 1344 3289 perelegan-

292 3315 334 3357 ter
342 3304 479 3377 Epictetus
488 3306 624 3379 loquitur:
643 3303 869 3372 ὅοινγκατατᾶξας
886 3303 978 3357 inuris
996 3309 1032 3376 τῇ
1044 3313 1105 3372 θείᾳ
1124 3308 1176 3356 τοῖν
1194 3299 1260 3356 ‘ilus
1277 3308 1345 3358 διοι-

292 3392 374 3461 κήσει.
410 3392 491 3464 Apud
514 3393 661 3447 Stobaeum
680 3391 827 3446 Periander
846 3390 1040 3460 interrogatus,
1067 3390 1131 3461 quid
1156 3390 1190 3441 sit
1217 3389 1344 3442 libertas?

292 3481 391 3544 Recta,
410 3479 507 3550 inquit,
525 3479 695 3534 conscientia.
731 3479 766 3533 Et
783 3477 863 3542 Bion,
882 3476 974 3529 Ronos
992 3476 1100 3547 quidem
1120 3493 1216 3538 servos,
1234 3472 1345 3526 libeross

291 3565 433 3639 improbos
458 3585 520 3619 vero
544 3566 642 3619 liberos
668 3565 813 3620 multarum
832 3563 1008 3634 cupiditatum
1034 3580 1088 3615 esse
1113 3578 1201 3613 servos
1226 3559 1289 3612 ait.“
1312 3558 1345 3612 ll.

293 3652 399 3708 Wott.
442 3651 489 3707 Est
513 3654 589 3707 locus
613 3673 656 3725 ap.
681 3652 757 3709 Stob.
782 3651 870 3706 Serm.
890 3650 921 3703 ll.
950 3671 977 3722 p.
995 3653 1039 3704 32.
1061 3647 1124 3719 (Ed.
1149 3649 1214 3701 Aur.
1243 3646 1346 3701 Allobr.

294 3743 374 3795 1609.
393 3742 411 3793 l.
430 3740 481 3809 m.)
514 3745 598 3810 Φησὶν
621 3737 634 3792 ὃ
658 3744 744 3793 Βίων·
777 3741 801 3792 οἱ
826 3736 926 3806 α’γαθοὶ
951 3741 1063 3803 οἰκέται,
1090 3732 1237 3806 ἐλεύθεροι·
1269 3736 1293 3787 οἶ
1318 3737 1347 3788 dl

294 3832 405 3897 πονηροὶ
423 3827 569 3899 ἐλεύθεροι,
595 3831 686 3881 δοῦλοι
711 3832 812 3881 πολλῶν
830 3829 998 3915 ἐπιθυμιῶν..
1031 3825 1098 3878 Add.
1118 3823 1211 3877 Horat.
1239 3822 1294 3878 Sat.
1314 3824 1346 3890 ll,

292 3919 320 3982 t,
341 3918 384 3970 83.
403 3916 468 3989 ibiq.
485 3917 611 3988 interprr.
646 3916 707 3970 llllr.
735 3945 738 3950 ·

368 4005 511 4057 Laudetur
529 4032 563 4045 -
582 4005 626 4056 Ιιίο
644 4006 800 4074 imperator]
837 4003 884 4067 „ln
904 4001 941 4054 Μ.
961 4000 1109 4053 Antonium
1127 3998 1179 4052 hoc
1193 3997 1294 4051 dictum
1309 3994 1347 4049 si-

294 4088 354 4142 deri
374 4101 468 4160 potest.
504 4089 558 4144 Sed
578 4090 667 4162 potius
684 4091 716 4146 sit
735 4089 887 4145 communis
904 4088 994 4152 locus,
1024 4097 1068 4151 ut,
1094 4085 1115 4137 si
1140 4104 1174 4137 ne
1201 4084 1348 4154 imperator

294 4174 423 4249 quidem,
442 4178 488 4250 qui
507 4180 612 4251 sapiens
630 4200 685 4234 non
704 4191 751 4246 est,
770 4179 838 4233 liber
855 4179 897 4242 sit,
916 4177 1047 4230 aliusnon
1066 4191 1120 4224 esse
1139 4170 1237 4222 liberos
1253 4179 1344 4221 osten·
1415 4240 1418 4247 Ι

292 4264 349 4329 dat,
368 4266 415 4336 qui
433 4266 564 4336 sapientes
582 4285 637 4321 non
656 4269 736 4322 sint.“
754 4268 829 4322 Frc.
847 4266 940 4337 sylv.
978 4262 1028 4327 „ln
1043 4258 1191 4312 Antonium
1212 4256 1345 4327 plerisque

295 4351 404 4423 placere
423 4352 499 4406 video
518 4353 584 4409 haec
602 4374 657 4409 esse
676 4357 755 4409 dicta.
803 4357 881 4408 Certe
900 4350 1047 4411 Antonius,
1076 4364 1138 4398 cum
1164 4344 1346 4415 gubernacula

295 4439 366 4511 reip.
385 4437 462 4494 Rom.
481 4440 529 4494 sibi
549 4444 675 4513 sumpsit,
703 4454 805 4497 tantum
825 4440 910 4495 abluit
927 4436 960 4489 ab
979 4432 1108 4503 imperio,
1140 4442 1170 4484 ut
1192 4450 1246 4484 non
1267 4432 1347 4484 modo

994 4520 1062 4592 14*
