3450 5342
412 695 485 769 242
742 711 915 760 rtnruoxu
943 708 1137 758 sroruonuu.

412 881 517 942 llerw.;
542 877 664 930 Aetionis
682 875 775 928 Lamb.
795 873 852 944 (sed
872 891 932 924 vera
951 872 1072 926 Lambini
1094 882 1191 942 puncta
1212 873 1368 940 διαιρέσεως
1388 871 1469 939 babet)

413 966 507 1038 Colon:
528 962 663 1016 Cameren.
684 963 714 1014 Η.
732 961 819 1013 wott.
840 960 908 1012 Auel.
929 959 987 1011 Tal.
1025 959 1083 1011 Mr.

485 1066 511 1105 te
529 1053 668 1121 stupidum
688 1052 787 1100 detinet
796 1051 818 1115 5]
840 1046 925 1099 Codd.
945 1047 1024 1099 Drsd.
1043 1051 1067 1099 1.
1087 1050 1111 1101 3.
1131 1046 1270 1098 continet
1291 1066 1344 1117 pro
1367 1048 1466 1099 detinet.

413 1144 453 1196 Ad
474 1140 629 1196 sententium
648 1135 886 1209 Wyttenbachius:
907 1133 973 1202 „Sic
993 1134 1117 1186 Horatius
1135 1133 1198 1187 dixit
1218 1133 1304 1204 Epist.
1325 1132 1361 1200 ll,
1380 1137 1404 1200 1,
1423 1137 1464 1187 tr:

561 1225 706 1295 Suspendit
722 1225 799 1293 picta
820 1227 932 1275 mentem
952 1222 1110 1292 vultumque
1129 1218 1240 1272 tabella.

414 1317 459 1369 Est
478 1312 566 1369 autem
587 1313 716 1376 detinere,
740 1311 760 1363 si
780 1310 910 1363 eiusmodi
930 1308 1019 1363 tabule
1039 1307 1155 1379 aliquem
1183 1319 1405 1379 praetereuntem
1427 1327 1462 1360 re-

413 1404 480 1456 tinet
508 1412 534 1454 et
559 1399 592 1452 ad
611 1416 638 1450 se
657 1398 831 1468 spectandum
852 1397 942 1450 allicit.
980 1400 1077 1466 Stupet
1097 1406 1201 1461 autem,
1229 1395 1252 1447 si
1279 1396 1376 1449 oculos
1394 1396 1460 1448 inea

413 1489 477 1541 linos
496 1489 580 1553 tenet,
604 1497 633 1539 ut
653 1505 686 1538 ne
704 1496 860 1538 moveantur
884 1485 1001 1557 quidem.
1049 1483 1096 1537 Est
1121 1483 1192 1536 enirn
1218 1483 1334 1536 verbum
1364 1495 1459 1554 stupere

414 1575 530 1629 eiusdem
549 1573 660 1643 originis
677 1591 708 1625 ac
727 1572 837 1623 verbum
856 1576 961 1626 stare.“
1007 1571 1038 1625 ln
1057 1570 1107 1624 atis
1133 1571 1233 1623 abeunt
1253 1571 1315 1635 alii,
1343 1593 1366 1625 v.
1389 1592 1411 1625 c.
1434 1570 1459 1622 C.

412 1663 565 1715 Beemanus
582 1661 610 1713 in
629 1659 786 1712 Manuduct.
805 1659 837 1711 ad
857 1659 887 1712 L.
906 1659 962 1713 Lat.
981 1680 1004 1713 v.
1019 1663 1133 1727 Stupeo,
1153 1660 1270 1729 ptest.
1290 1658 1334 1713 ed.
1354 1666 1379 1712 2.
1396 1659 1459 1712 Mar·

414 1750 460 1804 tini
480 1750 539 1801 ben.
558 1746 627 1800 Phil.
648 1746 673 1798 b.
691 1767 715 1800 v.
753 1747 841 1800 Vossii
867 1747 983 1819 Etymol.
1007 1747 1036 1800 L.
1055 1747 1084 1799 b.
1110 1745 1136 1798 lr.
1156 1766 1179 1799 v.
1198 1745 1218 1799 l.
1248 1746 1284 1799 D.
1310 1767 1326 1800 a
1350 1748 1457 1816 Lennep.

412 1838 442 1892 L.
461 1837 510 1892 Gr.
529 1857 555 1908 p.
575 1840 642 1898 91ος
660 1835 776 1906 denique
796 1835 969 1890 Doederlein.
990 1837 1044 1889 Lat.
1065 1834 1170 1906 Synon.
1189 1853 1216 1889 u.
1236 1833 1358 1905 Etymol.
1377 1837 1409 1888 T.
1420 1833 1456 1888 Vl.

434 1969 439 1981 ,
565 1964 571 1977 .
606 1922 668 1978 ΜΓ.

413 1946 430 1997 Ρ
460 1929 658 2082 3leittlliignum
684 2009 796 2080 aliquod
821 2009 974 2080 Polycleti.]
1024 2009 1109 2064 Etiam
1139 2009 1166 2060 in
1195 2009 1333 2079 Polycleti
1361 2011 1455 2063 nomine

412 2099 552 2154 scribendo
579 2097 679 2150 variant
698 2096 767 2149 libri.
813 2097 858 2151 Sic
876 2094 969 2150 Duisb.
988 2095 1047 2150 Crz.
1066 2101 1092 2150 1.
1114 2101 1139 2150 2.
1178 2096 1316 2164 folieto,
1345 2095 1419 2151 Drsd.
1435 2101 1455 2149 l·

412 2187 554 2251 Palinuri,
580 2184 631 2239 01.
650 2205 675 2252 η.
700 2183 779 2237 Drsd.
796 2188 820 2239 3.
836 2189 862 2238 4.
900 2185 1042 2251 Polirreti,
1072 2185 1133 2236 Οτι.
1150 2186 1176 2238 3.
1196 2185 1352 2244 Pollicteti,
1369 2185 1416 2240 Ox.
1432 2185 1455 2235 E.

412 2273 543 2324 Polirhre.
581 2271 640 2323 ΜΓ.

482 2358 628 2428 Polycleti]
663 2357 835 2429 „Polycletus
857 2358 1001 2428 Sicyonius
1018 2358 1115 2412 nobilis
1132 2359 1181 2412 luit
1197 2359 1356 2425 statuarius,
1380 2361 1404 2411 iu
1423 2359 1455 2410 la·

413 2445 513 2499 ciendis
530 2445 611 2516 signis
629 2464 690 2498 aere
701 2444 812 2499 Deliaco
829 2464 891 2498 usus
911 2457 957 2498 est
993 2446 1079 2500 Multa
1094 2447 1150 2499 eius
1160 2466 1243 2517 opera
1255 2447 1362 2501 Plinius
1374 2467 1425 2517 cap.
1435 2449 1456 2498 8.

411 2532 473 2587 libri
493 2535 698 2587 bbenumerat.
735 2532 819 2585 Huius
836 2533 911 2603 signa
930 2534 1061 2586 nonnulla
1088 2553 1143 2588 esse
1170 2535 1198 2586 in
1217 2535 1288 2588 atrio
1308 2536 1363 2590 Titi
1380 2537 1453 2606 impe-

412 2621 507 2674 ratoris
525 2619 602 2687 dicit,
621 2640 676 2692 quo
695 2640 777 2691 opere
796 2619 900 2673 nullum
920 2621 1064 2676 absolutius
1082 2621 1205 2694 plerique
1223 2623 1375 2677 iudicant.“
1391 2625 1453 2676 Fre.

412 2706 431 2759 S
439 2707 503 2778 ylv.
551 2708 653 2761 Laudat
670 2707 772 2762 Gernb.
793 2721 899 2780 praeter
915 2700 1035 2762 Plinium
1053 2706 1115 2763 1.ὀ.
1144 2710 1223 2763 etiam
1250 2711 1453 2779 Quinctilianum

412 2794 468 2860 Xll,
487 2792 648 2860 11111110.
667 2795 740 2848 Brut.
758 2799 802 2862 18,
821 2799 865 2849 to.
886 2797 919 2849 de
937 2796 1013 2852 Orat.
1033 2794 1078 2863 lll,
1097 2801 1123 2861 't,
1143 2801 1187 2851 26.
1223 2797 1389 2854 Strabonem
1405 2797 1452 2861 Vll,

412 2893 437 2935 et
456 2882 535 2935 banni
553 2882 597 2934 iib.
615 2882 641 2934 d.
659 2880 788 2951 Sculptur
807 2884 832 2937 d.
852 2884 940 2938 Alten.
987 2886 1043 2938 Ans
1062 2885 1087 2937 d.
1111 2884 1168 2938 ltal.
1196 2903 1232 2938 m.
1258 2886 1343 2943 Anm.
1368 2908 1394 2942 u.
1410 2887 1453 2937 Zu-

411 2972 471 3022 siitz.
491 2968 537 3020 des
555 2968 666 3020 Uebers.
686 2966 748 3036 Lpz.
768 2970 957 3040 1816.·p.41.
994 2972 1053 3024 Mr.

483 3056 568 3106 Mitto
587 3054 657 3105 unde
669 3053 830 3121 sustuleris]
869 3058 954 3110 Mitto
973 3057 1072 3113 babent
1091 3060 1176 3113 Codd.
1200 3060 1261 3113 Bas
1280 3061 1377 3116 Duisb.
1396 3059 1452 3114 Sue-

412 3141 463 3193 rin.
483 3143 540 3192 crz.
561 3143 586 3194 3.
625 3140 713 3192 Verba
738 3141 822 3194 Mitto
841 3173 874 3184 -
895 3145 996 3198 babeas
1020 3148 1174 3202 exciderunt
1190 3147 1218 3200 in
1248 3147 1338 3204 Codd.
1367 3151 1418 3202 Cre.
1433 3149 1451 3197 l·

411 3226 471 3297 (ubi
491 3227 518 3279 in
538 3245 622 3298 marg.
641 3227 673 3280 ab
693 3227 725 3281 al.
746 3247 781 3280 m.
798 3229 930 3302 adscripta
951 3245 1021 3300 sunt,
1040 3236 1085 3288 sed
1104 3237 1185 3288 miror
1198 3256 1249 3307 pro
1261 3239 1355 3295 mitto)
1373 3235 1450 3290 emt.

410 3311 489 3366 Drsd.
507 3318 534 3367 4.
553 3318 578 3368 1.
597 3313 663 3368 Oxx.
684 3314 716 3368 N.
735 3334 764 3377 ψ.
783 3315 853 3371 Gud.
873 3319 904 3372 A.
925 3319 956 3372 Β.
976 3351 1010 3361 -
1055 3325 1161 3395 „Mitto
1183 3321 1267 3392 hebet
1289 3323 1343 3379 Ed.
1361 3322 1450 3384 Coloe,

410 3400 490 3472 idque
510 3402 623 3472 praetuli
643 3402 749 3474 vulgato
769 3406 888 3459 omitt0.“
917 3405 995 3467 Ern.
1038 3411 1126 3462 Miror
1149 3390 1372 3466 babent'·c0‹ld'.¹
1384 3407 1451 3464 urst.

409 3491 435 3542 1.
455 3491 480 3543 s.
517 3490 586 3544 neu.
603 3490 682 3544 nure.
711 3490 761 3546 nr.
781 3476 837 3562 pst.
861 3492 911 3545 nu
931 3513 973 3565 ap.
991 3495 1076 3549 neu..
1097 3496 1159 3551 rar.
1177 3498 1259 3566 1512.
1287 3498 1356 3570 Arg.
1381 3494 1450 3566 nge.

409 3576 772 3633 Ven.1492.1498.1514.
819 3578 872 3632 Sed
899 3578 966 3633 Edd.
992 3582 1060 3636 Vict.
1085 3582 1169 3636 Suttr.
1196 3584 1274 3640 'Petn
1300 3588 1362 3642 Asc.
1386 3583 1450 3639 151¹.

409 3659 478 3712 And.
497 3663 555 3715 Tal.
576 3664 644 3716 Rob.
663 3665 755 3734 Stepb.
771 3666 859 3720 Herw.
881 3670 986 3723 Camer.
1012 3670 1072 3722 Ald.
1091 3675 1169 3725 1548.
1193 3673 1256 3726 Par.
1276 3664 1357 3730 ests.
1385 3669 1448 3725 Boul.

412 3755 471 3814 post
489 3747 553 3800 Ern.
573 3751 659 3802 Wetz.
677 3750 751 3804 Scbz.
777 3751 880 3807 Gernh.
906 3756 957 3812 Or.
979 3758 1049 3811 Tbn.
1076 3757 1183 3830 Reliqui
1208 3762 1314 3815 omitto.
1361 3760 1448 3815 Obser-

410 3850 480 3884 vasse
498 3833 546 3885 sibi
565 3854 592 3886 se
612 3835 692 3887 videri
712 3836 748 3890 ei't
767 3837 868 3892 Gernb.
887 3842 964 3896 initio
989 3845 1163 3916 periodorum
1193 3847 1276 3918 longe
1299 3846 1448 3920 frequentius

409 3939 463 3972 esse
482 3921 574 3984 mitto,
593 3941 674 3992 quam
694 3927 801 3990 omitto,
819 3928 901 4000 idque
920 3951 975 3984 non
994 3951 1056 3986 raro
1081 3944 1212 4004 tanquam
1237 3937 1448 4008 interpretamen-

410 4008 513 4061 lumin
533 4009 604 4060 verbi
633 4010 759 4082 simplicis
777 4013 869 4068 locum
898 4019 1040 4089 irrepsisse.
1087 4020 1116 4071 ln
1136 4016 1276 4076 Addendis
1294 4022 1380 4077 addit:
1403 4017 1446 4086 „Et

409 4093 521 4148 Victorii
550 4095 591 4146 ed.
607 4095 657 4149 Th.
677 4097 763 4152 Bentl.
788 4101 850 4155 item
870 4106 986 4158 scribere
1009 4109 1094 4159 mitto.
1139 4105 1266 4161 Eundem
1292 4111 1409 4163 omittere
1427 4113 1447 4154 el

407 4181 489 4234 refert
506 4192 567 4234 ante
586 4185 725 4254 quomodo,
745 4199 770 4240 et
788 4209 850 4243 eum
870 4193 936 4246 eod.
947 4194 1041 4248 Duisb.
1051 4211 1205 4265 pronomen
1221 4207 1249 4248 te
1264 4210 1325 4269 post
1334 4196 1445 4251 seruum*

408 4265 489 4332 Quod
511 4271 646 4342 praecepit
664 4272 703 4328 vel
722 4276 872 4332 observasse
891 4281 940 4334 sibi
960 4285 1027 4336 visus
1046 4293 1083 4334 est
1102 4280 1205 4336 Gernb.
1221 4284 1255 4338 de
1277 4286 1359 4338 verbo
1376 4285 1445 4343 netto,

406 4351 515 4445 refutari
533 4356 702 4413 inumerabili
721 4366 903 4436 exemplorum
924 4370 1001 4440 eopia
1022 4379 1112 4422 monet
1131 4367 1167 4421 Ο.
1186 4369 1227 4424 Μ.
1240 4371 1343 4426 Miiller
1360 4373 1386 4425 in
1402 4367 1446 4422 Ct-

406 4455 441 4487 ns
460 4456 509 4490 sec.
529 4441 554 4493 in
574 4443 650 4499 Orat.
670 4466 720 4518 pro
737 4450 823 4507 Sestio
843 4474 869 4525 p.
887 4459 930 4509 41.
955 4457 1001 4527 qui
1021 4456 1142 4510 universe
1161 4457 1195 4510 de
1216 4458 1269 4516 bec
1295 4456 1445 4535 praeteritio-
