3450 5342
415 648 486 717 100
723 665 896 711 ranrnoxi
927 664 1122 712 srorconun.

411 834 450 886 sit.
487 827 557 882 Editi
581 827 716 897 nihilque
744 826 832 896 quod
848 825 1017 894 exploratum
1048 823 1146 874 lrabeat
1170 840 1384 891 perincursurum
1414 821 1466 885 sibi,

412 938 449 972 ne
469 936 551 968 unuin
569 915 674 987 quidem
694 914 787 966 diem.“
806 911 944 965 Gruter.
994 912 1085 965 Edidit
1103 911 1199 964 Graev.
1228 911 1314 972 nihil,
1334 911 1412 981 quod
1429 939 1464 957 -‚

413 1023 576 1079 quamquam
603 1003 682 1054 etiam
708 1003 736 1052 in
766 997 834 1051 Cod.
862 997 931 1053 Pitb.
964 999 1063 1070 reperit
1089 1018 1150 1070 quo.
1196 996 1369 1050 Sententiam
1400 999 1463 1049 enirn

410 1093 544 1165 postulare
563 1091 614 1155 ait,
633 1100 662 1141 ut
681 1106 742 1140 cum
763 1085 874 1157 vulgatis
893 1087 965 1157 quod
982 1087 1144 1150 retineatur,
1172 1105 1234 1140 cum
1252 1085 1308 1138 boc
1337 1085 1403 1139 velit
1424 1083 1464 1137 Ci-

411 1200 486 1233 cero:
506 1178 571 1231 nibil
591 1177 663 1248 quod
688 1192 896 1245 permansurum
915 1173 964 1226 sibi
983 1174 1054 1226 diem
1072 1193 1157 1227 unum
1177 1173 1347 1244 exploratum
1368 1173 1462 1227 babeat.

412 1267 593 1330 Facciolatus,
620 1264 666 1334 qui
685 1263 713 1315 in
734 1262 774 1314 ed.
795 1262 880 1332 prima
900 1282 968 1332 quae
988 1262 1088 1334 prodiit
1106 1261 1205 1314 Patavii
1230 1264 1320 1326 1120,
1352 1260 1461 1314 ediderat

412 1374 473 1409 cum
492 1354 560 1406 Edd.
588 1351 721 1422 plerisque
751 1359 826 1414 vett„
854 1350 975 1421 nihilque
994 1350 1065 1421 quod
1083 1379 1126 1415 -‚
1157 1350 1185 1400 in
1211 1349 1251 1401 ed.
1279 1367 1333 1401 seo.
1362 1348 1461 1418 (Venet.

412 1441 504 1507 1141.)
547 1439 693 1491 Gruterum
712 1447 818 1489 secutus
843 1448 897 1503 est,
916 1456 1081 1509 quamquam
1098 1437 1148 1489 sibi
1167 1435 1278 1507 probari
1305 1454 1367 1487 eam
1387 1435 1459 1505 signi-

412 1529 487 1594 ficat,
517 1545 598 1597 quam
626 1523 751 1595 praetulit
768 1523 905 1577 Graevius.
953 1524 1101 1577 Gruterum
1130 1535 1236 1577 secutus
1263 1533 1303 1575 est
1332 1524 1458 1592 Verburg.

412 1614 498 1668 Etiam
516 1615 544 1665 in
563 1632 638 1683 seqq.
658 1611 736 1664 Face.
755 1611 856 1681 recepit
875 1611 942 1663 illud
961 1631 998 1662 ne
1018 1632 1101 1663 unum
1123 1611 1258 1683 quidem
1278 1611 1348 1661 diem
1369 1611 1396 1662 in
1415 1611 1455 1662 Ed.

412 1723 468 1773 pr,
487 1702 515 1753 in
533 1700 614 1754 altera
634 1699 729 1767 abjecit
747 1717 778 1749 ne
797 1727 830 1736 -
852 1700 966 1769 quidem.
1002 1698 1060 1751 Mr.

482 1790 564 1854 nihil,
585 1808 624 1859 qu
634 1787 675 1838 od
691 1787 862 1855 exploratum
874 1786 972 1838 lrabeat
992 1806 1195 1854 permansurum
1209 1786 1260 1839 sibi
1279 1787 1456 1851 clanmorem]

412 1879 453 1932 An
476 1898 496 1928 v.
515 1894 718 1944 permansurum
737 1885 848 1927 annotat
875 1873 937 1926 Ald.
957 1873 1045 1927 Man:
1073 1874 1195 1940 „Incerta
1216 1887 1241 1928 et
1258 1875 1393 1929 instabilia
1409 1877 1458 1927 ior-

414 1979 492 2019 tunae
512 1966 610 2016 bona.“
646 1962 719 2014 Idem
739 1962 811 2014 sein
830 1981 886 2013 uno
904 1961 975 2014 libro
993 1963 1122 2032 reperisse
1141 1963 1177 2014 ait
1194 1963 1245 2014 sibi
1273 1964 1342 2014 diem
1363 1982 1456 2021 unum

413 2066 473 2108 octo
493 2054 589 2105 habere
608 2051 658 2102 sibi
676 2070 758 2102 rurum
778 2050 844 2101 diem
855 2070 864 2109 ,·
884 2060 1023 2120 quattuor:
1041 2050 1091 2101 eibi
1109 2070 1141 2102 ne
1160 2069 1243 2101 unum
1257 2051 1365 2122 quidem
1381 2051 1455 2107 diem

412 2155 478 2196 tres:
498 2161 580 2193 numu
599 2140 666 2189 diem
684 2137 735 2189 sibi
742 2158 749 2200 3
769 2137 837 2189 duo:
856 2137 908 2189 sibi
923 2139 1027 2208 quidem
1041 2139 1115 2193 diem.
1153 2137 1220 2190 lttud
1230 2139 1380 2210 nihilque,
1397 2138 1457 2210 quod

412 2230 509 2283 habent
526 2227 610 2281 Codd.
631 2226 679 2279 Ox.
699 2224 719 2278 l.
739 2224 797 2277 Cri.
818 2229 844 2279 3.
862 2224 941 2277 Drsd.
961 2229 987 2278 1.
1007 2226 1056 2279 Ed.
1074 2245 1130 2297 pre.
1156 2227 1330 2296 Mog.14ti5.
1353 2225 1401 2278 Ed.
1418 2245 1455 2296 ap.

412 2323 496 2372 Meus.
516 2316 588 2369 Crat.
606 2313 726 2384 Magnol.
744 2313 848 2366 Manut.
868 2314 961 2367 bamb.
981 2313 1065 2366 Suslr.
1085 2314 1172 2379 Petri,
1198 2315 1267 2366 Ven.
1289 2316 1455 2369 14921514.

412 2405 507 2458 Colon.
527 2406 605 2457 1516.
627 2400 705 2454 lldlb.
731 2402 763 2471 (s.
782 2401 800 2452 l.
824 2412 849 2453 et
867 2402 904 2468 a.)
933 2402 1018 2472 Lugd.
1045 2403 1110 2472 Arg.
1128 2406 1206 2457 1515.
1231 2404 1294 2457 Par.
1313 2424 1333 2456 s.
1351 2403 1368 2457 l.
1387 2405 1455 2456 15111.

413 2498 491 2547 1512.
511 2495 589 2546 1543.
608 2489 638 2541 Η.
657 2489 741 2542 Wolf.
758 2489 819 2542 Asc.
839 2492 917 2544 1511.
937 2489 998 2542 Ald.
1014 2493 1271 2544 1511.1552.1548.
1292 2489 1454 2543 Canullerw.

412 2581 488 2636 Boul.
509 2579 583 2650 Sylb.
602 2579 714 2631 Lambb.
734 2577 814 2630 Gotb.
835 2580 896 2633 Car.
914 2575 1006 2648 steph.
1049 2578 1078 2630 ln
1100 2578 1166 2632 eod.
1187 2576 1258 2630 Gud.
1280 2590 1319 2631 est
1338 2577 1406 2630 nihil
1420 2583 1454 2625 est

414 2671 501 2741 quod,
520 2669 547 2720 in
567 2669 624 2720 Cra.
643 2670 667 2718 1.
686 2667 756 2717 nilzil
774 2666 881 2717 babet
901 2686 964 2737 quo
987 2667 1156 2735 exploratum
1182 2667 1282 2718 lrabeat
1304 2681 1452 2736 permansu-

412 2778 471 2810 rum
489 2757 540 2808 sibi
561 2774 623 2824 per
644 2774 727 2806 unum
749 2755 830 2818 diem;
860 2757 917 2807 Crz.
937 2760 961 2807 2.
978 2765 1090 2818 certum,
1116 2755 1184 2807 nihil
1207 2754 1393 2823 exploratum,
1414 2751 1453 2823 qni

412 2845 511 2897 lrabeat
538 2860 741 2912 permansurum
768 2842 920 2894 silianum
948 2843 1024 2896 diem.
1059 2842 1155 2895 Dresd.
1173 2845 1199 2895 1.
1218 2844 1244 2894 3.
1276 2842 1345 2892 diem
1373 2857 1451 2892 unum.

412 2933 517 2984 Habent
546 2929 597 2980 ribi
623 2929 727 2998 quidem
755 2947 837 2980 unum
866 2930 932 2979 diem
957 2929 1005 2981 Ed.
1026 2950 1068 3000 ap.
1089 2929 1174 2983 Meus.
1198 2929 1265 2983 Edd.
1292 2931 1362 2983 Ven.
1384 2930 1450 2981 1492.

412 3023 490 3074 1514.
509 3018 569 3069 Par.
589 3019 667 3068 1501.
685 3018 763 3069 1512.
783 3014 860 3067 Hdlb.
872 3026 899 3067 's.
918 3015 936 3068 l.
957 3027 1023 3069 eta.
1043 3019 1107 3087 Arg.
1131 3020 1216 3081 t515;
1241 3015 1293 3068 eibi
1311 3017 1413 3088 quidem
1427 3029 1451 3064 ne

414 3124 497 3156 unum
514 3104 581 3153 diem
600 3101 668 3154 Edd.
688 3104 760 3154 Crat.
775 3114 801 3155 et
813 3102 873 3157 ΑΜ.
887 3105 974 3166 1511;
992 3103 1043 3155 sihi
1061 3106 1128 3156 diem
1141 3125 1223 3157 unum
1235 3105 1287 3158 Ed.
1298 3105 1358 3158 Asc.
1369 3103 1449 3159 1511·3

413 3193 464 3244 sibi
481 3210 528 3242 nec
548 3210 630 3242 unum
650 3190 717 3240 diem
736 3188 803 3242 Edd.
829 3190 921 3243 Lamb.
941 3202 966 3243 et
985 3191 1086 3256 Colon3
1111 3193 1162 3244 sibi
1186 3211 1217 3244 ne
1246 3212 1331 3244 unum
1359 3189 1449 3263 quidem

413 3280 480 3328 diem
498 3277 566 3330 Edd.
585 3277 646 3330 ald.
664 3281 743 3331 1548.
761 3281 839 3331 1552.
859 3280 933 3331 Man.
952 3278 1029 3331 Boul.
1048 3278 1118 3332 suff.
1136 3281 1207 3333 Petr.
1222 3279 1324 3334 Sturm.
1339 3273 1448 3333 aweit.

412 3365 487 3437 Sylb.
507 3367 568 3418 Par.
587 3369 665 3419 1543.
683 3365 769 3418 Herw.
790 3367 865 3418 Cam.
884 3366 991 3437 Reliqui
1009 3368 1071 3421 libri
1090 3368 1229 3429 nobiscum
1249 3369 1366 3432 faciunt,
1390 3381 1448 3418 eam·

414 3474 465 3526 que
484 3453 626 3508 lectionem
646 3453 725 3507 etiam
753 3474 780 3507 se
807 3455 835 3506 in
863 3475 919 3509 uno
949 3455 1015 3509 cod.
1045 3456 1173 3526 reperisse
1200 3456 1237 3508 ait
1263 3455 1325 3508 Fre.
1352 3451 1447 3525 Sylvius·

412 3544 454 3596 Ad
474 3545 551 3596 verba
571 3543 677 3596 confert
694 3541 775 3613 Borg.
795 3544 851 3596 oie.
869 3544 902 3596 de
922 3543 1001 3596 Finn.
1015 3541 1048 3608 ll,
1066 3546 1113 3595 28:
1133 3545 1180 3595 An
1197 3543 1227 3593 id
1244 3561 1282 3593 ex
1286 3543 1448 3611 ploratum

413 3633 538 3701 cuiquam
554 3641 643 3700 potest
662 3649 733 3694 esee,
752 3633 880 3700 quomodo
899 3652 954 3684 sere
972 3632 1129 3683 habiturum
1148 3631 1185 3682 sit
1206 3649 1316 3698 corpus,
1337 3648 1386 3681 non
1403 3625 1447 3675 dito

331 3774 333 3779 ¹
414 3720 452 3767 nd
470 3737 593 3773 annum
613 3718 660 3769 sed
677 3718 716 3766 ad
732 3718 939 3786 vesperum?
958 3718 1019 3771 coll.
1038 3738 1088 3789 pro
1109 3717 1216 3770 Caecin.
1233 3721 1277 3771 25.
1296 3718 1329 3769 de
1347 3715 1405 3768 Seu.
1416 3712 1447 3763 19·

413 3803 473 3873 Ego
492 3803 617 3873 quidem,
649 3805 669 3855 si
689 3804 716 3854 in
735 3802 785 3857 bac
812 3803 890 3858 buius
909 3805 961 3860 loci
981 3808 1126 3861 lectionum
1144 3806 1267 3860 varietate
1296 3805 1447 3859 coniecturae

414 3891 489 3945 locus
508 3904 586 3958 esset,
607 3890 697 3943 malim
717 3891 861 3962 scriptum:
880 3896 934 3945 vel
952 3915 1033 3946 unum
1053 3897 1136 3946 diem:
1164 3893 1250 3966 qualis
1276 3905 1315 3946 est
1332 3891 1403 3944 locus
1423 3883 1447 3934 (lt

413 3980 462 4032 Or.
484 3979 518 4046 ll,
537 3984 587 4032 21ε
621 3983 698 4030 Haec
722 3990 787 4030 sunt
806 3982 894 4033 omnia
913 3983 1012 4054 ingenii
1034 3984 1089 4034 vel
1107 3982 1259 4034 mediocris:
1293 3981 1368 4033 cuius
1384 3967 1446 4027 anulli

413 4067 484 4137 apud
504 4068 663 4122 Ciceronem
680 4079 741 4119 sunt
759 4068 864 4123 similes.
902 4071 960 4124 Mr.

482 4158 553 4207 Eum
571 4167 602 4208 tu
621 4155 749 4207 hominem
762 4157 895 4227 serreto,]
919 4157 961 4210 Ad
980 4178 1039 4211 enm
1057 4158 1118 4211 Ald.
1137 4157 1211 4210 Man.
1232 4155 1370 4226 intelligit:
1396 4144 1448 4218 „qul

413 4243 553 4297 alortuna
573 4243 698 4316 pendet.“
745 4244 799 4296 Pro
818 4265 878 4296 eum
900 4244 950 4298 Ox.
966 4245 997 4298 E.
1017 4246 1095 4299 babet
1113 4246 1218 4297 etenim·
1255 4246 1313 4297 Cra.
1333 4245 1357 4295 1.
1383 4237 1448 4292 babel

412 4333 522 4392 territo;
543 4336 601 4387 Cri.
620 4338 646 4385 2.
664 4351 724 4383 eum
742 4342 774 4383 tu
793 4343 936 4384 terreto
960 4333 1141 4386 hominem.
1188 4332 1269 4387 Drsd.
1289 4334 1315 4384 1.
1341 4329 1368 4381 ui
1386 4338 1448 4398 quen

305 4474 307 4477 ¹
410 4423 639 4474 nocturnis.
691 4418 762 4472 Gud.
783 4420 1010 4474 A.nactuseis.
1057 4421 1099 4473 Ad
1118 4442 1139 4474 v.
1160 4406 1260 4473 terreto
1278 4419 1364 4489 Wytt.
1383 4414 1448 4467 tneo
