3450 5342
345 674 420 746 250
681 695 852 742 rensuum
880 693 1072 744 srotconuu.

343 856 408 907 illud
423 855 608 916 excitantem,
627 853 699 906 addit
719 853 805 906 enim:
826 855 1022 919 „vocabantur
1040 854 1112 907 enim
1130 863 1155 907 et
1174 853 1208 906 ad
1224 872 1339 907 uranum
1359 873 1400 908 ac·

343 943 510 996 cedebant“:
530 960 559 994 er
578 951 668 994 mente
686 939 811 994 Gruteri:
830 951 943 1011 uterque
957 960 1051 1012 parum
1064 951 1199 1012 reputans,
1217 944 1398 995 excitarinon

345 1029 458 1100 potuisse
476 1028 573 1081 mullos
593 1028 624 1078 de
641 1028 763 1097 piscino:
783 1045 846 1079 nam
866 1027 929 1080 inde
947 1029 1016 1081 exire
1034 1048 1089 1081 non
1110 1041 1247 1101 poterant.
1287 1031 1318 1082 M
1329 1051 1349 1082 r.

413 1126 439 1168 et
458 1132 647 1168 muraenarum
665 1115 742 1182 copia
758 1113 920 1185 gloriantem
929 1117 948 1183 :]
968 1119 1001 1166 L.
1019 1117 1142 1168 Licinius
1162 1120 1284 1169 Crassus
1302 1127 1396 1181 orator,

344 1205 385 1255 vir
403 1206 557 1269 Censorius,
577 1220 731 1254 muraenam
750 1202 780 1252 in
796 1201 901 1269 piscina
920 1203 1012 1255 domm
1037 1221 1104 1255 suae
1129 1214 1269 1258 mortuom
1292 1215 1395 1256 atratus

343 1304 474 1363 tunquam
486 1291 578 1358 filium
596 1290 677 1343 luxit.
721 1289 756 1339 Id
772 1289 798 1339 ei
816 1288 919 1360 collega
940 1293 986 1343 Cn.
1004 1291 1141 1342 Domitius
1168 1310 1230 1342 cum
1258 1291 1288 1342 im
1306 1299 1395 1342 renutu

342 1388 474 1449 tunquam
491 1388 571 1444 turpe
589 1375 737 1439 obiecisset,
762 1384 871 1426 tuntum
890 1374 983 1447 abfuit
1002 1386 1034 1428 ut
1053 1377 1177 1445 confiteri
1194 1379 1350 1442 erubuerit,
1367 1386 1393 1428 ut

341 1467 423 1514 etium
439 1464 576 1534 gloriatus
593 1464 631 1515 sit
646 1467 750 1526 Censor,
766 1464 840 1531 pium
851 1482 906 1515 rem
917 1473 943 1514 ot
957 1463 1135 1532 affectuosam
1148 1464 1266 1535 fecisse.
1298 1467 1393 1517 Auctor

342 1561 380 1602 est
397 1549 551 1602 Macrobius
570 1549 615 1602 tib.
634 1550 743 1603 Saturn.
761 1553 786 1604 3.
815 1552 866 1617 [est
887 1551 915 1602 L.
934 1549 965 1604 ll.
991 1569 1014 1604 c.
1033 1553 1076 1602 11.
1105 1571 1131 1622 p.
1151 1555 1214 1606 389.
1243 1553 1287 1606 ed.
1304 1552 1391 1616 zeum]

342 1638 414 1690 Idem
434 1638 540 1703 scribit,
559 1637 674 1693 Licinios
692 1636 802 1690 Crassos
819 1636 968 1709 appellatos
993 1637 1151 1704 Muraenae,
1181 1640 1258 1710 quod
1284 1639 1315 1692 iis
1339 1657 1389 1690 mu·

341 1744 438 1778 raenae
462 1726 570 1778 suerunt
596 1725 746 1778 carissimae
771 1725 820 1792 [ib.
839 1725 897 1778 ead.
918 1726 990 1796 pap]
1026 1723 1109 1792 Quod
1128 1726 1226 1779 eodem
1248 1727 1310 1781 loco
1332 1726 1390 1779 scri-

342 1813 395 1886 psit
412 1812 590 1866 nobilissimos
608 1811 668 1863 illos
694 1803 858 1881 principes,
878 1811 908 1863 ¹¹·
934 1810 1087 1882 Philippum
1107 1823 1133 1866 et
1162 1812 1198 1879 Q.
1226 1812 1388 1867 Hortensium

341 1901 455 1971 piscinas
474 1898 595 1952 habuisse
615 1900 724 1951 refertas
743 1900 859 1970 piscibus
877 1899 1086 1969 pretiosissimis,
1106 1899 1196 1970 itaque
1216 1899 1268 1953 bos
1286 1920 1301 1952 a
1320 1899 1388 1953 Cice-

341 2008 407 2040 rone
428 1988 584 2059 piscinarios
601 1987 756 2058 appellatos.
793 1985 831 2039 M.
851 1984 918 2039 Cato
938 1985 1042 2052 minor,
1062 1997 1089 2039 ut
1107 1986 1178 2038 idem
1198 1987 1307 2053 scribit,
1334 1985 1387 2038 bae-

340 2093 382 2126 res
401 2075 494 2128 Lucilii
514 2074 600 2129 iactus
618 2075 703 2146 pisces
725 2074 759 2126 de
784 2073 841 2125 eius
859 2074 959 2144 piscina
978 2080 1023 2129 tu.
1050 2074 1169 2127 millibus
1196 2075 1324 2128 vendidit.
1361 2072 1387 2125 C.

341 2161 438 2214 Caesar
458 2163 594 2228 Dictator,
615 2181 677 2216 cum
696 2161 872 2233 triumphales
890 2181 987 2215 coenas
1005 2161 1106 2233 populo
1125 2162 1216 2228 daret,
1245 2182 1290 2214 sex
1314 2160 1386 2214 millia

341 2268 561 2302 muraenarum
585 2248 616 2303 C.
636 2250 725 2302 Hirrio
750 2250 783 2303 ad
804 2249 909 2319 pondus
928 2261 1022 2304 mutuo
1039 2250 1151 2320 accepit.
1193 2250 1263 2303 Nam
1288 2267 1386 2320 permu-

340 2347 397 2389 tare
417 2337 502 2406 pretio
521 2337 602 2390 aliave
621 2357 711 2391 merce
730 2337 833 2390 Hirrius
852 2337 948 2403 noluit,
968 2349 998 2391 ut
1015 2339 1051 2392 ait
1061 2337 1164 2390 Plinius
1180 2357 1240 2409 cap.
1250 2343 1292 2394 55.
1309 2338 1350 2391 lib.
1365 2341 1386 2390 9.

341 2424 442 2476 Eodem
461 2424 522 2478 loco
541 2425 647 2492 scribit,
667 2425 837 2478 Hortensium
857 2444 1013 2477 muraenam
1032 2426 1067 2478 ita
1087 2425 1221 2492 dilexisse,
1252 2439 1282 2480 ut
1306 2423 1384 2478 erani-

341 2527 437 2568 matam
464 2515 538 2569 ilesse
564 2516 717 2568 credatur.“
742 2515 816 2568 Frc.
844 2514 934 2585 Sylv.
978 2513 1038 2581 „De
1063 2534 1257 2568 muraenarum
1284 2513 1383 2586 piscium

340 2621 437 2673 genere
456 2603 534 2656 bodie
554 2604 642 2657 miuus
662 2615 740 2669 noto,
766 2604 840 2674 quod
867 2602 978 2655 Graecis
1002 2603 1141 2656 dicebatur
1167 2599 1313 2673 uoripurru,
1339 2600 1381 2652 vid.

340 2712 419 2762 quern
438 2691 616 2758 laudavimus,
639 2690 737 2745 Carnus
754 2691 772 2745 l.
791 2711 814 2745 c.
837 2712 861 2761 p.
880 2695 940 2745 532.
985 2690 1030 2743 His
1046 2702 1135 2744 autem
1156 2690 1271 2760 piscium
1291 2688 1384 2762 generi·

340 2782 389 2834 bus
407 2781 433 2833 in
454 2781 555 2834 vivariis
580 2780 681 2834 alendis
709 2780 911 2834 delectabantur
930 2778 956 2831 in
977 2778 1068 2850 primis
1087 2799 1101 2831 e
1120 2779 1253 2832 Romanis
1278 2778 1384 2831 luxurio·

339 2869 421 2922 siores
439 2879 465 2921 et
482 2869 605 2922 ditiores:
624 2886 677 2937 qua
696 2867 729 2919 de
747 2887 776 2919 re
796 2868 846 2921 vid.
864 2865 921 2921 Cic.
934 2866 966 2918 ad
987 2865 1039 2918 Au.
1048 2865 1081 2932 ll,
1091 2868 1117 2918 1.
1135 2865 1207 2920 ΡΙιιι.
1217 2866 1247 2919 in
1261 2862 1381 2937 Apoptrt.

339 2966 365 3007 et
384 2957 411 3006 in
431 2954 521 3007 libello
539 2954 572 3006 de
590 2954 658 3023 Rep.
677 2954 794 3022 gerenda
816 2974 840 3024 p.
859 2957 939 3008 stt.“
958 2954 1066 3024 Wytt.
1111 2955 1178 3006 Voci
1204 2969 1382 3006 muraenarum

338 3040 367 3091 in
387 3039 454 3092 Cod.
473 3039 532 3091 Crz.
551 3043 574 3091 1.
594 3040 805 3111 superscriptum
825 3054 864 3094 est
882 3042 1083 3114 ungreillorum,
1107 3041 1231 3095 voculam
1261 3054 1288 3094 et
1315 3039 1382 3094 omit-

340 3127 369 3178 tit
388 3126 466 3177 Drsd.
485 3128 528 3191 3.,
546 3136 573 3177 et
593 3146 782 3179 muraenarum
801 3129 899 3184 omittit
917 3130 996 3182 Drsd.
1014 3134 1040 3183 4.
1077 3128 1136 3180 Μι.
1320 3186 1325 3208 ¹

411 3231 495 3264 nonne
513 3214 586 3265 lruuc
604 3214 733 3267 bominem
757 3218 799 3268 ito
823 3210 930 3270 seruum
947 3217 1074 3284 iudicet,]
1103 3215 1240 3270 Scribitur
1267 3219 1381 3269 bominem

338 3301 409 3350 liuor
428 3300 455 3353 in
474 3299 560 3356 Codd.
582 3300 661 3354 Drsd.
682 3307 706 3356 1.
727 3306 753 3357 3.
790 3306 894 3358 Vocem
913 3305 955 3355 itu
976 3304 1073 3357 omittit
1091 3301 1150 3355 Cro.
1161 3306 1187 3357 3.
1228 3306 1258 3357 ln
1278 3303 1379 3357 Gudb.

340 3397 378 3439 est
397 3388 466 3440 dicet
493 3408 544 3460 pro
562 3390 672 3441 iudicet.
717 3390 747 3442 ln
768 3390 827 3444 Cro.
848 3397 873 3444 2.
902 3391 982 3444 Drsd.
1002 3394 1027 3444 3.
1057 3402 1095 3444 est
1120 3402 1152 3442 ut
1179 3411 1213 3444 no
1238 3392 1380 3464 infamia

339 3475 461 3546 quidem
480 3477 552 3530 abest
571 3477 676 3549 quidem
694 3478 722 3530 in
742 3477 869 3540 Drsd.4.;
889 3478 916 3529 in
936 3478 1015 3530 Drsd.
1027 3480 1085 3531 3.1.
1105 3478 1205 3550 legitur
1224 3483 1322 3533 maiore
1337 3477 1381 3528 uli-

339 3583 391 3634 quo
409 3565 526 3634 dignum.
554 3564 649 3618 Duisb.
666 3566 759 3637 aliquo
770 3567 877 3617 maiore.
905 3565 983 3618 Drsd.
996 3567 1021 3616 1.
1040 3564 1120 3618 babet
1135 3578 1256 3635 putetur
1275 3587 1323 3640 pro
1337 3583 1380 3635 pu·

339 3663 386 3703 tet.
405 3650 471 3702 Oen.
489 3652 520 3704 E.
538 3669 568 3712 ψ.
586 3652 684 3706 babent
709 3672 769 3704 nec
793 3653 911 3723 infamia
931 3653 1051 3724 quidem,
1077 3652 1128 3706 Ox.
1148 3652 1169 3706 l.
1198 3674 1253 3707 non
1277 3652 1381 3726 infamia

339 3738 442 3808 quidem
451 3757 460 3796 ‚·
478 3756 527 3806 pro
547 3739 653 3807 quidem
671 3737 782 3791 GudB.
801 3738 880 3793 babet
899 3741 965 3811 quid
974 3750 1015 3792 est
1021 3761 1031 3801 ,·
1051 3739 1162 3792 Gunts.
1183 3745 1284 3795 maiore
1300 3742 1379 3810 ulique

338 3825 443 3892 negotio
457 3823 584 3893 dignm,-
604 3823 646 3875 Ad
663 3845 685 3876 ι.
698 3827 813 3892 sensilia
831 3828 918 3898 Wytt.
939 3827 974 3893 „i.
995 3846 1034 3892 e.‚
1053 3827 1151 3899 iuquit,
1171 3829 1331 3883 famulitium
1347 3824 1378 3876 rel

338 3922 391 3963 tota
411 3909 573 3962 famulorum
600 3909 723 3964 cohors.“
767 3913 808 3965 Ad
825 3934 848 3966 v.
875 3916 973 3967 maiore
997 3915 1088 3986 aliquo
1111 3919 1222 3988 negotio
1240 3918 1300 3971 Fre.
1318 3914 1378 3986 sylv.

337 3999 421 4052 addit:
450 4018 549 4068 „quam
569 4010 596 4052 ut
615 4000 700 4070 pisces
720 4006 890 4071 pertractet.“
925 4003 984 4055 Mr.

408 4089 455 4138 Au
473 4105 562 4138 eorum
580 4088 697 4140 seruitus
711 4088 793 4141 dubio
811 4092 872 4157 est,]
893 4091 995 4143 Vocem
1015 4100 1055 4140 est
1074 4091 1175 4145 omittit
1195 4090 1268 4145 Gud.
1280 4093 1310 4144 Α.
1333 4090 1376 4141 Pro

337 4175 383 4246 qui
402 4184 509 4244 estque
528 4185 651 4245 etsupra
671 4176 716 4228 liu.
735 4197 760 4228 σε
786 4178 814 4230 in
833 4179 899 4230 Cod.
918 4177 976 4230 Cre.
996 4180 1021 4231 3.
1058 4178 1099 4229 Ad
1120 4198 1143 4231 r.
1169 4180 1320 4249 cupiditate
1340 4192 1378 4245 pt·

336 4262 400 4311 culir'
419 4263 484 4315 Frc.-
499 4261 569 4332 Sylv.
588 4261 665 4316 baec:
685 4265 843 4328 „Peculium
862 4265 1034 4317 aTuberone
1052 4264 1191 4332 definitur,
1212 4278 1241 4319 ut
1260 4267 1300 4332 sit,
1318 4258 1377 4334 quod

336 4364 423 4398 servus
441 4348 542 4400 domini
563 4350 692 4419 permissu
711 4363 860 4421 separatum
882 4372 895 4405 a
916 4351 1063 4405 rationibus
1080 4351 1227 4408 dominicis
1239 4354 1323 4419 babet,
1340 4349 1377 4401 de·

338 4431 417 4484 ducto
438 4434 500 4486 inde
518 4435 538 4487 si
557 4436 620 4505 quid
639 4436 750 4492 domino
769 4440 889 4494 debetur.
936 4440 1044 4493 Dictum
1071 4449 1109 4492 est
1136 4452 1229 4496 autem
1250 4439 1378 4514 peculium
