3450 5342
337 667 411 741 218
665 687 837 738 ramnum
865 685 1059 735 erorronuu.

282 842 288 852 ⁸
335 849 388 903 bile
407 847 471 920 quid
493 857 646 900 narrantem
667 846 731 900 facit
748 846 848 900 Aldum
867 844 1012 910 Graevius,
1033 843 1220 914 ,duodeviginti
1240 844 1299 897 eius
1318 845 1388 899 codi-

336 957 379 990 ces
396 935 494 989 babere
514 939 632 1006 Curego
650 934 825 988 stimulent
844 953 893 989 rne.
929 932 983 986 Sed
1002 931 1071 985 saiva
1090 951 1132 986 res
1151 941 1198 985 est.
1248 930 1320 985 Suos
1344 932 1387 986 ba-

335 1023 398 1076 bere
417 1021 480 1087 vult,
500 1020 573 1093 quod
592 1040 658 1074 nost
677 1040 774 1074 norem
793 1041 843 1075 cur
859 1040 909 1093 ego
926 1038 967 1073 me
984 1021 1113 1076 simulem.
1161 1018 1204 1072 Ad
1231 1021 1384 1075 sententiam

335 1110 368 1164 cf.
388 1109 444 1162 Cic.
465 1128 515 1180 pro
533 1107 606 1161 Mur.
626 1111 670 1176 29,
689 1112 741 1163 tt:
768 1108 894 1180 quoniam
916 1126 969 1160 non
992 1118 1034 1161 est
1053 1107 1127 1160 nobis
1145 1108 1213 1159 liaeo
1230 1109 1321 1161 oratio
1339 1110 1385 1160 lia-

337 1197 423 1250 benda
453 1207 503 1248 aut
531 1215 591 1248 cum
619 1196 745 1265 imperito
773 1194 963 1261 multitudino,
998 1204 1050 1246 out
1075 1195 1104 1246 r'n
1132 1195 1229 1266 aliquo
1256 1178 1384 1248 conventu

336 1286 503 1356 agrestium
524 1284 552 1336 in
569 1284 622 1337 Pis.
641 1287 684 1350 28,
703 1287 753 1338 68:
773 1285 835 1336 Non
853 1283 929 1354 apud
944 1282 1079 1345 indoctos,
1107 1282 1167 1339 ssd,
1196 1293 1230 1334 ut
1249 1301 1300 1354 ego
1318 1283 1385 1335 arbi·

335 1382 409 1437 tror,
437 1373 466 1424 in
491 1371 625 1424 bominum
648 1369 890 1424 eruditissimorum
918 1379 945 1422 et
971 1369 1224 1422 humanissimorum
1249 1378 1326 1421 coetu
1350 1370 1384 1421 lo-

337 1478 411 1530 quor.
448 1459 509 1511 Mr.

408 1546 557 1619 quibus-
575 1565 627 1598 non
645 1547 740 1613 sunt]
777 1544 824 1600 Est
841 1546 898 1598 sint
916 1545 944 1598 in
962 1545 1031 1599 Edd.
1050 1545 1120 1599 vict
1138 1543 1209 1620 Bab.
1228 1543 1321 1616 Stepb.
1337 1541 1383 1596 Ca-

337 1654 404 1689 mer.
441 1633 519 1701 Quae
538 1634 767 1701 accommodatio,
794 1634 1007 1705 repugnantibus
1033 1633 1107 1686 libris
1130 1631 1238 1702 scriptis
1257 1633 1383 1694 omnibus,

337 1723 369 1777 ad
388 1722 591 1776 antecedentem
611 1722 811 1776 coniunctivum
831 1723 942 1794 loquar,
961 1720 1043 1775 nimia
1062 1729 1108 1773 est.
1145 1718 1205 1773 ΜΓ.

407 1812 432 1863 si
450 1811 517 1882 quid
532 1811 561 1862 in
588 1810 631 1862 liis
648 1811 749 1863 studiis
773 1827 869 1879 operae
890 1809 1039 1879 posuerim,
1061 1804 1244 1877 perdidissei’]
1287 1806 1341 1857 Pro
1362 1804 1382 1855 si

337 1899 404 1969 quid
421 1885 499 1952 babet
517 1899 590 1969 quod
607 1896 675 1950 Cod.
691 1897 801 1963 Duisb.,
820 1898 997 1969 siquidem
1016 1893 1083 1950 Cod.
1102 1894 1182 1948 Drsd.
1202 1899 1232 1949 4.
1275 1894 1329 1945 Pro
1346 1894 1382 1946 ln‘s

337 1995 375 2037 est
393 1986 446 2036 lriis
464 1985 493 2037 in
512 1985 571 2038 Cra.
591 1988 635 2051 1.,
652 1986 713 2037 istis
731 1985 759 2037 in
779 1986 838 2037 Cra.
849 1989 891 2050 23
907 1985 965 2054 opis
983 2003 1033 2056 pro
1052 1985 1151 2054 operis,
1171 1983 1295 2055 neglecta
1313 2000 1381 2036 com·

338 2072 427 2144 pendii
447 2071 546 2143 ligura,
565 2072 632 2127 Cod.
650 2072 731 2126 Drsd.
750 2076 775 2127 5.
817 2069 891 2125 Idem
918 2073 1100 2142 perdidissem.
1127 2071 1188 2123 Mr.
1233 2071 1381 2141 „Frequens

337 2172 375 2214 est
393 2159 474 2213 dictio
493 2179 599 2228 operam
616 2162 645 2212 in
662 2160 759 2232 aliquo
782 2180 810 2214 re
825 2161 936 2231 perdere
953 2161 971 2214 i.
991 2179 1014 2214 e.
1032 2160 1129 2214 frustra
1148 2159 1176 2212 in
1197 2178 1228 2212 ea
1249 2157 1381 2220 laborasse,

338 2247 423 2301 multo
442 2247 534 2300 labore
552 2247 617 2301 nibil
636 2248 763 2303 effecisse.
799 2248 882 2316 Quod
901 2267 963 2302 vero
982 2247 1085 2320 pergit:
1108 2247 1212 2298 dictum
1237 2255 1279 2298 est
1294 2245 1380 2316 igitur,

338 2335 366 2386 in
386 2352 418 2387 eo
445 2334 598 2389 continetur
623 2335 780 2389 instauratio
805 2334 1011 2390 constructionis
1037 2354 1086 2406 per
1110 2333 1282 2405 parenthesin
1307 2333 1380 2386 inter·

338 2431 446 2491 ruptae,
468 2421 567 2494 quain
586 2422 778 2478 instauratione
802 2422 962 2495 pierumque
987 2432 1101 2476 utuntur
1122 2420 1256 2492 particula
1275 2421 1379 2492 igilur.“

339 2510 378 2561 W
384 2521 446 2581 ytt.
489 2509 590 2564 Similis
613 2512 790 2580 constructio,
816 2522 877 2584 post
901 2509 1067 2565 intervallum
1095 2508 1181 2563 multo
1207 2508 1327 2581 longius,
1349 2514 1380 2558 est

339 2597 435 2653 Tusce.
456 2598 475 2665 Ι,
494 2601 539 2666 28,
557 2603 607 2654 68:
639 2604 688 2667 Ut,
714 2619 815 2672 quum
834 2599 992 2652 videmus
1014 2598 1125 2668 speciem
1148 2595 1268 2674 primum
1292 2593 1379 2646 cando·

341 2705 448 2758 remque
467 2688 549 2755 caeli,
570 2687 630 2740 dein
648 2717 682 2728 -
702 2717 737 2727 -
755 2687 890 2760 usquead
909 2685 935 2758 §-
952 2691 995 2741 tt).
1014 2683 1196 2756 undetriginta
1215 2683 1293 2736 lineis
1309 2684 1379 2736 iuter·

342 2773 447 2844 positis,
473 2774 519 2828 ubi
544 2775 646 2848 pergit:
677 2776 743 2827 liaeo
773 2775 890 2845 igitur
916 2784 945 2825 et
970 2774 1027 2825 alia
1053 2772 1264 2826 innumerabilia
1293 2789 1378 2844 quun

340 2861 529 2927 cernimus,
558 2880 736 2931 possumusne
763 2860 902 2925 dubitare,
934 2862 1000 2932 quin
1023 2870 1073 2914 etc.
1118 2860 1184 2913 Post
1214 2860 1282 2913 viris
1306 2857 1378 2932 pergit

342 2951 399 3002 Cra.
414 2951 439 3002 1.
457 2949 593 3012 nensinem,
612 2949 666 3001 nisi
683 2949 844 3018 sapientem,
862 2968 919 3001 esse
937 2948 1066 3010 liberum
1085 2947 1154 3002 cod.
1173 2948 1256 3004 Drsd.
1271 2953 1296 3003 5.
1314 2946 1378 3000 babet

341 3035 406 3086 viris
425 3053 491 3086 non
509 3034 718 3103 sapientibus,
737 3054 766 3086 ex
786 3053 861 3088 more
880 3033 1067 3103 librariorum,
1096 3039 1189 3102 verba,
1209 3058 1280 3110 quae
1298 3053 1377 3108 parunt

341 3119 534 3197 intelligerent,
553 3120 678 3192 proximis
696 3122 931 3193 accommodandi,
952 3145 1041 3179 reram
1060 3125 1112 3179 loci
1130 3127 1289 3198 sententiam
1308 3121 1379 3193 negli-

342 3205 432 3277 gendi.
468 3206 527 3261 Mr.

399 3295 570 3351 dictumest
588 3299 675 3370 igitur
692 3329 726 3340 -
744 3318 801 3353 esse
818 3302 956 3369 neminem]
975 3303 1107 3370 „Dictum
1124 3313 1180 3366 est,
1199 3301 1296 3373 inquit,
1313 3296 1379 3352 nimi·

341 3405 402 3438 rum
422 3404 478 3438 non
496 3406 511 3439 a
530 3385 626 3442 Stoicis
645 3389 742 3454 modo,
768 3389 813 3441 sed
841 3389 1020 3444 aSocraticis
1047 3389 1188 3456 omnibus,
1215 3401 1246 3443 ut
1266 3398 1304 3443 est
1320 3383 1378 3457 apud

341 3474 480 3528 Platonem
500 3487 526 3529 et
543 3474 781 3548 Xenophonten1.“
799 3477 897 3532 Facc.
937 3477 1104 3544 „collocatio
1123 3477 1247 3532 vocabuli
1271 3475 1379 3528 neminen

340 3562 368 3614 in
388 3563 440 3617 fine
460 3564 537 3635 positi
556 3575 583 3618 ct
607 3565 690 3618 moris
708 3576 747 3618 est
777 3565 883 3618 romani
913 3576 939 3618 et
965 3565 1074 3636 insignis
1099 3564 1263 3618 efficaciae.“
1288 3562 1378 3631 wytt·

341 3651 469 3704 Similiter
487 3651 575 3704 omnia
595 3670 657 3706 cum
676 3653 700 3705 ri
720 3653 830 3723 ponitur
848 3654 876 3707 in
896 3653 964 3717 fine,
983 3652 1015 3706 de
1034 3652 1092 3706 Off.
1103 3652 1124 3719 Ι,
1138 3657 1182 3718 14,
1201 3656 1248 3706 42.
1268 3650 1378 3720 atquem

343 3737 490 3803 [iustitiam]
519 3739 661 3808 referendo
688 3750 755 3792 sunt
779 3742 876 3794 omnia.
916 3741 1020 3794 Laudat
1045 3740 1127 3812 Borg.
1148 3741 1229 3793 inlus
1259 3738 1322 3803 nisi,
1344 3730 1379 3806 qui

341 3825 384 3873 ita
401 3823 439 3874 sit
457 3823 585 3890 affectus,
604 3843 660 3876 esse
678 3825 790 3878 liberum
808 3829 972 3881 neminem
979 3851 989 3890 ,-
1010 3828 1042 3881 de
1060 3829 1124 3882 Seu.
1143 3835 1178 3886 4:
1197 3830 1248 3882 illo
1265 3826 1379 3881 exstincto

339 3910 418 3980 fore,
446 3910 520 3961 unde
538 3911 677 3975 discerem,
699 3904 880 3979 neminem;
900 3918 933 3971 de
950 3919 1017 3990 Rep.
1037 3918 1069 3985 li,
1088 3921 1138 3973 25:
1163 3919 1192 3971 in
1214 3910 1378 3970 conservanda

344 3998 441 4052 civium
459 3997 585 4052 libertate
603 4019 660 4054 esse
676 4003 816 4071 priuatum
835 4007 1008 4060 neminem.
1045 4007 1106 4062 Mr.

413 4086 487 4159 Quid
502 4097 544 4140 est
567 4089 637 4141 enirn
660 4089 803 4162 libertasl]
846 4095 966 4160 „Probat
992 4095 1107 4148 Ursinus
1133 4094 1208 4167 quod
1233 4094 1262 4148 in
1286 4088 1379 4159 antiqu

342 4197 390 4230 suo
411 4176 522 4249 legitur:
541 4176 615 4247 Quid
629 4189 672 4231 est
688 4180 809 4251 igitur
827 4182 956 4249 libertas,
982 4182 1057 4235 nisi
1070 4192 1200 4252 potestas
1217 4178 1334 4239 nundi.
1356 4179 1378 4222 at

343 4265 436 4320 velis.“
456 4265 622 4338 Sylburg.
658 4266 725 4322 Cod.
744 4268 803 4322 Cra.
822 4276 862 4323 2:
883 4270 958 4341 Quid
971 4271 1039 4322 enim
1057 4280 1100 4324 est
1118 4269 1256 4325 libertas?
1284 4261 1379 4322 Dal-⁴·

344 4352 393 4404 Or.
412 4354 432 4407 l.
452 4356 575 4426 quidest
593 4367 708 4409 autern
728 4358 862 4411 libertos?
893 4361 996 4413 Vocem
1015 4358 1084 4411 enim
1102 4359 1206 4416 omittit
1222 4358 1312 4420 Onl-
1330 4348 1379 4416 .s‘'

345 4440 436 4511 quitur
453 4443 479 4495 in
499 4442 549 4498 Ox.
568 4444 599 4497 N.
618 4445 689 4499 Gud.
709 4449 739 4499 Α.
757 4447 864 4503 Suerin.
884 4449 963 4502 Drsd.
983 4451 1008 4501 1.
1028 4451 1053 4502 3.
1071 4454 1097 4503 5.
1118 4449 1192 4517 nisi
1213 4459 1342 4523 potestas,
1362 4445 1380 4487 ‘²
