3450 5342
689 671 885 719 esmnoxou
902 671 937 716 u.
1259 653 1328 724 lll

282 836 395 890 litudine
414 835 531 886 duorum
551 828 622 902 apud
633 826 794 884 Ciceronem
807 829 939 894 locorum,
957 827 1054 899 quibus
1067 831 1241 886 conscientiae
1260 853 1334 887 mor-

282 944 328 977 sus
347 943 408 977 cum
427 920 515 973 Furiis
533 928 679 989 comparat.
721 918 776 971 Pro
799 917 897 972 Roscio
916 916 1048 971 Amerino
1072 915 1134 970 dixit
1151 914 1247 972 Cicero
1265 942 1288 976 a.
1307 944 1333 976 u.

283 1033 308 1067 c.
328 1015 388 1067 614.
407 1010 497 1081 ibique
516 1026 546 1060 ea
564 1005 737 1060 similitudine
755 1025 817 1060 usus
836 1017 875 1061 est
898 1004 960 1059 loco
980 1004 1062 1058 modo
1089 1004 1204 1059 laudato.
1250 1008 1336 1062 Annis

283 1099 366 1150 XXV.
385 1108 442 1168 post
460 1095 509 1165 (U.
527 1115 550 1148 c.
569 1093 645 1161 124.)
689 1090 849 1147 Orationem
869 1092 962 1146 babuit
986 1092 1013 1145 in
1031 1091 1170 1159 Pisonem,
1195 1104 1221 1146 et
1244 1094 1336 1146 iisdem

283 1182 442 1240 iere'rerbis
460 1181 639 1237 conscientiae
658 1199 735 1234 curas
760 1193 786 1235 et
805 1199 906 1253 poenas
929 1180 1055 1234 describit
1072 1200 1095 1232 c.
1116 1186 1159 1245 20,
1179 1185 1227 1248 tt,
1256 1200 1335 1250 quem

284 1275 375 1326 locum
394 1290 488 1342 supra,
515 1289 531 1322 a
549 1269 611 1324 Fre.
639 1267 730 1341 Sylrio
749 1279 919 1338 excerptum,
950 1267 1139 1338 adscripsimus
1162 1267 1194 1320 ad
1215 1269 1292 1320 rerba
1311 1278 1338 1318 te

285 1360 460 1412 conscientiae
484 1357 637 1411 stimulant.
684 1355 799 1409 Videtur
827 1354 940 1422 Cicero,
967 1366 996 1409 ut
1019 1355 1111 1409 babuit
1137 1357 1337 1426 prooemiorum

284 1448 391 1518 copiam
411 1445 450 1498 vel
471 1443 673 1508 collectionem,
702 1442 740 1496 sio
763 1442 888 1496 locorum
908 1444 1093 1496 communium
1119 1443 1239 1497 babuisse
1264 1446 1338 1515 quasi

284 1536 417 1606 quendam
436 1543 612 1604 apparatum,
639 1550 668 1582 er
688 1550 742 1601 quo
761 1551 811 1602 pro
831 1551 859 1584 re
879 1542 957 1597 nata,
988 1532 1079 1603 paucis
1097 1533 1220 1598 mutatis,
1245 1552 1275 1585 ea
1294 1553 1338 1585 su-

284 1634 382 1685 meret,
400 1640 468 1692 quae
486 1618 631 1673 commodo
650 1617 710 1670 loco
731 1619 913 1685 orationibus,
943 1608 1009 1691 quas
1034 1630 1063 1672 ut
1087 1619 1242 1690 legerentur
1259 1620 1337 1674 etiam

282 1710 480 1772 conscriberet,
505 1706 622 1758 inserere
643 1716 738 1774 posset.
757 1705 816 1757 Mr.
863 1706 928 1770 „Est
952 1705 1004 1760 boc
1028 1707 1177 1779 exemplum
1210 1709 1338 1780 populare

282 1796 424 1867 cognitum
444 1813 472 1845 ex
500 1793 597 1845 fabulis
615 1791 741 1857 scenicis,
768 1791 798 1844 in
822 1792 915 1863 primis
943 1794 1063 1864 tragicis,
1096 1793 1174 1848 veluti
1199 1794 1294 1850 Oreste
1314 1809 1339 1851 et

283 1884 450 1939 Alcmaeone
476 1879 628 1951 Euripidis,
661 1880 723 1933 item
752 1878 948 1934 Eumenidihus
971 1881 1104 1953 Aeschyli.
1155 1882 1248 1954 Neque
1278 1903 1337 1936 vero

282 1971 433 2042 putandum
453 1979 491 2022 est
509 1967 669 2021 Ciceronem
688 1973 882 2037 παρονομασίαν
901 1971 1056 2039 quaesivisse
1074 1970 1101 2022 in
1122 1971 1229 2024 vocibus
1239 1974 1338 2024 Furiae

283 2071 310 2113 et
326 2059 457 2123 iniuriae,
475 2057 576 2129 quippe
595 2076 651 2109 non
670 2067 732 2109 suut
750 2056 868 2109 eiusdem
887 2059 978 2110 metri:
998 2059 1097 2111 Furiae
1116 2070 1154 2112 est
1171 2072 1339 2132 anapaestus,

283 2150 399 2200 iniuriae
417 2158 455 2199 est
473 2144 594 2217 epitritus
611 2147 732 2199 tertius.“
750 2146 854 2216 Wytt.

355 2236 443 2302 Quom
468 2233 571 2285 obrem
590 2243 622 2283 ut
642 2231 758 2301 improbo
784 2241 811 2283 et
830 2231 929 2297 stulto]
956 2229 1024 2284 cod.
1051 2231 1122 2288 Gud.
1141 2234 1174 2288 A.
1200 2237 1287 2288 stulto
1311 2246 1336 2287 et

284 2322 408 2390 improbo.
445 2321 552 2374 Suerin.
572 2330 632 2392 post
649 2319 736 2371 stulto
754 2319 835 2372 babet
852 2319 994 2391 inertique,
1014 2338 1075 2372 cum
1088 2319 1154 2374 Cod.
1171 2322 1230 2375 Bes.
1242 2321 1300 2375 Cra.
1313 2327 1338 2375 2.

285 2410 372 2480 pergit
390 2410 486 2460 nemini
505 2408 624 2460 bonum
642 2426 699 2459 esse
724 2418 825 2476 potest.
849 2406 900 2461 Or.
923 2424 952 2468 ψ.
978 2406 1057 2460 babet
1080 2428 1132 2460 non
1158 2429 1208 2480 pro
1234 2411 1339 2462 neniini.

285 2496 364 2550 Drsd.
384 2500 409 2551 3.
428 2496 525 2550 omittit
543 2494 623 2555 bene;
642 2494 722 2547 Drsd.
741 2499 767 2547 4.
785 2494 866 2547 babet
882 2502 972 2562 potest
999 2492 1061 2545 bene
1077 2514 1142 2548 esse.
1189 2496 1231 2549 Ad
1257 2499 1335 2552 verba

285 2586 391 2638 confert
410 2585 490 2655 Borg.
509 2582 565 2636 Cic.
586 2583 613 2634 in
633 2583 712 2634 Verr.
730 2584 790 2635 Act.
807 2582 841 2634 ll.
864 2582 923 2634 Lib.
938 2582 983 2647 lV,
996 2585 1039 2647 41,
1060 2585 1108 2635 98:
1132 2587 1172 2633 Tu
1191 2584 1246 2634 ista
1265 2586 1337 2636 stul-

283 2675 367 2735 titia,
389 2671 525 2742 nequitio,
550 2671 653 2721 inertia
673 2699 706 2707 —-
726 2669 877 2720 clientelam
906 2672 979 2720 tueri
995 2668 1096 2737 potes?
1131 2669 1174 2722 Ad
1202 2689 1225 2726 v.
1244 2671 1340 2722 nemini

284 2761 349 2812 bene
373 2777 430 2810 esse
453 2768 543 2826 potest
567 2756 628 2812 Atd.
649 2756 723 2810 Man.
751 2776 835 2808 unum
862 2776 973 2810 suorum
1001 2756 1087 2809 Codd.
1115 2756 1213 2809 habere
1234 2759 1338 2809 Nemini

278 2848 455 2919 felicitas
474 2863 531 2896 esse
547 2856 619 2913 pot„
637 2844 705 2897 duos
723 2844 821 2898 babere
840 2845 951 2912 honum,
970 2857 999 2899 ut
1017 2844 1076 2898 Cra.
1096 2850 1129 2910 2,
1148 2843 1219 2897 Gud.
1239 2845 1272 2898 A.
1292 2844 1340 2898 ba-

285 2936 329 2987 bet
346 2952 402 2986 esse
421 2932 492 2985 hene.
529 2930 586 2984 Mr.

268 3028 270 3033 '
355 3022 395 3071 sic
413 3020 496 3071 bonus
513 3019 555 3070 vir
570 3029 598 3069 et
611 3019 700 3088 sortis
717 3027 744 3069 et
763 3019 882 3089 sapiens]
903 3021 970 3073 eod.
991 3019 1053 3086 Cra,
1070 3024 1095 3074 1.
1120 3021 1160 3074 sic
1187 3019 1270 3073 bonus
1288 3021 1338 3082 vir,

281 3108 397 3178 sortis
417 3119 444 3157 et
462 3108 581 3176 sopiens;
601 3105 673 3161 Gud.
693 3106 724 3160 B.
749 3107 789 3160 aio
811 3107 895 3161 bonus
920 3109 963 3161 vir
986 3120 1013 3160 et
1039 3111 1183 3177 sapiens
1206 3108 1340 3179 sortis-

286 3213 362 3265 que,
390 3214 452 3248 cum
471 3193 593 3259 suerin,
619 3195 718 3249 babent
742 3205 770 3247 et
795 3197 903 3266 sapiens
925 3209 952 3248 et
977 3197 1079 3267 sortis,
1106 3198 1209 3250 inverso
1235 3197 1338 3262 ordine,

284 3280 334 3334 Ed.
354 3302 410 3353 prc.
429 3282 478 3335 Ed.
498 3302 541 3353 ap.
561 3281 646 3337 Meus.
674 3283 743 3336 Vict.
772 3284 940 3341 Vemssffl.
961 3288 1039 3338 1514.
1065 3285 1127 3338 Par.
1152 3286 1232 3339 1501.
1259 3288 1338 3339 1512.

284 3370 369 3441 Lugd.
389 3372 468 3423 1515.
494 3370 559 3439 Arg.
577 3372 656 3423 1515.
686 3370 764 3423 ttdtb.
782 3392 802 3425 s.
819 3371 837 3426 l.
864 3384 892 3426 et
909 3392 933 3425 a.
980 3371 1101 3441 Pergunt
1124 3369 1210 3423 Codd.
1237 3372 1293 3422 Cra.
1313 3375 1339 3422 2.

285 3459 366 3510 Bern.
391 3456 486 3508 Duisb.
512 3455 602 3508 Guels.
626 3455 694 3508 Edd.
720 3477 779 3528 prc.
805 3459 854 3512 Ed.
881 3479 923 3529 ap.
950 3458 1036 3509 Meus.
1061 3461 1133 3510 Crat.
1159 3458 1228 3508 Vict.
1246 3456 1338 3525 Magn.

283 3547 390 3598 Manut.
409 3544 478 3598 Rob.
497 3541 588 3613 Stepb.
611 3543 691 3597 ttdtb.
709 3565 728 3597 s.
748 3546 765 3598 l.
791 3558 816 3599 et
834 3566 858 3600 a.
884 3547 952 3598 Ven.
975 3546 1150 3598 14921514.
1177 3545 1253 3595 Cam.
1277 3542 1337 3594 Ald.

285 3638 364 3689 1511.
383 3635 462 3686 1552.
481 3628 512 3683 Η.
529 3630 617 3684 Wolf.
635 3632 714 3684 miser
739 3651 795 3685 esse
814 3653 907 3686 nemo
922 3642 1031 3702 potem
1058 3650 1113 3684 non
1139 3631 1221 3695 male,
1252 3629 1340 3682 iudice

285 3721 406 3787 Orellio,
425 3720 469 3773 cui
487 3719 611 3790 equidem
629 3722 750 3774 assentio.
770 3721 836 3774 Cod.
853 3721 925 3774 Gud.
943 3721 975 3773 A.
994 3731 1020 3774 et
1037 3719 1087 3773 Ed.
1107 3720 1167 3773 Asc.
1185 3722 1270 3774 1511:
1290 3718 1340 3769 mi-

285 3829 327 3860 ser
342 3827 434 3860 nemo
452 3826 508 3860 esse
524 3818 624 3877 potest.
661 3808 720 3862 ΜΓ.

356 3897 439 3949 bonus
458 3895 645 3965 —fortis—
663 3898 780 3966 sopiens]
806 3897 872 3965 „llis
897 3898 981 3951 tribus
999 3897 1131 3950 adiectiris
1155 3894 1339 3966 significantur

286 3995 401 4057 quatuor
416 3983 476 4036 illae
504 3983 611 4036 virtutes
630 3984 779 4055 principes,
806 3987 970 4054 prudentio,
996 3987 1122 4051 iustitia,
1151 3985 1337 4052 ternperantitq

280 4071 436 4142 fortitudo:
456 4089 519 4124 nam
537 4072 642 4125 bonitas
659 4083 697 4125 est
716 4092 777 4142 pars
795 4073 917 4138 iustitiae,
936 4073 1039 4144 sapiens
1057 4074 1128 4125 idem
1148 4084 1185 4126 est
1205 4071 1250 4143 qui
1270 4086 1336 4139 pru-

286 4160 363 4226 dens,
387 4159 463 4213 fortis
482 4171 507 4213 et
538 4179 585 4231 per
603 4180 630 4213 se
648 4160 747 4215 dicitur
766 4162 842 4215 sortis
860 4174 887 4215 et
905 4163 968 4215 item
989 4174 1156 4230 temperans,
1186 4156 1248 4227 quia
1268 4165 1337 4205 tem-

285 4266 381 4317 perans
399 4246 474 4301 sortis
492 4258 530 4302 est
547 4267 610 4321 erga
629 4270 657 4302 se
674 4250 777 4320 ipsum,
796 4252 817 4303 si
837 4271 863 4304 se
882 4252 970 4322 ipsum
988 4249 1145 4318 temperat.“
1163 4244 1271 4311 Wyll·

356 4337 412 4387 Nec
429 4355 504 4401 vero,
522 4338 599 4390 cuius
619 4339 706 4390 virtus
726 4342 871 4410 moresque]
891 4338 941 4390 Or.
952 4336 981 4387 E.
1002 4337 1116 4402 Neque
1134 4349 1201 4381 vero.
1221 4327 1333 4382 Drsd.4.

283 4443 329 4475 nec
350 4444 410 4477 vero
430 4426 508 4478 cuius
526 4427 758 4479 mores.Crr.1.
781 4427 896 4490 (inversa
924 4419 1081 4485 seutentia):
1106 4435 1153 4469 nec
1177 4435 1238 4468 vero
1260 4417 1335 4468 eius
