3450 5342
413 662 488 735 368
607 685 770 734 nxcunsus
796 682 855 730 ιιι.
889 678 931 725 tn
959 677 1153 745 rsmnoxos
1181 681 1227 745 vr,
1244 679 1271 730 3.

412 848 487 900 inodo
505 846 543 897 od
556 845 682 918 fructum
699 842 745 894 ills
762 851 803 895 est
821 852 961 913 sumptus,
985 843 1131 895 sedetiam
1149 843 1188 893 ad
1201 843 1293 914 senus
1312 845 1456 916 exiguus“:

410 934 457 989 Est
475 935 547 988 enim
566 935 595 988 in
613 931 698 986 Codd.
716 931 811 985 Duisb.
828 942 853 985 et
872 929 923 985 Ox.
941 929 972 985 E.
997 931 1151 1002 exiguum:
1170 930 1292 999 scilieet,
1323 943 1353 986 ut
1371 933 1403 985 ad
1416 936 1459 1005 se-

410 1044 476 1089 nus,
501 1021 573 1094 quod
593 1021 738 1084 antecedit,
765 1019 992 1073 accommodetur.
1036 1018 1150 1090 Propius
1179 1019 1214 1071 ad
1241 1020 1396 1087 veritatem,
1420 1022 1458 1072 sed

410 1125 502 1169 tamen
520 1112 590 1165 sacta
609 1110 751 1163 verborum
770 1107 992 1180 transpositione,
1018 1105 1085 1160 cod.
1107 1106 1231 1161 Suerin.:
1256 1128 1315 1160 non
1337 1110 1411 1162 niodo
1427 1110 1459 1159 ad

411 1210 568 1272 sumptus
585 1199 632 1250 ille
649 1208 703 1250 est
721 1198 848 1269 fructus.
895 1194 967 1250 Gud.
986 1195 1019 1250 Α.
1046 1195 1085 1246 ad
1101 1195 1231 1266 fructum
1257 1195 1325 1247 ine
1343 1207 1457 1266 sumptus

410 1301 481 1357 est,
503 1298 569 1352 etc.;
586 1286 615 1340 in
635 1284 737 1339 01.U.
759 1285 973 1356 adfractus
998 1286 1063 1355 (pro
1090 1282 1333 1354 anfractum)
1357 1283 1400 1335 ille
1421 1295 1456 1336 est

410 1385 550 1445 sumptus,
569 1391 649 1446 quam
668 1371 841 1444 scriptionem
861 1371 1062 1442 quodammodo
1080 1371 1166 1423 favere
1193 1370 1230 1424 ait
1254 1369 1359 1426 Gernh.
1385 1372 1454 1424 Lam·

411 1463 550 1527 bininnae,
583 1460 710 1514 nimirum
728 1460 777 1526 ito,
807 1470 837 1513 ut
863 1471 952 1514 tamen
983 1457 1188 1533 transpositione
1216 1470 1297 1530 egeat
1325 1461 1453 1513 verborum

410 1559 536 1620 sumptus
564 1559 590 1602 et
612 1548 738 1618 fructus.
784 1547 862 1602 Drsd.
881 1552 907 1602 1.
924 1551 950 1604 3.
980 1548 1079 1602 habent
1104 1547 1144 1597 od
1162 1545 1297 1616 fructum
1322 1558 1375 1600 est
1400 1547 1454 1598 itte

410 1648 550 1708 sumptus,
568 1635 647 1689 Drsd.
665 1639 698 1689 4:
718 1656 770 1688 non
788 1638 863 1689 modo
882 1638 921 1688 nd
931 1638 1114 1708 functum,
1133 1632 1216 1688 Drsd.
1233 1637 1265 1688 5:
1293 1635 1342 1686 sed
1359 1635 1453 1686 stiam

409 1729 529 1799 fenus,
547 1725 647 1779 omisso
666 1725 711 1775 ad.
748 1725 855 1797 Reliqui
875 1745 937 1780 cum
954 1724 1023 1778 Edd.
1041 1734 1100 1777 rett-
1120 1721 1258 1794 plerisque
1278 1735 1340 1777 ante
1358 1723 1453 1778 Lambi-

302 1811 304 1814 ’
411 1835 492 1884 num,
511 1834 576 1887 quas
594 1811 822 1878 enumeravimus,
839 1813 948 1867 faciunt.
985 1811 1045 1864 Mr.
