3450 5342
452 1393 622 1466 rnnax
646 1381 975 1464 APPARATUS
1002 1379 1207 1456 cmrrcr

810 1549 852 1595 n

627 1605 1029 1744 cananeus.

729 1833 934 1846 .....-.---—·

550 2016 573 2072 l.
617 2010 785 2073 CODIOES
807 2009 918 2070 MANU
941 2011 1113 2073 SCRlPTl.

378 2155 403 2204 1.
442 2153 528 2203 Codex
547 2151 719 2203 Oreuzeri
733 2151 846 2218 primus.
885 2149 1045 2205 Chartaceus
1063 2161 1115 2218 est,
1134 2151 1221 2203 forma
1233 2150 1354 2215 maxima,

305 2240 378 2293 loliis
395 2239 488 2292 de'cem
506 2250 645 2306 constans,
668 2237 768 2304 seculi,
794 2250 824 2292 ut
851 2239 967 2305 ridetur,
994 2239 1080 2310 quinti
1105 2238 1202 2292 decimi
1231 2237 1354 2290 ineuntis.

305 2327 368 2379 Non
387 2337 425 2380 est
441 2327 554 2398 integer:
585 2326 680 2379 desinit
698 2338 758 2397 post
776 2327 894 2379 medium
912 2325 1067 2379 Paradoxon
1087 2337 1186 2379 sextum
1206 2326 1233 2378 in
1251 2324 1354 2378 verbis:

305 2415 339 2465 de
364 2434 403 2466 rna
426 2415 521 2478 silebo,
547 2415 579 2464 de
597 2423 630 2465 ιε
650 2413 763 2484 loquar,
786 2433 860 2485 quae
879 2424 940 2467 sunt
959 2432 981 2466 c.
992 2412 1025 2468 ll.
1044 2433 1071 2483 p.
1084 2417 1143 2466 265.
1163 2411 1247 2464 Multa
1274 2410 1352 2465 habet

303 2500 459 2572 singularia.
492 2501 615 2554 Primum
633 2500 747 2566 scholia,
773 2511 800 2554 et
817 2499 987 2572 marginalia,
1013 2519 1081 2572 quae
1106 2500 1214 2571 dicum,
1242 2509 1267 2552 et
1286 2501 1356 2553 iuter

304 2586 405 2654 lineas,
424 2607 475 2642 nec
492 2608 554 2641 vero
572 2587 718 2641 admodum
737 2587 830 2654 docta,
849 2608 1045 2660 nonnunquam
1064 2599 1153 2641 tamen
1172 2587 1233 2639 ideo
1250 2606 1354 2647 memo-

303 2674 416 2740 rabilia,
433 2674 526 2744 ‘quod,
542 2675 564 2726 si
583 2694 636 2745 qua
655 2675 738 2728 estin
757 2666 886 2728 'contestis
903 2675 982 2729 lectio
1003 2694 1082 2746 prava
1103 2673 1143 2729 vel
1159 2675 1257 2746 inepta,
1275 2694 1354 2745 supra

303 2762 406 2814 lineam
423 2760 527 2832 adpicta
546 2773 584 2814 εει
601 2763 783 2834 interpretatio
797 2762 919 2817 lectionis
936 2763 1045 2835 probae.
1079 2762 1140 2814 Non
1154 2761 1248 2815 desunt
1266 2773 1355 2814 tamen

305 2849 375 2913 loci,
401 2848 497 2919 quibus
515 2850 600 2920 proba
619 2849 699 2902 lectio
726 2850 816 2922 inepte
835 2851 915 2922 plane
935 2850 1092 2921 explicatur,
1123 2850 1196 2921 iique
1221 2860 1282 2903 sunt
1300 2851 1355 2902 sre-

306 2937 474 3009 quentiores:
507 2935 623 3007 plurima
650 2949 739 2991 autem
767 2951 828 2993 suut
852 2939 998 3005 eiusmodi,
1024 2949 1054 2992 ut
1076 2956 1226 3009 synonyma
1252 2949 1353 2991 tantum

304 3025 439 3096 adscripta
458 3024 589 3096 reperias,
615 3024 654 3076 sel
673 3045 765 3092 voces,
785 3044 869 3098 quae,
895 3026 1016 3080 consulto
1044 3026 1156 3078 omissae
1183 3027 1354 3098 ascriptore,

304 3113 385 3167 facile
402 3111 589 3183 intelliguntur
606 3113 715 3166 nemine
733 3125 867 3167 monente.
905 3113 1026 3168 Alterum
1043 3112 1108 3165 illud
1125 3124 1179 3180 est,
1205 3113 1277 3185 quod
1297 3134 1352 3166 non

304 3201 427 3255 Graecae
445 3200 531 3254 solum
550 3200 737 3272 inscriptiones
755 3202 867 3255 omissae
885 3213 948 3255 suot
966 3219 1072 3267 omnes,
1098 3200 1144 3253 sed
1163 3200 1257 3266 etiam,
1284 3220 1352 3270 quac

302 3291 334 3344 in
352 3289 480 3342 orationis
497 3289 564 3341 serie
573 3287 700 3359 leguntur
718 3309 803 3355 voces,
823 3290 922 3344 Latinis
937 3290 1030 3343 litteris
1041 3299 1161 3342 exaratae
1171 3289 1351 3358 reperiuntur,

303 3394 471 3448 quamquam
496 3374 608 3445 pessime
631 3375 743 3428 habitae.
787 3375 834 3429 Sic
857 3397 881 3430 v.
900 3395 923 3430 c.
948 3377 976 3428 iu
994 3376 1164 3429 Praefatione
1190 3395 1240 3446 pro
1260 3373 1354 3428 estred

301 3463 436 3532 scriptum
455 3473 494 3514 est
513 3463 656 3530 oretieoyo,
682 3481 762 3532 supra
791 3462 890 3513 lineam
911 3463 955 3514 vel
979 3465 1130 3528 theorica,
1157 3474 1183 3515 et
1208 3463 1270 3514 huic
1295 3464 1352 3517 voci

301 3547 531 3620 superscriptum:
559 3551 687 3598 Graecum
705 3558 756 3603 est.
802 3547 928 3618 Denique
946 3549 1132 3620 inscriptiones
1150 3549 1258 3601 Latinae
1283 3569 1354 3602 non-

302 3654 446 3706 nunquam
472 3634 551 3705 plane
574 3645 635 3687 sunt
660 3633 821 3706 singulares:
848 3633 928 3688 veluti
953 3635 1048 3688 Parad.
1067 3635 1107 3700 ll,
1131 3636 1177 3689 ubi
1197 3637 1296 3691 editur:
1319 3641 1353 3690 In

302 3744 358 3796 quo
375 3725 464 3775 virtus
482 3723 537 3789 sit,
555 3723 580 3773 ei
598 3722 668 3774 niltil
686 3723 775 3774 deesse
793 3723 832 3773 ad
849 3722 926 3774 beate
944 3724 1099 3791 vivendum,
1128 3724 1171 3778 hic
1189 3724 1255 3778 cod.
1282 3723 1354 3778 exhi-

302 3814 363 3865 bet:
382 3811 493 3862 Dolores
512 3830 564 3862 non
580 3829 635 3863 esse
648 3810 838 3882 formidandos
857 3811 1065 3866 dentonstratur.
1103 3811 1228 3866 Ceterum
1248 3835 1261 3866 e
1280 3815 1353 3868 bono

303 3898 408 3952 videtur
426 3897 572 3968 descriptus
589 3897 674 3951 libro:
703 3917 781 3971 saepe
810 3918 872 3952 curn
897 3899 1006 3971 optimis
1031 3900 1108 3967 iacit,
1139 3900 1279 3973 aliquoties
1297 3900 1353 3953 sere

303 3986 376 4042 solus
394 3984 426 4037 ad
445 3985 579 4038 veritatem
598 3987 708 4040 accedit.
751 3985 891 4059 Inscriptio
918 3998 970 4042 est:
1002 3991 1091 4042 Marci
1119 3989 1195 4054 'l'tdij
1223 3990 1353 4040 Ciceronis

303 4073 461 4128 Paradoxa.

376 4165 404 4215 2.
440 4162 500 4216 cod.
529 4165 699 4216 Creuzeri
727 4166 868 4217 secundus.
920 4164 983 4218 item
1011 4163 1180 4229 chartaceus,
1210 4161 1352 4232 quaternis.

303 4247 392 4303 Habet
417 4246 479 4301 lolia
498 4248 638 4302 undecim:
666 4251 769 4322 integer
787 4263 840 4316 est,
869 4252 919 4306 nisi
938 4251 1011 4323 quod
1039 4251 1178 4321 aliquoties
1196 4268 1297 4320 pauca,
1325 4249 1352 4301 iu

303 4334 432 4389 contextis
451 4335 561 4401 omissa,
591 4337 618 4388 in
646 4341 768 4410 margine
793 4341 825 4393 ab
854 4340 904 4393 alia
932 4358 1013 4392 manu
1043 4338 1147 4408 adpicta
1173 4335 1352 4407 reperiuntur.

300 4423 444 4495 inscriptio
463 4435 515 4479 est:
547 4426 636 4476 Murci
665 4427 750 4495 Tullii
779 4430 910 4481 Ciceronis
937 4427 1002 4478 liber
1023 4427 1053 4476 de
1074 4425 1224 4478 Paradoxis
1243 4424 1352 4494 incipit:
