3450 5342
450 659 688 709 enotucottltut
714 661 757 707 tu
782 660 954 711 CICERONIS,
980 662 1163 711 rtutuoxt.
1243 664 1333 711 XXVll

353 821 409 875 lam
429 821 563 874 videamus
581 820 706 890 deinceps
723 819 757 872 de
775 820 821 886 iis,
840 838 909 890 quae
927 839 1008 891 supra
1028 822 1164 875 tractanda
1190 825 1334 894 posuimus,

280 910 367 984 posita
384 911 425 961 W
430 908 652 981 yttenbachii
672 908 851 979 disputatione
870 909 945 980 quasi
963 909 1148 964 fundamento.
1184 911 1217 964 Et
1235 913 1268 965 de
1287 933 1334 964 no-

280 1002 352 1054 mine
369 999 478 1072 quidem
497 997 712 1062 Paradoxorum,
732 995 808 1050 cuius
825 1006 921 1049 auctor
937 996 1024 1049 fertur
1042 996 1117 1051 Zeno
1136 996 1259 1064 Cittieus,
1280 999 1336 1069 pri-

279 1107 356 1141 mum
374 1077 468 1141 monet
485 1084 507 1138 F
514 1105 608 1139 rane.
626 1083 783 1154 Sylvius,
802 1084 883 1137 luisse
898 1085 976 1137 etiam
995 1084 1138 1138 Hecatonis
1150 1084 1232 1140 Stoici
1252 1086 1334 1139 libros

279 1178 314 1230 de
331 1173 483 1240 paradoxis,
500 1173 610 1245 eiusque
629 1171 718 1244 operis
736 1172 834 1225 librum
853 1172 960 1240 tertium
979 1172 1082 1226 laudari
1097 1161 1336 1244 aDiogeneLae’r-

279 1266 334 1331 tio,
351 1264 381 1316 L.
399 1263 457 1316 vlt.
476 1264 550 1331 [124.
569 1281 594 1332 p.
611 1263 675 1315 443.
694 1260 735 1313 ed.
755 1259 908 1313 Meibomii:
928 1259 1051 1314 laudatur
1069 1260 1178 1313 seroibi
1198 1279 1254 1312 non
1268 1260 1335 1312 iiber

280 1353 388 1418 tertius,
407 1351 451 1405 sed
470 1349 562 1405 tertius
580 1348 721 1416 decimus].
757 1347 800 1400 De
819 1348 929 1401 nomine
945 1358 1037 1402 ¹autern
1055 1349 1114 1419 ipso
1133 1347 1277 1402 H.Woif
1282 1351 1335 1402 ius

280 1454 306 1494 et
324 1440 356 1493 C.
375 1438 647 1510 Morgenstern.,
679 1436 752 1507 quod
777 1437 876 1491 dicitur
905 1438 938 1490 de
962 1437 1057 1502 rebus,
1083 1456 1151 1509 quae
1175 1449 1236 1491 sunt
1263 1438 1335 1508 napa

281 1527 329 1598 τήν
348 1535 401 1581 τῶν
418 1529 520 1580 aalide
537 1523 632 1591 δόξαν,
648 1524 758 1577 laudant
776 1523 888 1578 Suidam
907 1526 962 1596 (ed.
979 1524 1104 1591 Kusteri,
1124 1523 1234 1576 vottlt.
1246 1523 1335 1596 pto),

283 1619 327 1690 qui
348 1616 460 1688 explicat
482 1611 694 1685 dnpacdispror,
720 1610 893 1680 θαυμαστόν,
919 1632 1029 1684 prorsus
1055 1623 1084 1666 ut
1104 1614 1160 1684 ipse
1185 1610 1281 1666 Cicero
1307 1613 1335 1666 in

281 1705 427 1773 Prooemio
444 1703 645 1757 Paradoxorum
663 1702 750 1772 (conl.
770 1700 803 1754 de
821 1701 901 1754 Finn.
921 1701 967 1769 lV,
987 1706 1029 1769 at,
1056 1705 1115 1773 tt.)
1133 1725 1203 1776 quar
1219 1728 1253 1748 -a-
1270 1720 1335 1760 snm

282 1791 518 1844 admirabilia
535 1801 681 1861 contraque
699 1789 845 1858 opinionem
863 1792 994 1856 omnium,
1013 1802 1038 1844 et
1057 1790 1157 1846 Aeadd.
1170 1794 1201 1859 ll,
1212 1800 1256 1861 44,
1267 1799 1334 1850 tto:

282 1881 428 1933 mirabilia.
465 1873 551 1937 Δὸξαν
563 1889 651 1932 sutem
668 1877 857 1948 interpretatur
871 1876 968 1930 Suidas
979 1873 1116 1945 irrisores,
1134 1877 1271 1950 ὑπόληψιν,
1291 1879 1336 1933 rbr

282 1967 354 2041 napri
373 1973 427 2021 seir
439 1969 541 2020 πολλόν
559 1967 676 2034 lnasror,
695 1969 717 2018 sl
727 1968 756 2018 tt
766 1968 818 2018 sair
828 1968 944 2032 πολλῶν,
963 1968 1015 2018 τῶν
1024 1964 1070 2020 otis
1080 1965 1198 2023 εἰδότων.
1217 1969 1279 2022 item
1298 1973 1334 2022 sl-

282 2056 517 2124 saopbretdbrno,
536 2056 609 2109 unde
620 2055 699 2109 etiam
711 2055 822 2126 Epicuri
831 2062 920 2126 supina
928 2052 1011 2114 δόξαι.
1046 2055 1166 2128 Explicat
1174 2069 1262 2111 autem
1272 2054 1336 2110 rini-

282 2151 361 2217 lposr
379 2143 533 2200 Aristoteles
542 2143 635 2216 Magn.
645 2143 769 2210 Murali,
778 2146 821 2198 32.
833 2164 859 2216 p.
867 2147 911 2198 38.
921 2144 962 2197 ed.
973 2144 1098 2216 Sylburg.
1107 2131 1127 2216 ᾖ
1139 2142 1202 2217 ὑπὲρ
1213 2141 1334 2199 ἁπάντων

283 2231 514 2303 inreverentiam
523 2228 588 2302 npic
596 2226 629 2283 ab
638 2225 704 2284 eiras
711 2234 799 2284 ταῦτα
809 2225 876 2284 aisn
885 2237 929 2285 καὶ
938 2230 976 2302 μή
984 2228 1056 2288 εἶναι.
1082 2234 1180 2287 Mirum
1190 2246 1229 2289 est
1238 2247 1336 2302 autem,

283 2321 355 2393 quod
375 2323 403 2374 in
421 2321 622 2374 Paradosorum
648 2338 748 2373 nomeu
768 2321 931 2377 conveniunt
953 2322 1051 2376 iudicia
1076 2323 1159 2394 ipsius
1189 2323 1334 2392 Ciceronis,

283 2431 351 2484 quae
371 2409 460 2484 primo
478 2408 606 2479 adspectu
624 2408 694 2461 inter
712 2427 740 2460 se
758 2408 881 2462 ridentur
905 2409 985 2481 plane
1009 2411 1157 2466 contrariae
1182 2432 1237 2465 uno
1259 2415 1331 2467 eninr

283 2502 344 2556 loco
360 2499 462 2570 prima,
480 2497 531 2562 ait,
550 2496 635 2566 specie
652 2513 686 2546 aa
703 2496 923 2561 mirationem,
952 2517 980 2550 re
1004 2499 1141 2568 explicata
1167 2503 1250 2552 risum
1277 2521 1333 2553 mo-

283 2607 343 2642 cerc
360 2587 407 2658 (de
426 2585 505 2638 Finn.
524 2584 570 2650 lV,
589 2583 653 2653 22),
670 2582 771 2650 altero,
786 2585 877 2654 prima
893 2586 978 2655 specie
994 2587 1080 2639 videri
1103 2589 1219 2640 ridicula
1239 2591 1336 2662 vulgo:

282 2680 306 2729 si
328 2674 457 2744 respicias
474 2673 636 2742 sapientem,
654 2673 760 2744 qualern
778 2672 829 2725 sibi
846 2675 931 2725 Stoici
949 2674 1171 2746 informaverint,
1190 2678 1267 2728 baud
1282 2678 1333 2729 ab·

281 2765 378 2819 surda.
398 2791 433 2802 -
473 2759 602 2812 Ridicula
620 2759 691 2813 enim
708 2761 795 2827 dicas,
821 2759 841 2812 si
861 2759 967 2814 Stoicos
991 2761 1130 2832 respicias,
1157 2775 1187 2817 ut
1205 2763 1334 2830 homines,

283 2853 329 2926 qui
348 2869 420 2905 noro
437 2849 579 2902 verborum
598 2867 648 2902 usu
666 2847 767 2921 aliquid
794 2848 874 2921 plane
893 2850 953 2902 novi
980 2849 1069 2909 dicere
1094 2849 1142 2903 sibi
1169 2851 1336 2906 viderentur:

279 2940 446 3014 probabilia,
470 2937 491 2992 si
517 2936 657 2992 consilium
685 2937 810 3008 respicias
827 2935 1012 3008 significandi,
1036 2937 1100 3008 quid
1125 2957 1267 2991 summum*
1286 2939 1336 2992 sibi

283 3047 437 3103 proponere
454 3026 549 3082 debeat
566 3024 647 3079 homo
666 3027 895 3098 consequendum.
933 3025 1067 3079 Volabant
1084 3026 1156 3079 enim
1175 3026 1259 3082 Stoici
1279 3029 1333 3099 pri·

283 3138 358 3172 mum
377 3128 518 3172 extenuare
541 3114 699 3186 opinionem
724 3114 757 3166 de
777 3114 900 3185 corporis
924 3125 950 3168 et
971 3115 1096 3168 fortunae
1122 3115 1210 3178 bonis,
1239 3115 1334 3169 deinde

282 3204 448 3277 amplificare
466 3201 684 3257 existimationem
704 3202 738 3255 de
756 3202 838 3270 veris,
856 3203 875 3257 i.
893 3222 917 3257 e.
934 3204 1016 3258 animi
1035 3203 1121 3257 bonis.
1159 3203 1242 3276 idque
1261 3205 1332 3258 vole·

281 3294 328 3348 bat
345 3293 425 3346 etiam
444 3289 540 3346 Cicero
558 3289 702 3344 Paradosis
718 3289 779 3343 suis.
817 3289 1035 3346 contemnebant
1051 3291 1150 3358 Stoici,
1168 3292 1200 3346 iis
1218 3293 1336 3364 prolatis,

282 3381 354 3453 vulgi
374 3380 407 3433 de
433 3379 510 3432 bonis
534 3377 704 3449 opinionem:
735 3390 762 3433 et
788 3379 884 3432 eodem
909 3390 1030 3449 tempore
1057 3379 1125 3447 alio,
1155 3380 1337 3446 sed'veriore,

281 3489 363 3525 sensu
382 3467 475 3521 eadem
492 3485 519 3519 se
544 3477 684 3538 paraturos
702 3467 827 3520 omnibus
846 3466 1053 3538 promittebant,
1082 3485 1150 3537 quae
1174 3465 1212 3517 illi
1238 3466 1335 3519 frustra

250 3586 255 3597 ·
282 3558 445 3630 pierumque
463 3564 489 3607 et
504 3553 608 3625 saepius
625 3552 763 3626 peccando
782 3563 948 3624 appeterent.
984 3551 1072 3605 Aliam
1083 3573 1144 3606 vero
1162 3554 1233 3606 racis
1251 3555 1337 3624 nood-

280 3648 345 3704 uota
364 3643 447 3697 babes
471 3640 542 3712 apud
567 3640 782 3710 Quinctilianum
800 3639 863 3694 inst.
884 3638 934 3694 Or.
954 3639 998 3706 lx,
1017 3645 1043 3706 2,
1065 3644 1098 3696 ts
1125 3639 1334 3707 conversionem,

280 3731 478 3802 inopinata*),
505 3730 691 3802 quodipsum
720 3729 864 3802 respondet
889 3730 990 3784 Suidae
1015 3728 1182 3801 explicationi
1205 3725 1334 3800 rinpocrli·

280 3842 357 3892 epra.
394 3817 476 3886 Quod
495 3829 585 3872 autern
603 3818 640 3872 ait
660 3818 786 3891 Xystus
804 3818 1000 3886 Betuleius,
1020 3819 1189 3884 Ciceronem,
1209 3818 1254 3889 qui
1273 3829 1334 3872 tan·

280 3920 338 3962 tum
357 3926 385 3962 se
403 3906 550 3961 exhibuerit
567 3906 667 3977 ubique
685 3907 793 3979 linguae
811 3927 873 3960 suae
892 3918 1049 3961 assertorem
1068 3918 1095 3961 et
1112 3907 1260 3974 vindicem,
1279 3927 1334 3961 non

280 3997 363 4050 videri
382 3995 479 4050 librum
500 3995 636 4050 editurum
653 3995 731 4049 fuisse
749 3994 856 4049 Graeco
873 3995 1030 4065 inscriptum
1050 3994 1140 4049 titulo:
1168 4005 1331 4048 mutaturum

280 4096 369 4139 autem
388 4084 484 4151 tuisse,
506 4084 527 4137 si
552 4084 586 4136 de
611 4082 689 4148 huius
707 4084 797 4155 operis
820 4083 937 4136 editione
956 4085 1095 4154 cogitasset
1114 4102 1247 4155 unquam:
1279 4101 1332 4134 esse

279 4185 368 4228 autem
388 4173 473 4227 Bruto
492 4172 526 4226 ita
546 4171 678 4240 dicatum,
698 4183 728 4225 ut
745 4191 777 4224 ne
795 4173 824 4224 in
841 4182 1005 4242 apertum
1020 4172 1254 4243 proseratur:
1275 4187 1332 4220 eam

314 4332 318 4341 a
349 4366 377 4434 ⁴¹)
395 4368 544 4435 Inopinata
557 4365 675 4425 omnibus
689 4365 752 4420 dicit
766 4367 843 4420 etiam
857 4365 958 4422 Seneca
975 4360 1119 4435 nantuato,
1132 4360 1213 4432 Epist·
1222 4359 1335 4413 LXXX!-

280 4460 303 4509 p.
324 4441 386 4495 tto.
406 4436 456 4490 Ed.
475 4434 594 4488 Gronov.
