<?xml version="1.0" encoding="UTF-8"?>
<!DOCTYPE html PUBLIC "-//W3C//DTD XHTML 1.0 Transitional//EN"
    "http://www.w3.org/TR/xhtml1/DTD/xhtml1-transitional.dtd">
<html xmlns="http://www.w3.org/1999/xhtml" xml:lang="en" lang="en">
 <head>
  <title>
</title>
<meta http-equiv="Content-Type" content="text/html;charset=utf-8" />
  <meta name='ocr-system' content='tesseract 3.04.00' />
  <meta name='ocr-capabilities' content='ocr_page ocr_carea ocr_par ocr_line ocrx_word'/>
</head>
<body>
  <div class='ocr_page' id='page_1' title='image "./paradoxa00wyttgoog_0430.png"; bbox 0 0 3450 5342; ppageno 0'>
   <div class='ocr_carea' id='block_1_1' title="bbox 346 653 980 726">
    <p class='ocr_par' dir='ltr' id='par_1_1' title="bbox 346 653 980 726">
     <span class='ocr_line' id='line_1_1' title="bbox 346 653 980 726; baseline -0.013 -1"><span class='ocrx_word' id='word_1_1' title='bbox 346 653 419 726; x_wconf 84' lang='lat'><em>352</em></span> <span class='ocrx_word' id='word_1_2' title='bbox 756 660 920 722; x_wconf 78' lang='lat' dir='ltr'><em>excussus</em></span> <span class='ocrx_word' id='word_1_3' title='bbox 948 675 980 718; x_wconf 80' lang='lat' dir='ltr'><em>x.</em></span> 
     </span>
    </p>
   </div>
   <div class='ocr_carea' id='block_1_2' title="bbox 280 833 1395 1171">
    <p class='ocr_par' dir='ltr' id='par_1_2' title="bbox 280 833 1395 1171">
     <span class='ocr_line' id='line_1_2' title="bbox 342 833 1394 906; baseline -0.003 -17"><span class='ocrx_word' id='word_1_4' title='bbox 342 847 406 889; x_wconf 88' lang='lat' dir='ltr'><em>sunt</em></span> <span class='ocrx_word' id='word_1_5' title='bbox 427 836 476 886; x_wconf 87' lang='lat' dir='ltr'><em>alii</em></span> <span class='ocrx_word' id='word_1_6' title='bbox 493 836 623 887; x_wconf 73' lang='lat' dir='ltr'><em>lautiores</em></span> <span class='ocrx_word' id='word_1_7' title='bbox 642 835 777 897; x_wconf 81' lang='lat' dir='ltr'><em>-serui,</em></span> <span class='ocrx_word' id='word_1_8' title='bbox 796 834 844 885; x_wconf 89' lang='lat' dir='ltr'><em>sed</em></span> <span class='ocrx_word' id='word_1_9' title='bbox 861 845 951 887; x_wconf 86' lang='lat' dir='ltr'><em>tarnen</em></span> <span class='ocrx_word' id='word_1_10' title='bbox 969 834 1048 898; x_wconf 81' lang='lat' dir='ltr'><em>serui,</em></span> <span class='ocrx_word' id='word_1_11' title='bbox 1066 833 1203 886; x_wconf 73' lang='lat' dir='ltr'><strong><em>atrienses</em></strong></span> <span class='ocrx_word' id='word_1_12' title='bbox 1222 854 1257 887; x_wconf 88' lang='lat' dir='ltr'><em>ar</em></span> <span class='ocrx_word' id='word_1_13' title='bbox 1276 838 1394 906; x_wconf 86' lang='lat' dir='ltr'><em>topiarii:</em></span> 
     </span>
     <span class='ocr_line' id='line_1_3' title="bbox 342 921 1395 995; baseline -0.004 -17"><span class='ocrx_word' id='word_1_14' title='bbox 342 925 479 978; x_wconf 76' lang='lat' dir='ltr'><em>stultitiae</em></span> <span class='ocrx_word' id='word_1_15' title='bbox 496 942 562 975; x_wconf 86' lang='lat' dir='ltr'><em>suae</em></span> <span class='ocrx_word' id='word_1_16' title='bbox 581 942 646 995; x_wconf 89' lang='lat' dir='ltr'><em>quos</em></span> <span class='ocrx_word' id='word_1_17' title='bbox 664 922 755 992; x_wconf 85' lang='lat' dir='ltr'><em>signa,</em></span> <span class='ocrx_word' id='word_1_18' title='bbox 774 940 841 991; x_wconf 90' lang='lat' dir='ltr'><em>quos</em></span> <span class='ocrx_word' id='word_1_19' title='bbox 860 921 972 972; x_wconf 89' lang='lat' dir='ltr'><em>tabulae</em></span> <span class='ocrx_word' id='word_1_20' title='bbox 992 950 1023 962; x_wconf 89' lang='lat'>-</span> <span class='ocrx_word' id='word_1_21' title='bbox 1044 921 1207 990; x_wconf 62' lang='lat' dir='ltr'><em>delectant]</em></span> <span class='ocrx_word' id='word_1_22' title='bbox 1228 951 1264 962; x_wconf 90' lang='grc'><em>--</em></span> <span class='ocrx_word' id='word_1_23' title='bbox 1313 925 1395 986; x_wconf 77' lang='lat' dir='ltr'><em>„Astu</em></span> 
     </span>
     <span class='ocr_line' id='line_1_4' title="bbox 280 1007 1394 1083; baseline 0 -21"><span class='ocrx_word' id='word_1_24' title='bbox 280 1058 283 1068; x_wconf 91' lang='grc'>,</span> <span class='ocrx_word' id='word_1_25' title='bbox 340 1015 402 1083; x_wconf 77' lang='lat' dir='ltr'><em>pari</em></span> <span class='ocrx_word' id='word_1_26' title='bbox 420 1011 511 1076; x_wconf 78' lang='lat' dir='ltr'><em>stult]</em></span> <span class='ocrx_word' id='word_1_27' title='bbox 557 1012 587 1063; x_wconf 91' lang='lat' dir='ltr'><em>ln</em></span> <span class='ocrx_word' id='word_1_28' title='bbox 606 1010 702 1062; x_wconf 90' lang='lat' dir='ltr'><em>Venet.</em></span> <span class='ocrx_word' id='word_1_29' title='bbox 727 1007 884 1061; x_wconf 87' lang='lat' dir='ltr'><em>emendatus</em></span> <span class='ocrx_word' id='word_1_30' title='bbox 901 1008 979 1077; x_wconf 88' lang='lat' dir='ltr'><em>(nibil</em></span> <span class='ocrx_word' id='word_1_31' title='bbox 1009 1009 1080 1061; x_wconf 88' lang='lat' dir='ltr'><em>enim</em></span> <span class='ocrx_word' id='word_1_32' title='bbox 1110 1009 1223 1079; x_wconf 86' lang='lat' dir='ltr'><em>dubito)</em></span> <span class='ocrx_word' id='word_1_33' title='bbox 1250 1010 1329 1065; x_wconf 88' lang='lat' dir='ltr'><em>locus</em></span> <span class='ocrx_word' id='word_1_34' title='bbox 1351 1024 1394 1066; x_wconf 89' lang='lat' dir='ltr'><em>est:</em></span> 
     </span>
     <span class='ocr_line' id='line_1_5' title="bbox 345 1095 1394 1171; baseline -0.002 -19"><span class='ocrx_word' id='word_1_35' title='bbox 345 1101 464 1169; x_wconf 82' lang='lat' dir='ltr'><em>Tapiurii</em></span> <span class='ocrx_word' id='word_1_36' title='bbox 480 1099 618 1151; x_wconf 77' lang='lat' dir='ltr'><em>stultitiae</em></span> <span class='ocrx_word' id='word_1_37' title='bbox 636 1114 709 1148; x_wconf 89' lang='lat' dir='ltr'><em>suae.</em></span> <span class='ocrx_word' id='word_1_38' title='bbox 756 1096 829 1149; x_wconf 86' lang='lat' dir='ltr'><em>Dicit</em></span> <span class='ocrx_word' id='word_1_39' title='bbox 854 1096 926 1149; x_wconf 87' lang='lat' dir='ltr'><em>enim</em></span> <span class='ocrx_word' id='word_1_40' title='bbox 949 1116 1005 1149; x_wconf 91' lang='lat' dir='ltr'><em>uon</em></span> <span class='ocrx_word' id='word_1_41' title='bbox 1022 1095 1131 1150; x_wconf 85' lang='lat' dir='ltr'><em>infimae</em></span> <span class='ocrx_word' id='word_1_42' title='bbox 1150 1099 1234 1152; x_wconf 90' lang='lat' dir='ltr'><em>sortis</em></span> <span class='ocrx_word' id='word_1_43' title='bbox 1258 1099 1337 1166; x_wconf 85' lang='lat' dir='ltr'><em>istas,</em></span> <span class='ocrx_word' id='word_1_44' title='bbox 1355 1100 1394 1171; x_wconf 88' lang='lat' dir='ltr'><em>qui</em></span> 
     </span>
    </p>
   </div>
   <div class='ocr_carea' id='block_1_3' title="bbox 257 1184 1395 1260">
    <p class='ocr_par' dir='ltr' id='par_1_3' title="bbox 257 1184 1395 1260">
     <span class='ocr_line' id='line_1_6' title="bbox 257 1184 1395 1260; baseline -0.003 -18"><span class='ocrx_word' id='word_1_45' title='bbox 257 1197 259 1201; x_wconf 87' lang='lat'>&#39;</span> <span class='ocrx_word' id='word_1_46' title='bbox 342 1191 421 1260; x_wconf 79' lang='lat' dir='ltr'><em>vulgo</em></span> <span class='ocrx_word' id='word_1_47' title='bbox 440 1189 508 1241; x_wconf 87' lang='lat' dir='ltr'><em>beati</em></span> <span class='ocrx_word' id='word_1_48' title='bbox 527 1197 664 1258; x_wconf 90' lang='lat' dir='ltr'><em>putentur,</em></span> <span class='ocrx_word' id='word_1_49' title='bbox 683 1203 737 1237; x_wconf 88' lang='lat' dir='ltr'><em>esse</em></span> <span class='ocrx_word' id='word_1_50' title='bbox 755 1204 851 1251; x_wconf 74' lang='lat' dir='ltr'><em>serras,</em></span> <span class='ocrx_word' id='word_1_51' title='bbox 870 1184 915 1237; x_wconf 87' lang='lat' dir='ltr'><em>sed</em></span> <span class='ocrx_word' id='word_1_52' title='bbox 936 1184 1009 1255; x_wconf 88' lang='lat' dir='ltr'><em>quasi</em></span> <span class='ocrx_word' id='word_1_53' title='bbox 1028 1185 1173 1255; x_wconf 90' lang='lat' dir='ltr'><em>primarios</em></span> <span class='ocrx_word' id='word_1_54' title='bbox 1194 1187 1328 1257; x_wconf 88' lang='lat' dir='ltr'><em>quosdam</em></span> <span class='ocrx_word' id='word_1_55' title='bbox 1348 1207 1395 1239; x_wconf 88' lang='lat' dir='ltr'><em>ser-</em></span> 
     </span>
    </p>
   </div>
   <div class='ocr_carea' id='block_1_4' title="bbox 339 1272 1394 2313">
    <p class='ocr_par' dir='ltr' id='par_1_4' title="bbox 339 1272 1394 1786">
     <span class='ocr_line' id='line_1_7' title="bbox 342 1272 1394 1345; baseline 0 -17"><span class='ocrx_word' id='word_1_56' title='bbox 342 1298 401 1343; x_wconf 84' lang='lat' dir='ltr'><em>vos,</em></span> <span class='ocrx_word' id='word_1_57' title='bbox 422 1295 510 1328; x_wconf 82' lang='lat' dir='ltr'><em>servos</em></span> <span class='ocrx_word' id='word_1_58' title='bbox 528 1286 616 1327; x_wconf 87' lang='lat' dir='ltr'><em>tamen</em></span> <span class='ocrx_word' id='word_1_59' title='bbox 637 1272 760 1326; x_wconf 78' lang='lat' dir='ltr'><em>stultitiae</em></span> <span class='ocrx_word' id='word_1_60' title='bbox 777 1293 856 1340; x_wconf 85' lang='lat' dir='ltr'><em>suae,</em></span> <span class='ocrx_word' id='word_1_61' title='bbox 882 1284 910 1326; x_wconf 93' lang='lat' dir='ltr'><em>ut</em></span> <span class='ocrx_word' id='word_1_62' title='bbox 935 1273 1077 1338; x_wconf 72' lang='lat' dir='ltr'><em>atrienses,</em></span> <span class='ocrx_word' id='word_1_63' title='bbox 1104 1273 1151 1345; x_wconf 89' lang='lat' dir='ltr'><em>qui</em></span> <span class='ocrx_word' id='word_1_64' title='bbox 1171 1275 1284 1345; x_wconf 85' lang='lat' dir='ltr'><em>negotia</em></span> <span class='ocrx_word' id='word_1_65' title='bbox 1307 1286 1394 1328; x_wconf 82' lang='lat' dir='ltr'><em>tracta·</em></span> 
     </span>
     <span class='ocr_line' id='line_1_8' title="bbox 341 1359 1393 1432; baseline -0.007 -13"><span class='ocrx_word' id='word_1_66' title='bbox 341 1369 405 1419; x_wconf 90' lang='lat' dir='ltr'><em>bant</em></span> <span class='ocrx_word' id='word_1_67' title='bbox 425 1365 612 1427; x_wconf 90' lang='lat' dir='ltr'><em>dominorum,</em></span> <span class='ocrx_word' id='word_1_68' title='bbox 632 1361 761 1432; x_wconf 91' lang='lat' dir='ltr'><em>quemad</em></span> <span class='ocrx_word' id='word_1_69' title='bbox 781 1361 892 1415; x_wconf 91' lang='lat' dir='ltr'><em>modum</em></span> <span class='ocrx_word' id='word_1_70' title='bbox 906 1360 970 1414; x_wconf 88' lang='lat' dir='ltr'><em>dicit</em></span> <span class='ocrx_word' id='word_1_71' title='bbox 979 1359 1142 1428; x_wconf 82' lang='lat' dir='ltr'><em>Pseudolus,</em></span> <span class='ocrx_word' id='word_1_72' title='bbox 1162 1363 1270 1414; x_wconf 84' lang='lat' dir='ltr'><em>condas</em></span> <span class='ocrx_word' id='word_1_73' title='bbox 1286 1381 1393 1432; x_wconf 81' lang='lat' dir='ltr'><em>promus,</em></span> 
     </span>
     <span class='ocr_line' id='line_1_9' title="bbox 339 1448 1392 1523; baseline -0.004 -19"><span class='ocrx_word' id='word_1_74' title='bbox 339 1462 499 1523; x_wconf 79' lang='lat' dir='ltr'><em>procurator</em></span> <span class='ocrx_word' id='word_1_75' title='bbox 515 1451 577 1520; x_wconf 83' lang='lat' dir='ltr'><em>peni</em></span> <span class='ocrx_word' id='word_1_76' title='bbox 596 1449 639 1517; x_wconf 93' lang='lat' dir='ltr'><em>[ll,</em></span> <span class='ocrx_word' id='word_1_77' title='bbox 658 1453 684 1513; x_wconf 81' lang='lat'><em>2,</em></span> <span class='ocrx_word' id='word_1_78' title='bbox 705 1450 758 1517; x_wconf 64' lang='lat' dir='ltr'><em>lb]</em></span> <span class='ocrx_word' id='word_1_79' title='bbox 777 1460 803 1502; x_wconf 84' lang='lat' dir='ltr'><em>et</em></span> <span class='ocrx_word' id='word_1_80' title='bbox 821 1468 894 1502; x_wconf 79' lang='lat' dir='ltr'><em>mon:</em></span> <span class='ocrx_word' id='word_1_81' title='bbox 922 1448 970 1519; x_wconf 90' lang='lat' dir='ltr'><em>[ib.</em></span> <span class='ocrx_word' id='word_1_82' title='bbox 990 1450 1053 1517; x_wconf 70' lang='grc' dir='ltr'><strong>31ε]</strong></span> <span class='ocrx_word' id='word_1_83' title='bbox 1084 1450 1140 1518; x_wconf 85' lang='lat' dir='ltr'><em>Qui</em></span> <span class='ocrx_word' id='word_1_84' title='bbox 1157 1468 1204 1502; x_wconf 87' lang='lat' dir='ltr'><em>res</em></span> <span class='ocrx_word' id='word_1_85' title='bbox 1231 1451 1392 1523; x_wconf 84' lang='lat' dir='ltr'><em>rationesque</em></span> 
     </span>
     <span class='ocr_line' id='line_1_10' title="bbox 342 1537 1394 1609; baseline -0.003 -17"><span class='ocrx_word' id='word_1_86' title='bbox 342 1541 449 1592; x_wconf 83' lang='lat' dir='ltr'><em>lteri-</em></span> <span class='ocrx_word' id='word_1_87' title='bbox 468 1558 546 1604; x_wconf 87' lang='lat' dir='ltr'><em>cara,</em></span> <span class='ocrx_word' id='word_1_88' title='bbox 566 1546 709 1607; x_wconf 83' lang='lat' dir='ltr'><em>argentum</em></span> <span class='ocrx_word' id='word_1_89' title='bbox 727 1548 851 1608; x_wconf 82' lang='lat' dir='ltr'><em>accepta,</em></span> <span class='ocrx_word' id='word_1_90' title='bbox 870 1548 897 1588; x_wconf 93' lang='lat' dir='ltr'><em>et</em></span> <span class='ocrx_word' id='word_1_91' title='bbox 910 1537 959 1588; x_wconf 75' lang='lat' dir='ltr'><em>&#39;eui</em></span> <span class='ocrx_word' id='word_1_92' title='bbox 978 1537 1054 1589; x_wconf 84' lang='lat' dir='ltr'><em>tlelret</em></span> <span class='ocrx_word' id='word_1_93' title='bbox 1073 1538 1149 1592; x_wconf 86' lang='lat' dir='ltr'><em>data.</em></span> <span class='ocrx_word' id='word_1_94' title='bbox 1187 1538 1335 1609; x_wconf 85' lang='lat' dir='ltr'><em>Topiarios</em></span> <span class='ocrx_word' id='word_1_95' title='bbox 1351 1557 1394 1590; x_wconf 89' lang='lat' dir='ltr'><em>au·</em></span> 
     </span>
     <span class='ocr_line' id='line_1_11' title="bbox 341 1624 1392 1698; baseline -0.003 -18"><span class='ocrx_word' id='word_1_96' title='bbox 341 1639 395 1681; x_wconf 88' lang='lat' dir='ltr'><em>tem</em></span> <span class='ocrx_word' id='word_1_97' title='bbox 415 1625 461 1698; x_wconf 92' lang='lat' dir='ltr'><em>qui</em></span> <span class='ocrx_word' id='word_1_98' title='bbox 481 1624 551 1696; x_wconf 88' lang='lat' dir='ltr'><em>topia</em></span> <span class='ocrx_word' id='word_1_99' title='bbox 571 1636 713 1689; x_wconf 84' lang='lat' dir='ltr'><em>curarent,</em></span> <span class='ocrx_word' id='word_1_100' title='bbox 738 1624 845 1678; x_wconf 83' lang='lat' dir='ltr'><em>delicias</em></span> <span class='ocrx_word' id='word_1_101' title='bbox 874 1624 1001 1696; x_wconf 85' lang='lat' dir='ltr'><em>quasdam</em></span> <span class='ocrx_word' id='word_1_102' title='bbox 1028 1636 1054 1678; x_wconf 91' lang='lat' dir='ltr'><em>et</em></span> <span class='ocrx_word' id='word_1_103' title='bbox 1072 1626 1253 1681; x_wconf 80' lang='lat' dir='ltr'><em>amoenitates</em></span> <span class='ocrx_word' id='word_1_104' title='bbox 1273 1627 1392 1688; x_wconf 85' lang='lat' dir='ltr'><em>locorum,</em></span> 
     </span>
     <span class='ocr_line' id='line_1_12' title="bbox 341 1711 1021 1786; baseline 0 -20"><span class='ocrx_word' id='word_1_105' title='bbox 341 1714 374 1767; x_wconf 89' lang='lat' dir='ltr'><em>de</em></span> <span class='ocrx_word' id='word_1_106' title='bbox 393 1713 490 1785; x_wconf 88' lang='lat' dir='ltr'><em>quibus</em></span> <span class='ocrx_word' id='word_1_107' title='bbox 509 1712 586 1786; x_wconf 88' lang='lat' dir='ltr'><em>plura</em></span> <span class='ocrx_word' id='word_1_108' title='bbox 606 1712 769 1765; x_wconf 87' lang='lat' dir='ltr'><em>Victorius.“</em></span> <span class='ocrx_word' id='word_1_109' title='bbox 789 1711 1021 1766; x_wconf 81' lang='lat' dir='ltr'><em>Camerarius.</em></span> 
     </span>
    </p>

    <p class='ocr_par' dir='ltr' id='par_1_5' title="bbox 340 1799 1391 2313">
     <span class='ocr_line' id='line_1_13' title="bbox 412 1799 1391 1873; baseline -0.003 -19"><span class='ocrx_word' id='word_1_110' title='bbox 412 1803 443 1856; x_wconf 92' lang='lat' dir='ltr'><em>C.</em></span> <span class='ocrx_word' id='word_1_111' title='bbox 462 1801 627 1873; x_wconf 84' lang='lat' dir='ltr'><em>bangius:</em></span> <span class='ocrx_word' id='word_1_112' title='bbox 648 1799 759 1867; x_wconf 79' lang='lat' dir='ltr'><em>„Potavi</em></span> <span class='ocrx_word' id='word_1_113' title='bbox 778 1799 923 1871; x_wconf 87' lang='lat' dir='ltr'><em>aliquando</em></span> <span class='ocrx_word' id='word_1_114' title='bbox 943 1800 977 1853; x_wconf 92' lang='lat' dir='ltr'><em>ita</em></span> <span class='ocrx_word' id='word_1_115' title='bbox 996 1799 1075 1854; x_wconf 85' lang='lat' dir='ltr'><em>scribi</em></span> <span class='ocrx_word' id='word_1_116' title='bbox 1094 1819 1189 1871; x_wconf 84' lang='lat' dir='ltr'><em>posse:</em></span> <span class='ocrx_word' id='word_1_117' title='bbox 1219 1802 1350 1853; x_wconf 80' lang='lat' dir='ltr'><em>atrienses</em></span> <span class='ocrx_word' id='word_1_118' title='bbox 1365 1820 1391 1850; x_wconf 88' lang='lat' dir='ltr'><em>ac</em></span> 
     </span>
     <span class='ocr_line' id='line_1_14' title="bbox 340 1887 1390 1961; baseline -0.004 -17"><span class='ocrx_word' id='word_1_119' title='bbox 340 1893 451 1961; x_wconf 82' lang='lat' dir='ltr'><em>topiarii</em></span> <span class='ocrx_word' id='word_1_120' title='bbox 470 1890 608 1942; x_wconf 88' lang='lat' dir='ltr'><em>stultitiae</em></span> <span class='ocrx_word' id='word_1_121' title='bbox 626 1907 704 1944; x_wconf 84' lang='lat' dir='ltr'><em>suae,</em></span> <span class='ocrx_word' id='word_1_122' title='bbox 723 1908 790 1960; x_wconf 91' lang='lat' dir='ltr'><em>quas</em></span> <span class='ocrx_word' id='word_1_123' title='bbox 807 1889 888 1959; x_wconf 83' lang='lat' dir='ltr'><em>signa</em></span> <span class='ocrx_word' id='word_1_124' title='bbox 906 1916 950 1943; x_wconf 86' lang='lat'><em>-.</em></span> <span class='ocrx_word' id='word_1_125' title='bbox 998 1887 1066 1940; x_wconf 90' lang='lat' dir='ltr'><em>Nam</em></span> <span class='ocrx_word' id='word_1_126' title='bbox 1085 1907 1149 1941; x_wconf 88' lang='lat' dir='ltr'><em>cum</em></span> <span class='ocrx_word' id='word_1_127' title='bbox 1170 1887 1202 1941; x_wconf 90' lang='lat' dir='ltr'><em>in</em></span> <span class='ocrx_word' id='word_1_128' title='bbox 1223 1889 1299 1942; x_wconf 88' lang='lat' dir='ltr'><em>atriis</em></span> <span class='ocrx_word' id='word_1_129' title='bbox 1317 1906 1390 1958; x_wconf 89' lang='lat' dir='ltr'><em>pone·</em></span> 
     </span>
     <span class='ocr_line' id='line_1_15' title="bbox 341 1975 1390 2050; baseline -0.004 -18"><span class='ocrx_word' id='word_1_130' title='bbox 341 1991 435 2033; x_wconf 88' lang='lat' dir='ltr'><em>rentur</em></span> <span class='ocrx_word' id='word_1_131' title='bbox 453 1979 532 2050; x_wconf 85' lang='lat' dir='ltr'><em>longa</em></span> <span class='ocrx_word' id='word_1_132' title='bbox 551 1977 620 2033; x_wconf 84' lang='lat' dir='ltr'><em>serie¹</em></span> <span class='ocrx_word' id='word_1_133' title='bbox 636 1977 766 2047; x_wconf 83' lang='lat' dir='ltr'><em>imagines</em></span> <span class='ocrx_word' id='word_1_134' title='bbox 784 1976 948 2048; x_wconf 77' lang='lat' dir='ltr'><em>gentiliciae,</em></span> <span class='ocrx_word' id='word_1_135' title='bbox 967 1987 1082 2043; x_wconf 81' lang='lat' dir='ltr'><em>statuae,</em></span> <span class='ocrx_word' id='word_1_136' title='bbox 1101 1975 1230 2046; x_wconf 83' lang='lat' dir='ltr'><em>picturae</em></span> <span class='ocrx_word' id='word_1_137' title='bbox 1256 1987 1284 2031; x_wconf 87' lang='lat' dir='ltr'><em>et</em></span> <span class='ocrx_word' id='word_1_138' title='bbox 1308 1976 1354 2030; x_wconf 87' lang='lat' dir='ltr'><em>alia</em></span> <span class='ocrx_word' id='word_1_139' title='bbox 1369 1976 1390 2029; x_wconf 88' lang='lat' dir='ltr'><em>it</em></span> 
     </span>
     <span class='ocr_line' id='line_1_16' title="bbox 344 2063 1391 2139; baseline -0.006 -18"><span class='ocrx_word' id='word_1_140' title='bbox 344 2087 442 2139; x_wconf 76' lang='lat' dir='ltr'><em>genus,</em></span> <span class='ocrx_word' id='word_1_141' title='bbox 468 2077 498 2121; x_wconf 90' lang='lat' dir='ltr'><em>ut</em></span> <span class='ocrx_word' id='word_1_142' title='bbox 520 2065 636 2138; x_wconf 84' lang='lat' dir='ltr'><em>Philipp.</em></span> <span class='ocrx_word' id='word_1_143' title='bbox 654 2063 686 2116; x_wconf 76' lang='lat'><em>11,</em></span> <span class='ocrx_word' id='word_1_144' title='bbox 716 2075 741 2117; x_wconf 88' lang='lat' dir='ltr'><em>et</em></span> <span class='ocrx_word' id='word_1_145' title='bbox 768 2064 839 2134; x_wconf 89' lang='lat' dir='ltr'><em>apud</em></span> <span class='ocrx_word' id='word_1_146' title='bbox 873 2064 1038 2126; x_wconf 76' lang='lat' dir='ltr'><em>luvenalem3</em></span> <span class='ocrx_word' id='word_1_147' title='bbox 1067 2064 1210 2135; x_wconf 85' lang='lat' dir='ltr'><em>spectabat</em></span> <span class='ocrx_word' id='word_1_148' title='bbox 1237 2084 1269 2118; x_wconf 87' lang='lat' dir='ltr'><em>ea</em></span> <span class='ocrx_word' id='word_1_149' title='bbox 1288 2063 1391 2119; x_wconf 76' lang='lat' dir='ltr'><em>eumad</em></span> 
     </span>
     <span class='ocr_line' id='line_1_17' title="bbox 340 2151 1389 2224; baseline 0 -18"><span class='ocrx_word' id='word_1_150' title='bbox 340 2157 483 2208; x_wconf 82' lang='lat' dir='ltr'><em>atriensem</em></span> <span class='ocrx_word' id='word_1_151' title='bbox 501 2172 621 2217; x_wconf 87' lang='lat' dir='ltr'><em>servum,</em></span> <span class='ocrx_word' id='word_1_152' title='bbox 641 2153 716 2206; x_wconf 88' lang='lat' dir='ltr'><em>cuius</em></span> <span class='ocrx_word' id='word_1_153' title='bbox 733 2152 761 2204; x_wconf 91' lang='lat' dir='ltr'><em>in</em></span> <span class='ocrx_word' id='word_1_154' title='bbox 780 2152 882 2206; x_wconf 82' lang='lat' dir='ltr'><em>familia</em></span> <span class='ocrx_word' id='word_1_155' title='bbox 900 2153 1004 2224; x_wconf 88' lang='lat' dir='ltr'><em>primus</em></span> <span class='ocrx_word' id='word_1_156' title='bbox 1022 2151 1097 2207; x_wconf 90' lang='lat' dir='ltr'><em>locus</em></span> <span class='ocrx_word' id='word_1_157' title='bbox 1116 2163 1186 2220; x_wconf 86' lang='lat' dir='ltr'><em>erat,</em></span> <span class='ocrx_word' id='word_1_158' title='bbox 1207 2165 1239 2208; x_wconf 87' lang='lat' dir='ltr'><em>ut</em></span> <span class='ocrx_word' id='word_1_159' title='bbox 1257 2174 1288 2206; x_wconf 80' lang='lat' dir='ltr'><em>ex</em></span> <span class='ocrx_word' id='word_1_160' title='bbox 1306 2154 1389 2207; x_wconf 87' lang='lat' dir='ltr'><em>Plauto</em></span> 
     </span>
     <span class='ocr_line' id='line_1_18' title="bbox 340 2239 1389 2313; baseline -0.004 -18"><span class='ocrx_word' id='word_1_161' title='bbox 340 2251 465 2313; x_wconf 84' lang='lat' dir='ltr'><em>apparet,</em></span> <span class='ocrx_word' id='word_1_162' title='bbox 492 2252 521 2294; x_wconf 88' lang='lat' dir='ltr'><em>ut</em></span> <span class='ocrx_word' id='word_1_163' title='bbox 539 2240 678 2293; x_wconf 87' lang='lat' dir='ltr'><em>hortorum</em></span> <span class='ocrx_word' id='word_1_164' title='bbox 703 2239 892 2312; x_wconf 89' lang='lat' dir='ltr'><em>poliendorurn</em></span> <span class='ocrx_word' id='word_1_165' title='bbox 918 2251 944 2294; x_wconf 88' lang='lat' dir='ltr'><em>et</em></span> <span class='ocrx_word' id='word_1_166' title='bbox 969 2241 1039 2294; x_wconf 83' lang='lat' dir='ltr'><em>varie</em></span> <span class='ocrx_word' id='word_1_167' title='bbox 1063 2242 1288 2295; x_wconf 77' lang='lat' dir='ltr'><em>exornandorum</em></span> <span class='ocrx_word' id='word_1_168' title='bbox 1307 2243 1338 2296; x_wconf 94' lang='lat' dir='ltr'><em>ad</em></span> <span class='ocrx_word' id='word_1_169' title='bbox 1355 2253 1389 2292; x_wconf 87' lang='lat' dir='ltr'><em>ta·</em></span> 
     </span>
    </p>
   </div>
   <div class='ocr_carea' id='block_1_5' title="bbox 261 2328 1388 2403">
    <p class='ocr_par' dir='ltr' id='par_1_6' title="bbox 261 2328 1388 2403">
     <span class='ocr_line' id='line_1_19' title="bbox 261 2328 1388 2403; baseline 0.002 -25"><span class='ocrx_word' id='word_1_170' title='bbox 261 2342 264 2354; x_wconf 84' lang='lat'><strong>·</strong></span> <span class='ocrx_word' id='word_1_171' title='bbox 338 2329 449 2398; x_wconf 82' lang='lat' dir='ltr'><em>piarios.</em></span> <span class='ocrx_word' id='word_1_172' title='bbox 491 2328 620 2381; x_wconf 85' lang='lat' dir='ltr'><em>Fortassis</em></span> <span class='ocrx_word' id='word_1_173' title='bbox 638 2339 726 2382; x_wconf 87' lang='lat' dir='ltr'><em>autem</em></span> <span class='ocrx_word' id='word_1_174' title='bbox 746 2329 784 2382; x_wconf 90' lang='lat' dir='ltr'><em>sic</em></span> <span class='ocrx_word' id='word_1_175' title='bbox 801 2329 913 2383; x_wconf 86' lang='lat' dir='ltr'><em>rectius:</em></span> <span class='ocrx_word' id='word_1_176' title='bbox 939 2332 1033 2402; x_wconf 86' lang='lat' dir='ltr'><em>Atque</em></span> <span class='ocrx_word' id='word_1_177' title='bbox 1058 2331 1138 2381; x_wconf 92' lang='lat' dir='ltr'><em>utin</em></span> <span class='ocrx_word' id='word_1_178' title='bbox 1167 2349 1274 2403; x_wconf 84' lang='lat' dir='ltr'><em>magna</em></span> <span class='ocrx_word' id='word_1_179' title='bbox 1287 2330 1388 2402; x_wconf 84' lang='lat' dir='ltr'><em>familia</em></span> 
     </span>
    </p>
   </div>
   <div class='ocr_carea' id='block_1_6' title="bbox 335 2415 1386 4408">
    <p class='ocr_par' dir='ltr' id='par_1_7' title="bbox 340 2415 1386 2659">
     <span class='ocr_line' id='line_1_20' title="bbox 340 2415 1386 2482; baseline -0.004 -14"><span class='ocrx_word' id='word_1_180' title='bbox 340 2425 404 2468; x_wconf 89' lang='lat' dir='ltr'><em>sunt</em></span> <span class='ocrx_word' id='word_1_181' title='bbox 423 2415 486 2466; x_wconf 88' lang='lat' dir='ltr'><em>aliis</em></span> <span class='ocrx_word' id='word_1_182' title='bbox 504 2416 553 2466; x_wconf 89' lang='lat' dir='ltr'><em>ulii</em></span> <span class='ocrx_word' id='word_1_183' title='bbox 570 2417 714 2473; x_wconf 82' lang='lat' dir='ltr'><em>lautiores,</em></span> <span class='ocrx_word' id='word_1_184' title='bbox 739 2427 771 2467; x_wconf 87' lang='lat' dir='ltr'><em>ut</em></span> <span class='ocrx_word' id='word_1_185' title='bbox 789 2416 840 2468; x_wconf 86' lang='lat' dir='ltr'><em>sibi</em></span> <span class='ocrx_word' id='word_1_186' title='bbox 858 2418 999 2480; x_wconf 76' lang='lat' dir='ltr'><em>vitientur,</em></span> <span class='ocrx_word' id='word_1_187' title='bbox 1017 2418 1102 2482; x_wconf 84' lang='lat' dir='ltr'><em>serui,</em></span> <span class='ocrx_word' id='word_1_188' title='bbox 1127 2418 1177 2469; x_wconf 85' lang='lat' dir='ltr'><em>sed</em></span> <span class='ocrx_word' id='word_1_189' title='bbox 1202 2429 1297 2471; x_wconf 88' lang='lat' dir='ltr'><em>tamen</em></span> <span class='ocrx_word' id='word_1_190' title='bbox 1315 2417 1386 2470; x_wconf 82' lang='lat' dir='ltr'><em>serui:</em></span> 
     </span>
     <span class='ocr_line' id='line_1_21' title="bbox 340 2504 1386 2576; baseline 0.005 -22"><span class='ocrx_word' id='word_1_191' title='bbox 340 2505 472 2556; x_wconf 83' lang='lat' dir='ltr'><em>atrienses</em></span> <span class='ocrx_word' id='word_1_192' title='bbox 490 2522 523 2554; x_wconf 90' lang='lat' dir='ltr'><em>aa</em></span> <span class='ocrx_word' id='word_1_193' title='bbox 541 2515 588 2569; x_wconf 90' lang='lat' dir='ltr'><em>tu,</em></span> <span class='ocrx_word' id='word_1_194' title='bbox 599 2504 669 2574; x_wconf 73' lang='lat' dir='ltr'><em>quiri</em></span> <span class='ocrx_word' id='word_1_195' title='bbox 685 2505 906 2570; x_wconf 78' lang='lat' dir='ltr'><em>stultitiarum,</em></span> <span class='ocrx_word' id='word_1_196' title='bbox 927 2523 994 2575; x_wconf 87' lang='lat' dir='ltr'><em>quas</em></span> <span class='ocrx_word' id='word_1_197' title='bbox 1012 2504 1091 2576; x_wconf 84' lang='lat' dir='ltr'><em>signa</em></span> <span class='ocrx_word' id='word_1_198' title='bbox 1111 2515 1161 2559; x_wconf 85' lang='lat' dir='ltr'><em>etc.</em></span> <span class='ocrx_word' id='word_1_199' title='bbox 1181 2506 1244 2565; x_wconf 74' lang='lat' dir='ltr'><em>sed,</em></span> <span class='ocrx_word' id='word_1_200' title='bbox 1273 2519 1303 2561; x_wconf 88' lang='lat' dir='ltr'><em>ut</em></span> <span class='ocrx_word' id='word_1_201' title='bbox 1320 2505 1386 2560; x_wconf 83' lang='lat' dir='ltr'><em>semel</em></span> 
     </span>
     <span class='ocr_line' id='line_1_22' title="bbox 340 2591 726 2659; baseline -0.003 -14"><span class='ocrx_word' id='word_1_202' title='bbox 340 2593 442 2659; x_wconf 85' lang='lat' dir='ltr'><em>dicam,</em></span> <span class='ocrx_word' id='word_1_203' title='bbox 462 2612 517 2644; x_wconf 86' lang='lat' dir='ltr'><em>non</em></span> <span class='ocrx_word' id='word_1_204' title='bbox 537 2611 579 2644; x_wconf 90' lang='lat' dir='ltr'><em>me</em></span> <span class='ocrx_word' id='word_1_205' title='bbox 599 2591 726 2645; x_wconf 83' lang='lat' dir='ltr'><em>extrico.“</em></span> 
     </span>
    </p>

    <p class='ocr_par' dir='ltr' id='par_1_8' title="bbox 336 2679 1386 4148">
     <span class='ocr_line' id='line_1_23' title="bbox 410 2679 1386 2755; baseline 0.003 -23"><span class='ocrx_word' id='word_1_206' title='bbox 410 2679 429 2732; x_wconf 88' lang='lat' dir='ltr'><em>l.</em></span> <span class='ocrx_word' id='word_1_207' title='bbox 448 2679 653 2733; x_wconf 86' lang='lat' dir='ltr'><em>Morisatus:</em></span> <span class='ocrx_word' id='word_1_208' title='bbox 670 2717 688 2745; x_wconf 90' lang='lat'><strong>„</strong></span> <span class='ocrx_word' id='word_1_209' title='bbox 708 2679 795 2732; x_wconf 88' lang='lat' dir='ltr'><em>Locus</em></span> <span class='ocrx_word' id='word_1_210' title='bbox 814 2679 879 2731; x_wconf 92' lang='lat' dir='ltr'><em>mire</em></span> <span class='ocrx_word' id='word_1_211' title='bbox 898 2679 1055 2750; x_wconf 82' lang='lat' dir='ltr'><em>depravatus</em></span> <span class='ocrx_word' id='word_1_212' title='bbox 1073 2690 1119 2733; x_wconf 89' lang='lat' dir='ltr'><em>est.</em></span> <span class='ocrx_word' id='word_1_213' title='bbox 1157 2681 1191 2734; x_wconf 91' lang='lat' dir='ltr'><em>ln</em></span> <span class='ocrx_word' id='word_1_214' title='bbox 1213 2685 1319 2738; x_wconf 81' lang='lat' dir='ltr'><em>vetustis</em></span> <span class='ocrx_word' id='word_1_215' title='bbox 1336 2683 1386 2755; x_wconf 88' lang='lat' dir='ltr'><em>qui·</em></span> 
     </span>
     <span class='ocr_line' id='line_1_24' title="bbox 339 2766 1386 2839; baseline -0.002 -17"><span class='ocrx_word' id='word_1_216' title='bbox 339 2769 450 2823; x_wconf 87' lang='lat' dir='ltr'><em>busdam</em></span> <span class='ocrx_word' id='word_1_217' title='bbox 470 2767 664 2839; x_wconf 79' lang='lat' dir='ltr'><em>exemplaribus</em></span> <span class='ocrx_word' id='word_1_218' title='bbox 680 2766 719 2819; x_wconf 90' lang='lat' dir='ltr'><em>sic</em></span> <span class='ocrx_word' id='word_1_219' title='bbox 738 2777 830 2819; x_wconf 82' lang='lat' dir='ltr'><em>exstat:</em></span> <span class='ocrx_word' id='word_1_220' title='bbox 860 2767 955 2837; x_wconf 85' lang='lat' dir='ltr'><em>Atque</em></span> <span class='ocrx_word' id='word_1_221' title='bbox 973 2777 1005 2818; x_wconf 89' lang='lat' dir='ltr'><em>ut</em></span> <span class='ocrx_word' id='word_1_222' title='bbox 1024 2768 1052 2819; x_wconf 90' lang='lat' dir='ltr'><em>in</em></span> <span class='ocrx_word' id='word_1_223' title='bbox 1071 2786 1173 2839; x_wconf 79' lang='lat' dir='ltr'><em>magna</em></span> <span class='ocrx_word' id='word_1_224' title='bbox 1191 2771 1308 2838; x_wconf 79' lang='lat' dir='ltr'><em>familia</em></span> <span class='ocrx_word' id='word_1_225' title='bbox 1325 2770 1386 2823; x_wconf 92' lang='lat' dir='ltr'><em>stul·</em></span> 
     </span>
     <span class='ocr_line' id='line_1_25' title="bbox 339 2853 1384 2923; baseline 0 -15"><span class='ocrx_word' id='word_1_226' title='bbox 339 2869 427 2910; x_wconf 90' lang='lat' dir='ltr'><em>torum</em></span> <span class='ocrx_word' id='word_1_227' title='bbox 445 2867 509 2909; x_wconf 89' lang='lat' dir='ltr'><em>sunt</em></span> <span class='ocrx_word' id='word_1_228' title='bbox 528 2857 579 2909; x_wconf 89' lang='lat' dir='ltr'><em>ulii</em></span> <span class='ocrx_word' id='word_1_229' title='bbox 596 2855 727 2906; x_wconf 87' lang='lat' dir='ltr'><em>lautiores</em></span> <span class='ocrx_word' id='word_1_230' title='bbox 737 2856 792 2917; x_wconf 56' lang='lat' dir='ltr'><em>{ut</em></span> <span class='ocrx_word' id='word_1_231' title='bbox 811 2853 862 2906; x_wconf 85' lang='lat' dir='ltr'><em>sibi</em></span> <span class='ocrx_word' id='word_1_232' title='bbox 885 2855 1025 2920; x_wconf 83' lang='lat' dir='ltr'><em>uidentur)</em></span> <span class='ocrx_word' id='word_1_233' title='bbox 1049 2857 1122 2908; x_wconf 86' lang='lat' dir='ltr'><em>serui</em></span> <span class='ocrx_word' id='word_1_234' title='bbox 1146 2857 1301 2923; x_wconf 81' lang='lat' dir='ltr'><em>atrienses,</em></span> <span class='ocrx_word' id='word_1_235' title='bbox 1331 2868 1384 2908; x_wconf 88' lang='lat' dir='ltr'><em>actu</em></span> 
     </span>
     <span class='ocr_line' id='line_1_26' title="bbox 338 2941 1383 3012; baseline 0.002 -18"><span class='ocrx_word' id='word_1_236' title='bbox 338 2947 400 3012; x_wconf 79' lang='lat' dir='ltr'><em>puri</em></span> <span class='ocrx_word' id='word_1_237' title='bbox 418 2944 555 2996; x_wconf 88' lang='lat' dir='ltr'><em>stultitiae</em></span> <span class='ocrx_word' id='word_1_238' title='bbox 572 2953 646 2997; x_wconf 87' lang='lat' dir='ltr'><em>sunt.</em></span> <span class='ocrx_word' id='word_1_239' title='bbox 683 2941 713 2993; x_wconf 91' lang='lat' dir='ltr'><em>ln</em></span> <span class='ocrx_word' id='word_1_240' title='bbox 732 2941 928 2995; x_wconf 86' lang='lat' dir='ltr'><em>recentioribus</em></span> <span class='ocrx_word' id='word_1_241' title='bbox 952 2954 1041 2995; x_wconf 83' lang='lat' dir='ltr'><em>autem</em></span> <span class='ocrx_word' id='word_1_242' title='bbox 1061 2943 1113 2997; x_wconf 89' lang='lat' dir='ltr'><em>boc</em></span> <span class='ocrx_word' id='word_1_243' title='bbox 1131 2945 1219 2997; x_wconf 90' lang='lat' dir='ltr'><em>modo</em></span> <span class='ocrx_word' id='word_1_244' title='bbox 1245 2957 1383 3000; x_wconf 86' lang='lat' dir='ltr'><em>correctum</em></span> 
     </span>
     <span class='ocr_line' id='line_1_27' title="bbox 338 3029 1383 3100; baseline 0.001 -17"><span class='ocrx_word' id='word_1_245' title='bbox 338 3043 389 3085; x_wconf 86' lang='lat' dir='ltr'><em>est:</em></span> <span class='ocrx_word' id='word_1_246' title='bbox 408 3032 502 3100; x_wconf 81' lang='lat' dir='ltr'><em>Atque</em></span> <span class='ocrx_word' id='word_1_247' title='bbox 520 3031 599 3081; x_wconf 89' lang='lat' dir='ltr'><em>utin</em></span> <span class='ocrx_word' id='word_1_248' title='bbox 617 3046 716 3099; x_wconf 77' lang='lat' dir='ltr'><em>magna</em></span> <span class='ocrx_word' id='word_1_249' title='bbox 730 3029 845 3099; x_wconf 85' lang='lat' dir='ltr'><em>familia</em></span> <span class='ocrx_word' id='word_1_250' title='bbox 863 3030 1011 3089; x_wconf 81' lang='lat' dir='ltr'><em>stultorum</em></span> <span class='ocrx_word' id='word_1_251' title='bbox 1032 3041 1099 3082; x_wconf 85' lang='lat' dir='ltr'><em>aunt</em></span> <span class='ocrx_word' id='word_1_252' title='bbox 1123 3031 1174 3083; x_wconf 91' lang='lat' dir='ltr'><em>alii</em></span> <span class='ocrx_word' id='word_1_253' title='bbox 1198 3034 1333 3087; x_wconf 89' lang='lat' dir='ltr'><em>lautiores</em></span> <span class='ocrx_word' id='word_1_254' title='bbox 1348 3039 1383 3096; x_wconf 88' lang='lat' dir='ltr'><em>(ut</em></span> 
     </span>
     <span class='ocr_line' id='line_1_28' title="bbox 337 3115 1382 3190; baseline 0.004 -23"><span class='ocrx_word' id='word_1_255' title='bbox 337 3118 388 3167; x_wconf 84' lang='lat' dir='ltr'><em>sibi</em></span> <span class='ocrx_word' id='word_1_256' title='bbox 406 3117 545 3183; x_wconf 86' lang='lat' dir='ltr'><em>videntur)</em></span> <span class='ocrx_word' id='word_1_257' title='bbox 563 3115 647 3179; x_wconf 83' lang='lat' dir='ltr'><em>serui,</em></span> <span class='ocrx_word' id='word_1_258' title='bbox 665 3116 713 3167; x_wconf 84' lang='lat' dir='ltr'><em>setl</em></span> <span class='ocrx_word' id='word_1_259' title='bbox 730 3125 821 3168; x_wconf 88' lang='lat' dir='ltr'><em>tamen</em></span> <span class='ocrx_word' id='word_1_260' title='bbox 838 3118 924 3182; x_wconf 82' lang='lat' dir='ltr'><em>serui,</em></span> <span class='ocrx_word' id='word_1_261' title='bbox 950 3118 1082 3170; x_wconf 85' lang='lat' dir='ltr'><em>atrienses</em></span> <span class='ocrx_word' id='word_1_262' title='bbox 1100 3138 1141 3175; x_wconf 71' lang='lat' dir='ltr'><em>ar,</em></span> <span class='ocrx_word' id='word_1_263' title='bbox 1156 3129 1207 3172; x_wconf 79' lang='lat' dir='ltr'><em>tu.-</em></span> <span class='ocrx_word' id='word_1_264' title='bbox 1239 3123 1305 3190; x_wconf 84' lang='lat' dir='ltr'><em>pari</em></span> <span class='ocrx_word' id='word_1_265' title='bbox 1325 3121 1382 3173; x_wconf 91' lang='lat' dir='ltr'><em>stul-</em></span> 
     </span>
     <span class='ocr_line' id='line_1_29' title="bbox 338 3202 1383 3278; baseline 0.004 -23"><span class='ocrx_word' id='word_1_266' title='bbox 338 3205 404 3255; x_wconf 89' lang='lat' dir='ltr'><em>titia</em></span> <span class='ocrx_word' id='word_1_267' title='bbox 422 3213 496 3256; x_wconf 86' lang='lat' dir='ltr'><em>sunt.</em></span> <span class='ocrx_word' id='word_1_268' title='bbox 515 3233 550 3242; x_wconf 97' lang='lat'>-</span> <span class='ocrx_word' id='word_1_269' title='bbox 580 3202 637 3257; x_wconf 88' lang='lat' dir='ltr'><em>Nec</em></span> <span class='ocrx_word' id='word_1_270' title='bbox 656 3203 815 3270; x_wconf 79' lang='lat' dir='ltr'><em>defuerunt,</em></span> <span class='ocrx_word' id='word_1_271' title='bbox 845 3205 890 3275; x_wconf 92' lang='lat' dir='ltr'><em>qui</em></span> <span class='ocrx_word' id='word_1_272' title='bbox 909 3204 979 3259; x_wconf 90' lang='lat' dir='ltr'><em>hanc</em></span> <span class='ocrx_word' id='word_1_273' title='bbox 998 3207 1159 3278; x_wconf 85' lang='lat' dir='ltr'><em>scripturam</em></span> <span class='ocrx_word' id='word_1_274' title='bbox 1180 3211 1327 3263; x_wconf 87' lang='lat' dir='ltr'><em>emendare</em></span> <span class='ocrx_word' id='word_1_275' title='bbox 1342 3206 1383 3260; x_wconf 78' lang='lat' dir='ltr'><em>vel·</em></span> 
     </span>
     <span class='ocr_line' id='line_1_30' title="bbox 338 3290 1383 3363; baseline 0.006 -21"><span class='ocrx_word' id='word_1_276' title='bbox 338 3290 406 3343; x_wconf 89' lang='lat' dir='ltr'><em>lent:</em></span> <span class='ocrx_word' id='word_1_277' title='bbox 435 3311 550 3362; x_wconf 88' lang='lat' dir='ltr'><em>quorum</em></span> <span class='ocrx_word' id='word_1_278' title='bbox 571 3312 641 3345; x_wconf 90' lang='lat' dir='ltr'><em>unus</em></span> <span class='ocrx_word' id='word_1_279' title='bbox 658 3293 773 3363; x_wconf 83' lang='lat' dir='ltr'><em>margini</em></span> <span class='ocrx_word' id='word_1_280' title='bbox 791 3291 925 3346; x_wconf 79' lang='lat' dir='ltr'><em>adnotavit</em></span> <span class='ocrx_word' id='word_1_281' title='bbox 952 3295 1023 3345; x_wconf 89' lang='lat' dir='ltr'><em>serui</em></span> <span class='ocrx_word' id='word_1_282' title='bbox 1050 3296 1198 3361; x_wconf 85' lang='lat' dir='ltr'><em>atrienses,</em></span> <span class='ocrx_word' id='word_1_283' title='bbox 1232 3300 1283 3350; x_wconf 88' lang='lat' dir='ltr'><em>sed</em></span> <span class='ocrx_word' id='word_1_284' title='bbox 1309 3311 1383 3350; x_wconf 85' lang='lat' dir='ltr'><em>tanen</em></span> 
     </span>
     <span class='ocr_line' id='line_1_31' title="bbox 338 3380 1384 3454; baseline 0.006 -24"><span class='ocrx_word' id='word_1_285' title='bbox 338 3380 510 3451; x_wconf 87' lang='lat' dir='ltr'><em>serviaeque</em></span> <span class='ocrx_word' id='word_1_286' title='bbox 529 3399 561 3432; x_wconf 86' lang='lat' dir='ltr'><em>aa</em></span> <span class='ocrx_word' id='word_1_287' title='bbox 579 3391 621 3437; x_wconf 88' lang='lat' dir='ltr'><em>tu.</em></span> <span class='ocrx_word' id='word_1_288' title='bbox 658 3380 747 3433; x_wconf 80' lang='lat' dir='ltr'><em>Alter:</em></span> <span class='ocrx_word' id='word_1_289' title='bbox 763 3381 826 3449; x_wconf 80' lang='lat' dir='ltr'><em>pari</em></span> <span class='ocrx_word' id='word_1_290' title='bbox 845 3399 878 3432; x_wconf 89' lang='lat' dir='ltr'><em>ac</em></span> <span class='ocrx_word' id='word_1_291' title='bbox 897 3391 927 3432; x_wconf 93' lang='lat' dir='ltr'><em>tu</em></span> <span class='ocrx_word' id='word_1_292' title='bbox 948 3382 1073 3434; x_wconf 88' lang='lat' dir='ltr'><em>stultitia</em></span> <span class='ocrx_word' id='word_1_293' title='bbox 1090 3395 1166 3436; x_wconf 85' lang='lat' dir='ltr'><em>sant.</em></span> <span class='ocrx_word' id='word_1_294' title='bbox 1207 3385 1265 3454; x_wconf 89' lang='lat' dir='ltr'><em>Qui</em></span> <span class='ocrx_word' id='word_1_295' title='bbox 1285 3398 1314 3441; x_wconf 91' lang='lat' dir='ltr'><em>ut</em></span> <span class='ocrx_word' id='word_1_296' title='bbox 1331 3385 1384 3438; x_wconf 85' lang='lat' dir='ltr'><em>alios</em></span> 
     </span>
     <span class='ocr_line' id='line_1_32' title="bbox 337 3466 1383 3545; baseline 0.006 -27"><span class='ocrx_word' id='word_1_297' title='bbox 337 3466 435 3520; x_wconf 91' lang='lat' dir='ltr'><em>iudicio</em></span> <span class='ocrx_word' id='word_1_298' title='bbox 455 3467 588 3538; x_wconf 80' lang='lat' dir='ltr'><em>vicerunt,</em></span> <span class='ocrx_word' id='word_1_299' title='bbox 615 3468 653 3522; x_wconf 87' lang='lat' dir='ltr'><em>sic</em></span> <span class='ocrx_word' id='word_1_300' title='bbox 672 3468 761 3522; x_wconf 90' lang='lat' dir='ltr'><em>locum</em></span> <span class='ocrx_word' id='word_1_301' title='bbox 782 3487 837 3521; x_wconf 89' lang='lat' dir='ltr'><em>non</em></span> <span class='ocrx_word' id='word_1_302' title='bbox 857 3468 970 3522; x_wconf 88' lang='lat' dir='ltr'><em>omnino</em></span> <span class='ocrx_word' id='word_1_303' title='bbox 994 3471 1176 3525; x_wconf 88' lang='lat' dir='ltr'><em>restituerunt.</em></span> <span class='ocrx_word' id='word_1_304' title='bbox 1224 3473 1281 3528; x_wconf 90' lang='lat' dir='ltr'><em>Nos</em></span> <span class='ocrx_word' id='word_1_305' title='bbox 1305 3474 1383 3545; x_wconf 77' lang='lat' dir='ltr'><em>legeu-</em></span> 
     </span>
     <span class='ocr_line' id='line_1_33' title="bbox 338 3555 1383 3628; baseline 0.002 -21"><span class='ocrx_word' id='word_1_306' title='bbox 338 3555 402 3608; x_wconf 92' lang='lat' dir='ltr'><em>dum</em></span> <span class='ocrx_word' id='word_1_307' title='bbox 428 3575 582 3620; x_wconf 82' lang='lat' dir='ltr'><em>censemus:</em></span> <span class='ocrx_word' id='word_1_308' title='bbox 610 3558 704 3627; x_wconf 88' lang='lat' dir='ltr'><em>Atque</em></span> <span class='ocrx_word' id='word_1_309' title='bbox 723 3557 802 3608; x_wconf 89' lang='lat' dir='ltr'><em>utin</em></span> <span class='ocrx_word' id='word_1_310' title='bbox 820 3576 921 3628; x_wconf 76' lang='lat' dir='ltr'><em>magna</em></span> <span class='ocrx_word' id='word_1_311' title='bbox 942 3558 1059 3628; x_wconf 87' lang='lat' dir='ltr'><em>familia</em></span> <span class='ocrx_word' id='word_1_312' title='bbox 1077 3559 1231 3613; x_wconf 88' lang='lat' dir='ltr'><em>stultorum</em></span> <span class='ocrx_word' id='word_1_313' title='bbox 1249 3573 1314 3615; x_wconf 87' lang='lat' dir='ltr'><em>sunt</em></span> <span class='ocrx_word' id='word_1_314' title='bbox 1330 3560 1383 3613; x_wconf 89' lang='lat' dir='ltr'><em>aliis</em></span> 
     </span>
     <span class='ocr_line' id='line_1_34' title="bbox 337 3643 1383 3720; baseline 0.004 -28"><span class='ocrx_word' id='word_1_315' title='bbox 337 3643 468 3694; x_wconf 90' lang='lat' dir='ltr'><em>lautiores</em></span> <span class='ocrx_word' id='word_1_316' title='bbox 486 3647 531 3706; x_wconf 93' lang='lat' dir='ltr'><em>(ut</em></span> <span class='ocrx_word' id='word_1_317' title='bbox 548 3643 600 3692; x_wconf 86' lang='lat' dir='ltr'><em>sibi</em></span> <span class='ocrx_word' id='word_1_318' title='bbox 619 3643 757 3709; x_wconf 84' lang='lat' dir='ltr'><em>uidentur)</em></span> <span class='ocrx_word' id='word_1_319' title='bbox 775 3645 846 3696; x_wconf 86' lang='lat' dir='ltr'><em>serui</em></span> <span class='ocrx_word' id='word_1_320' title='bbox 864 3645 1012 3703; x_wconf 84' lang='lat' dir='ltr'><em>atrienses,</em></span> <span class='ocrx_word' id='word_1_321' title='bbox 1036 3647 1086 3697; x_wconf 85' lang='lat' dir='ltr'><em>sed</em></span> <span class='ocrx_word' id='word_1_322' title='bbox 1102 3657 1196 3699; x_wconf 93' lang='lat' dir='ltr'><em>tarnen</em></span> <span class='ocrx_word' id='word_1_323' title='bbox 1216 3668 1299 3720; x_wconf 87' lang='lat' dir='ltr'><em>aeque</em></span> <span class='ocrx_word' id='word_1_324' title='bbox 1315 3647 1383 3707; x_wconf 85' lang='lat' dir='ltr'><em>serui,</em></span> 
     </span>
     <span class='ocr_line' id='line_1_35' title="bbox 337 3729 1383 3804; baseline 0.007 -28"><span class='ocrx_word' id='word_1_325' title='bbox 337 3745 369 3776; x_wconf 89' lang='lat' dir='ltr'><em>ac</em></span> <span class='ocrx_word' id='word_1_326' title='bbox 388 3738 436 3777; x_wconf 85' lang='lat' dir='ltr'><em>ta:</em></span> <span class='ocrx_word' id='word_1_327' title='bbox 455 3730 494 3778; x_wconf 90' lang='lat' dir='ltr'><em>sic</em></span> <span class='ocrx_word' id='word_1_328' title='bbox 510 3729 574 3795; x_wconf 82' lang='lat' dir='ltr'><em>pari</em></span> <span class='ocrx_word' id='word_1_329' title='bbox 589 3730 714 3780; x_wconf 86' lang='lat' dir='ltr'><em>stultitia</em></span> <span class='ocrx_word' id='word_1_330' title='bbox 732 3740 797 3782; x_wconf 87' lang='lat' dir='ltr'><em>sant</em></span> <span class='ocrx_word' id='word_1_331' title='bbox 815 3760 860 3786; x_wconf 92' lang='lat'><em>-.</em></span> <span class='ocrx_word' id='word_1_332' title='bbox 905 3731 947 3783; x_wconf 86' lang='lat' dir='ltr'><em>Ad</em></span> <span class='ocrx_word' id='word_1_333' title='bbox 966 3732 1039 3787; x_wconf 90' lang='lat' dir='ltr'><em>bunc</em></span> <span class='ocrx_word' id='word_1_334' title='bbox 1053 3734 1127 3787; x_wconf 91' lang='lat' dir='ltr'><em>enim</em></span> <span class='ocrx_word' id='word_1_335' title='bbox 1152 3737 1266 3790; x_wconf 92' lang='lat' dir='ltr'><em>modum</em></span> <span class='ocrx_word' id='word_1_336' title='bbox 1285 3733 1383 3804; x_wconf 82' lang='lat' dir='ltr'><em>intelligi</em></span> 
     </span>
     <span class='ocr_line' id='line_1_36' title="bbox 337 3813 1384 3881; baseline 0.007 -16"><span class='ocrx_word' id='word_1_337' title='bbox 337 3813 427 3866; x_wconf 88' lang='lat' dir='ltr'><em>debet:</em></span> <span class='ocrx_word' id='word_1_338' title='bbox 446 3813 682 3881; x_wconf 87' lang='lat' dir='ltr'><em>Quemadmodum</em></span> <span class='ocrx_word' id='word_1_339' title='bbox 702 3815 763 3868; x_wconf 86' lang='lat' dir='ltr'><em>licet</em></span> <span class='ocrx_word' id='word_1_340' title='bbox 780 3817 847 3868; x_wconf 82' lang='lat' dir='ltr'><em>servi</em></span> <span class='ocrx_word' id='word_1_341' title='bbox 866 3819 992 3872; x_wconf 87' lang='lat' dir='ltr'><em>atrienses</em></span> <span class='ocrx_word' id='word_1_342' title='bbox 1018 3820 1075 3874; x_wconf 90' lang='lat' dir='ltr'><em>aliis</em></span> <span class='ocrx_word' id='word_1_343' title='bbox 1101 3822 1151 3875; x_wconf 90' lang='lat' dir='ltr'><em>sibi</em></span> <span class='ocrx_word' id='word_1_344' title='bbox 1178 3824 1313 3878; x_wconf 77' lang='lat' dir='ltr'><em>videantur</em></span> <span class='ocrx_word' id='word_1_345' title='bbox 1331 3821 1384 3873; x_wconf 89' lang='lat' dir='ltr'><em>lau·</em></span> 
     </span>
     <span class='ocr_line' id='line_1_37' title="bbox 337 3901 1381 3982; baseline 0.007 -28"><span class='ocrx_word' id='word_1_346' title='bbox 337 3901 430 3966; x_wconf 88' lang='lat' dir='ltr'><em>tiores,</em></span> <span class='ocrx_word' id='word_1_347' title='bbox 449 3921 533 3973; x_wconf 86' lang='lat' dir='ltr'><em>aeque</em></span> <span class='ocrx_word' id='word_1_348' title='bbox 555 3912 643 3954; x_wconf 87' lang='lat' dir='ltr'><em>tamen</em></span> <span class='ocrx_word' id='word_1_349' title='bbox 662 3913 724 3955; x_wconf 88' lang='lat' dir='ltr'><em>suot</em></span> <span class='ocrx_word' id='word_1_350' title='bbox 740 3904 806 3955; x_wconf 83' lang='lat' dir='ltr'><em>servi</em></span> <span class='ocrx_word' id='word_1_351' title='bbox 825 3924 857 3958; x_wconf 85' lang='lat' dir='ltr'><em>ac</em></span> <span class='ocrx_word' id='word_1_352' title='bbox 876 3917 919 3959; x_wconf 89' lang='lat' dir='ltr'><em>tu:</em></span> <span class='ocrx_word' id='word_1_353' title='bbox 946 3908 984 3961; x_wconf 92' lang='lat' dir='ltr'><em>sic</em></span> <span class='ocrx_word' id='word_1_354' title='bbox 1003 3907 1038 3974; x_wconf 91' lang='lat' dir='ltr'><em>ii,</em></span> <span class='ocrx_word' id='word_1_355' title='bbox 1069 3929 1139 3980; x_wconf 90' lang='lat' dir='ltr'><em>quos</em></span> <span class='ocrx_word' id='word_1_356' title='bbox 1163 3912 1257 3982; x_wconf 84' lang='lat' dir='ltr'><em>signa,</em></span> <span class='ocrx_word' id='word_1_357' title='bbox 1280 3909 1381 3970; x_wconf 83' lang='lat' dir='ltr'><em>tabulas,</em></span> 
     </span>
     <span class='ocr_line' id='line_1_38' title="bbox 336 3990 1380 4068; baseline 0.005 -26"><span class='ocrx_word' id='word_1_358' title='bbox 336 3990 468 4060; x_wconf 84' lang='lat' dir='ltr'><em>signatum</em></span> <span class='ocrx_word' id='word_1_359' title='bbox 488 4001 647 4060; x_wconf 83' lang='lat' dir='ltr'><em>argentum,</em></span> <span class='ocrx_word' id='word_1_360' title='bbox 670 3990 807 4044; x_wconf 88' lang='lat' dir='ltr'><em>Corinthia</em></span> <span class='ocrx_word' id='word_1_361' title='bbox 827 4011 924 4064; x_wconf 90' lang='lat' dir='ltr'><em>opera,</em></span> <span class='ocrx_word' id='word_1_362' title='bbox 944 3994 1065 4048; x_wconf 87' lang='lat' dir='ltr'><em>aedificia</em></span> <span class='ocrx_word' id='word_1_363' title='bbox 1086 3998 1235 4068; x_wconf 84' lang='lat' dir='ltr'><em>magnifica</em></span> <span class='ocrx_word' id='word_1_364' title='bbox 1255 3999 1380 4058; x_wconf 87' lang='lat' dir='ltr'><em>delectant,</em></span> 
     </span>
     <span class='ocr_line' id='line_1_39' title="bbox 339 4079 632 4148; baseline 0.003 -18"><span class='ocrx_word' id='word_1_365' title='bbox 339 4079 396 4148; x_wconf 88' lang='lat' dir='ltr'><em>pari</em></span> <span class='ocrx_word' id='word_1_366' title='bbox 414 4090 477 4132; x_wconf 85' lang='lat' dir='ltr'><em>sunt</em></span> <span class='ocrx_word' id='word_1_367' title='bbox 494 4079 632 4132; x_wconf 86' lang='lat' dir='ltr'><em>stultitia.“</em></span> 
     </span>
    </p>

    <p class='ocr_par' dir='ltr' id='par_1_9' title="bbox 335 4164 1384 4408">
     <span class='ocr_line' id='line_1_40' title="bbox 406 4164 1381 4244; baseline 0.008 -27"><span class='ocrx_word' id='word_1_368' title='bbox 406 4165 528 4220; x_wconf 85' lang='lat' dir='ltr'><em>Franc.</em></span> <span class='ocrx_word' id='word_1_369' title='bbox 555 4164 710 4236; x_wconf 86' lang='lat' dir='ltr'><em>Sylvius:</em></span> <span class='ocrx_word' id='word_1_370' title='bbox 742 4171 796 4234; x_wconf 88' lang='lat' dir='ltr'><em>„ln</em></span> <span class='ocrx_word' id='word_1_371' title='bbox 821 4187 922 4239; x_wconf 82' lang='lat' dir='ltr'><em>magna</em></span> <span class='ocrx_word' id='word_1_372' title='bbox 942 4170 1058 4241; x_wconf 87' lang='lat' dir='ltr'><em>familia</em></span> <span class='ocrx_word' id='word_1_373' title='bbox 1082 4175 1248 4244; x_wconf 85' lang='lat' dir='ltr'><em>stultorum]</em></span> <span class='ocrx_word' id='word_1_374' title='bbox 1276 4176 1381 4228; x_wconf 79' lang='lat' dir='ltr'><em>Fortasse</em></span> 
     </span>
     <span class='ocr_line' id='line_1_41' title="bbox 335 4252 1384 4336; baseline 0.014 -32"><span class='ocrx_word' id='word_1_375' title='bbox 335 4273 487 4321; x_wconf 86' lang='lat' dir='ltr'><em>seruorum,</em></span> <span class='ocrx_word' id='word_1_376' title='bbox 506 4273 561 4306; x_wconf 89' lang='lat' dir='ltr'><em>non</em></span> <span class='ocrx_word' id='word_1_377' title='bbox 581 4255 728 4308; x_wconf 87' lang='lat' dir='ltr'><em>stultorum</em></span> <span class='ocrx_word' id='word_1_378' title='bbox 754 4256 907 4327; x_wconf 82' lang='lat' dir='ltr'><em>legendum.</em></span> <span class='ocrx_word' id='word_1_379' title='bbox 944 4259 1011 4312; x_wconf 88' lang='lat' dir='ltr'><em>Nam</em></span> <span class='ocrx_word' id='word_1_380' title='bbox 1032 4258 1173 4315; x_wconf 88' lang='lat' dir='ltr'><em>Oscorum</em></span> <span class='ocrx_word' id='word_1_381' title='bbox 1201 4263 1295 4335; x_wconf 80' lang='lat' dir='ltr'><em>lingua</em></span> <span class='ocrx_word' id='word_1_382' title='bbox 1307 4252 1384 4336; x_wconf 64' lang='lat' dir='ltr'><em>semel</em></span> 
     </span>
     <span class='ocr_line' id='line_1_42' title="bbox 336 4341 1380 4408; baseline 0.012 -19"><span class='ocrx_word' id='word_1_383' title='bbox 336 4358 424 4393; x_wconf 76' lang='lat' dir='ltr'><em>servm</em></span> <span class='ocrx_word' id='word_1_384' title='bbox 442 4341 555 4408; x_wconf 87' lang='lat' dir='ltr'><em>dicitur,</em></span> <span class='ocrx_word' id='word_1_385' title='bbox 584 4342 656 4395; x_wconf 90' lang='lat' dir='ltr'><em>unde</em></span> <span class='ocrx_word' id='word_1_386' title='bbox 680 4344 779 4398; x_wconf 84' lang='lat' dir='ltr'><em>familia</em></span> <span class='ocrx_word' id='word_1_387' title='bbox 805 4357 895 4401; x_wconf 84' lang='lat' dir='ltr'><em>vocata</em></span> <span class='ocrx_word' id='word_1_388' title='bbox 914 4358 963 4400; x_wconf 90' lang='lat' dir='ltr'><em>est:</em></span> <span class='ocrx_word' id='word_1_389' title='bbox 995 4358 1025 4399; x_wconf 88' lang='lat' dir='ltr'><em>ut</em></span> <span class='ocrx_word' id='word_1_390' title='bbox 1052 4360 1150 4403; x_wconf 88' lang='lat' dir='ltr'><em>auctor</em></span> <span class='ocrx_word' id='word_1_391' title='bbox 1176 4363 1219 4406; x_wconf 83' lang='lat' dir='ltr'><em>est</em></span> <span class='ocrx_word' id='word_1_392' title='bbox 1236 4352 1297 4407; x_wconf 75' lang='lat' dir='ltr'><em>Sex.</em></span> <span class='ocrx_word' id='word_1_393' title='bbox 1315 4351 1380 4404; x_wconf 82' lang='lat' dir='ltr'><em>Poto·</em></span> 
     </span>
    </p>
   </div>
   <div class='ocr_carea' id='block_1_7' title="bbox 338 4427 1379 4506">
    <p class='ocr_par' dir='ltr' id='par_1_10' title="bbox 338 4427 1379 4506">
     <span class='ocr_line' id='line_1_43' title="bbox 338 4427 1379 4506; baseline 0.016 -29"><span class='ocrx_word' id='word_1_394' title='bbox 338 4427 428 4495; x_wconf 86' lang='lat' dir='ltr'><em>peius,</em></span> <span class='ocrx_word' id='word_1_395' title='bbox 448 4430 567 4498; x_wconf 83' lang='lat' dir='ltr'><em>quamvis</em></span> <span class='ocrx_word' id='word_1_396' title='bbox 587 4431 657 4484; x_wconf 87' lang='lat' dir='ltr'><em>idem</em></span> <span class='ocrx_word' id='word_1_397' title='bbox 677 4431 766 4502; x_wconf 89' lang='lat' dir='ltr'><em>paullo</em></span> <span class='ocrx_word' id='word_1_398' title='bbox 785 4445 846 4488; x_wconf 86' lang='lat' dir='ltr'><em>ante</em></span> <span class='ocrx_word' id='word_1_399' title='bbox 865 4435 975 4500; x_wconf 88' lang='lat' dir='ltr'><em>scribat,</em></span> <span class='ocrx_word' id='word_1_400' title='bbox 995 4435 1142 4506; x_wconf 75' lang='lat' dir='ltr'><em>sonuliam</em></span> <span class='ocrx_word' id='word_1_401' title='bbox 1161 4451 1243 4496; x_wconf 87' lang='lat' dir='ltr'><em>antea</em></span> <span class='ocrx_word' id='word_1_402' title='bbox 1264 4435 1379 4495; x_wconf 72' lang='lat' dir='ltr'><em>intineris</em></span> 
     </span>
    </p>
   </div>
   <div class='ocr_carea' id='block_1_8' title="bbox 0 0 1730 5342">
    <p class='ocr_par' dir='ltr' id='par_1_11' title="bbox 0 0 1730 5342">
     <span class='ocr_line' id='line_1_44' title="bbox 0 0 1730 5342; baseline 0 3"><span class='ocrx_word' id='word_1_403' title='bbox 0 0 1730 5342; x_wconf 95' lang='lat' dir='ltr'><em> </em></span> 
     </span>
    </p>
   </div>
  </div>
 </body>
</html>
