3450 5342
365 661 439 733 206
698 681 871 729 mmnmm
900 678 1094 727 swicoumi.

367 862 453 921 recta
487 853 650 934 sequitur,
696 852 751 931 qui
787 849 908 929 gaudet
944 847 1073 923 officio,
1115 848 1168 910 cui
1202 847 1337 910 vivendi
1371 848 1419 911 via

366 994 572 1059 considerata
610 995 707 1070 atque
742 987 876 1069 provisa
910 987 982 1049 esti
1025 986 1080 1065 qui
1116 985 1244 1064 iegibus
1291 985 1417 1066 quidem

367 1149 433 1196 non
460 1133 596 1211 propter
620 1131 742 1190 metum
771 1129 875 1206 paret,
899 1121 956 1187 sed
983 1139 1040 1187 eas
1066 1121 1215 1202 sequitur
1241 1125 1344 1201 atque
1365 1139 1418 1185 co-

367 1269 417 1344 lit,
444 1267 521 1348 quia
547 1265 579 1327 id
606 1266 749 1328 salutare
787 1262 933 1326 maxime
965 1279 1038 1324 esse
1074 1260 1215 1324 iudicat:
1251 1262 1310 1340 qui
1343 1261 1416 1325 nihii

366 1403 461 1478 «licit,
489 1401 569 1464 nihii
596 1401 691 1477 iacit,
730 1401 810 1465 nihil
837 1400 958 1480 cogitat
993 1398 1151 1478 denique,
1193 1397 1256 1460 nisi
1286 1398 1419 1462 libenter

368 1557 407 1603 ac
432 1538 550 1601 libere:
588 1537 680 1600 cuius
711 1537 823 1602 omnia
850 1536 988 1600 consilia
1020 1551 1139 1614 resque
1163 1550 1303 1612 omnes,
1341 1551 1416 1615 quas

368 1677 467 1756 gerit,
502 1676 544 1740 ab
575 1674 648 1756 ipso
683 1673 951 1756 proficiscuntur,
996 1671 1180 1753 eodemque
1217 1672 1416 1737 referuntur:

368 1832 429 1877 nec
455 1816 503 1876 est
524 1812 592 1875 ulla
617 1829 688 1889 res,
723 1830 807 1893 quae
834 1811 907 1892 plus
932 1810 1019 1891 apud
1046 1827 1122 1874 eum
1144 1810 1287 1890 polleat,
1326 1825 1416 1890 quam

368 1949 469 2029 ipsius
504 1948 656 2011 voluntas
692 1952 790 2028 atque
828 1946 1001 2010 iudicium:
1045 1946 1098 2010 oui
1144 1946 1278 2025 quidem
1313 1946 1413 2018 etiam,

370 2102 454 2166 quae
481 2084 546 2146 vim
573 2085 697 2148 habere
718 2087 899 2150 maximam
923 2085 1058 2161 dicitur,
1095 2083 1243 2148 Fortuna
1270 2084 1343 2165 ipsa
1367 2100 1416 2145 ce-

370 2223 431 2285 dit:
457 2222 502 2296 si,
529 2228 565 2283 ut
591 2222 722 2302 sapiens
749 2225 848 2304 poita
875 2221 973 2298 dixit,
1012 2216 1097 2284 Suis
1132 2240 1177 2283 ea
1215 2216 1320 2284 cuias
1338 2212 1416 2305 fin-

366 2353 471 2445 gitur
507 2351 681 2420 moribus.
741 2357 810 2423 Soli
845 2358 944 2438 igitur
981 2359 1044 2421 hoo
1081 2357 1243 2438 contingit
1271 2356 1413 2438 sapienti,

369 2501 405 2558 ut
438 2494 517 2558 nihii
554 2493 654 2558 iaciat
690 2495 828 2571 invitus,
872 2495 951 2558 nihii
982 2494 1118 2571 (lolem,
1158 2494 1240 2558 nihil
1279 2498 1414 2557 coactus.

370 2628 468 2709 Quod
494 2632 553 2694 etsi
580 2632 625 2695 ita
648 2648 738 2709 esse,
775 2632 923 2713 pluribus
952 2632 1060 2697 verbis
1093 2630 1324 2696 disserendum
1355 2636 1412 2695 est:

369 2765 448 2830 iilud
474 2771 584 2830 tamen
611 2772 643 2830 et
669 2768 769 2830 breve
796 2775 828 2832 et
853 2769 1075 2834 confitendum
1101 2771 1169 2846 est,
1207 2768 1271 2831 nisi
1299 2769 1353 2850 qui
1376 2769 1413 2831 ita

369 2907 410 2969 sit
432 2903 585 2980 affectus,
612 2903 753 2967 liberum
770 2920 842 2968 esse
855 2906 1032 2970 neminem.
1084 2904 1178 2970 Servi
1194 2906 1297 2987 igitur
1310 2920 1413 2971 omnes

369 3041 522 3120 improbi.
573 3038 641 3102 Nec
665 3038 730 3102 hoc
759 3042 825 3102 tam
853 3057 889 3102 re
913 3044 977 3119 est,
1014 3059 1112 3123 quam
1146 3041 1236 3105 dictu
1271 3043 1412 3124 inopina·

369 3184 437 3239 tum
462 3180 561 3255 atque
587 3175 746 3240 mirabile.
809 3179 882 3244 Non
914 3181 1001 3244 enim
1039 3183 1082 3245 ita
1119 3181 1232 3245 dicunt
1266 3200 1326 3247 eos
1351 3198 1412 3246 esse

368 3328 493 3391 servos,
520 3317 555 3377 ut
581 3314 756 3396 mancipia,
782 3335 867 3397 quae
894 3323 968 3382 sunt
989 3319 1200 3383 dominorum
1218 3319 1307 3386 sacta
1328 3336 1412 3393 nexu,

369 3457 425 3517 aut
451 3453 563 3533 aliquo
592 3453 663 3515 iure
688 3453 792 3518 civili:
816 3455 892 3530 sed,
928 3457 956 3518 si
991 3457 1130 3520 servitus
1165 3457 1223 3534 sit,
1258 3459 1344 3522 sicut
1365 3459 1412 3527 m,

369 3591 556 3655 obedientia
581 3590 676 3655 fracti
703 3592 805 3655 animi
830 3597 862 3657 et
880 3592 1027 3668 abiecti,
1061 3596 1093 3655 et
1118 3593 1258 3656 arbitrio
1286 3592 1412 3658 carentis

370 3743 442 3803 suo,
469 3727 541 3806 quis
567 3729 682 3804 neget,
708 3742 823 3789 omnes
847 3726 953 3803 leves,
980 3742 1097 3791 omnes
1122 3727 1283 3808 cupidos,
1311 3742 1412 3793 omnes

335 3885 358 3929 n
372 3861 513 3940 denique
540 3860 728 3940 improbos,
753 3878 825 3924 esse
855 3865 997 3927 servos?
1048 3864 1100 3927 An
1128 3860 1188 3926 iiie
1221 3864 1303 3928 mihi
1335 3865 1413 3937 liber,

371 4000 423 4063 cui
450 3997 568 4061 mulier
605 3999 768 4079 imperat?
808 4002 861 4065 cui
898 4003 987 4083 leges
1024 3997 1184 4083 imponit4
1225 4001 1413 4084 praescribit,

370 4139 479 4214 iubet,
516 4141 620 4214 vetat,
651 4138 739 4217 quod
767 4140 921 4204 videtur?
965 4141 1019 4222 qui
1048 4139 1129 4203 nihil
1165 4112 1343 4223 imperanti
1366 4130 1413 4203 m·

371 4292 449 4352 gare
475 4279 598 4356 potest,
632 4274 711 4339 nihii
750 4294 903 4342 recusare
938 4277 1059 4342 audet?
1112 4275 1245 4355 Poscit,
1285 4274 1414 4343 dandum

372 4414 438 4470 est:
474 4417 588 4489 vocat,
626 4412 840 4477 veniendum:
883 4414 989 4489 eicit,
1024 4411 1235 4478 abeundum:
1277 4415 1416 4482 minatur,
