3450 5342
724 696 921 744 rautnoxou
946 698 980 743 n.
1312 678 1384 751 105

335 858 393 926 ipso
412 854 570 908 immortalis
587 866 632 908 est.
668 855 757 927 Atque
776 856 826 909 bae
844 855 1036 927 significatione
1049 856 1111 907 laus
1125 865 1149 910 et
1158 855 1290 911 laudatus
1307 880 1386 933 saepe
1454 912 1457 917 .

336 955 481 1014 usurpatur
505 964 519 995 a
539 942 676 996 Cicerone.
721 944 779 998 Hoc
796 956 885 998 autem
911 944 972 997 loco
997 945 1112 997 oratorie
1131 943 1331 1014 accipiendum,
1357 960 1388 1002 ut

334 1044 480 1101 utrumque
499 1030 635 1101 significet.
672 1031 743 1085 Haec
761 1034 889 1087 sententia
909 1033 991 1086 estin
1010 1032 1086 1085 dictis
1103 1032 1252 1102 Euripidis,
1277 1033 1306 1085 iu
1326 1036 1387 1104 qui·

335 1123 385 1172 bus
404 1139 487 1172 unum
507 1130 544 1172 est
559 1118 622 1172 boc:
642 1114 721 1189 ἄρετή
738 1123 782 1181 δὲ,
800 1115 847 1172 κᾶν
866 1121 939 1190 θάνῃ
959 1140 1012 1184 τις,
1033 1117 1079 1172 οὐκ
1099 1117 1254 1171 ἀπόλλυται.
1291 1118 1337 1173 Est
1355 1141 1383 1173 er

335 1207 472 1277 deperdita
491 1208 624 1278 tragoedia
643 1207 811 1262 Temenides.
854 1208 947 1261 Simile
967 1219 1005 1261 est
1023 1207 1093 1278 apud
1111 1206 1197 1260 Plaut.
1219 1204 1295 1278 Capt.
1314 1210 1340 1271 3,
1362 1213 1387 1262 5.

336 1294 377 1347 Cf.
397 1293 541 1347 Gatalrerus
559 1295 586 1346 in
608 1294 759 1349 Adversarr.
777 1315 804 1366 p.
824 1298 886 1348 513.
905 1295 960 1348 l).“
980 1296 1020 1346 W
1027 1294 1160 1366 yttenb.
1180 1321 1213 1332 -·
1231 1293 1318 1347 Locus
1332 1293 1388 1346 Eu-

335 1383 452 1452 ripideus
468 1394 504 1436 est
523 1383 593 1453 apud
612 1381 777 1448 Stobaeum,
804 1401 885 1453 quem
912 1383 950 1435 sic
979 1382 1126 1452 pleniorem
1153 1399 1241 1451 nuper
1258 1380 1339 1433 edidit
1357 1381 1387 1432 F.

334 1469 366 1521 Η.
385 1468 495 1523 Botbius
512 1471 541 1522 iu
559 1470 696 1540 Fragmm.
715 1470 809 1540 Eurip.
827 1490 853 1540 p.
873 1474 935 1523 254.

447 1556 545 1628 Ἀρετή
564 1561 608 1617 δὲ,
628 1558 675 1609 ad'v
695 1557 766 1627 θάνῃ
785 1577 842 1622 τις,
862 1554 908 1609 otiu
928 1554 1086 1621 circillatum,

448 1649 489 1716 Ζῇ
508 1643 534 1696 d'
552 1642 635 1696 οὐκέτ’
654 1642 728 1702 ’ὄντος
746 1641 882 1704 σώματος·
901 1658 1003 1696 κακοῖσι
1021 1649 1049 1696 di

440 1726 570 1782 ‘'Attuaru
589 1734 691 1800 φροῦδα
710 1727 871 1782 συνθᾶνονθ’
889 1728 939 1782 eiad
955 1729 1062 1796 χθονός.

333 1820 434 1881 Versus
453 1818 592 1870 Plautinus
611 1829 649 1871 est
668 1817 744 1889 Capt.
762 1817 808 1884 Ill,
827 1822 853 1882 5,
873 1820 922 1873 32:

449 1907 503 1974 Qui
518 1926 568 1974 per
587 1907 714 1958 virtutem
728 1907 826 1975 periit,
846 1917 878 1956 at
897 1926 949 1957 non
967 1907 1068 1960 interit.

335 1992 366 2044 H.
385 1992 499 2044 Bosscba
519 1992 614 2046 edidit:
630 1995 748 2062 peritut,
766 1995 790 2045 is
809 2014 861 2045 non
882 2024 924 2059 —,
944 2006 969 2047 et
988 1992 1136 2047 Gatalrerus
1154 1995 1170 2049 Ι.
1191 2015 1212 2048 c.
1236 1996 1298 2064 (Ed.
1319 1997 1387 2048 Tra-

335 2081 395 2147 iect.
415 2084 493 2134 1698.
513 2082 530 2132 f.
550 2080 597 2149 ru.)
615 2082 734 2150 paritet,
753 2082 843 2145 baud,
857 2081 919 2150 pol,
938 2083 1042 2136 interit.
1079 2081 1139 2134 Mr.

406 2169 549 2221 Exsulium
568 2180 659 2220 autem
677 2168 843 2221 terribile
862 2171 890 2220 il
896 2170 921 2220 li
928 2172 952 2237 s]
972 2171 1097 2233 „Exsulii
1114 2171 1182 2221 enim
1199 2189 1292 2222 nomen
1312 2173 1383 2221 euln-

335 2257 439 2307 mitutir
456 2267 513 2323 est,
531 2277 584 2309 non
603 2258 798 2327 turpitudinis:
820 2277 869 2329 pro
889 2257 988 2311 Domo.
1007 2286 1043 2296 —
1071 2257 1196 2309 Terribile
1215 2260 1288 2312 abest
1305 2279 1319 2312 a
1339 2259 1387 2311 de-

335 2363 410 2410 cem,
434 2345 597 2416 inquorum
624 2365 679 2398 uno
698 2346 846 2399 additum.“
867 2346 939 2398 Ald.
956 2345 1040 2399 Man.
1082 2343 1193 2416 „Habui
1217 2351 1287 2414 σοφῷ
1314 2349 1386 2397 πᾶσα

333 2433 367 2498 γῆ
383 2425 469 2499 (turri,
487 2435 572 2499 ψυχῆς
589 2429 639 2502 γάρ
659 2430 764 2501 ἀγαθῆς
782 2439 878 2504 πατρὶς
897 2429 910 2483 ὅ
929 2434 1029 2494 ξύμπας
1050 2432 1151 2495 ubouoc.
1189 2434 1387 2487 Democritus.“

336 2518 427 2587 Xyst.
447 2518 560 2571 Betul.

407 2607 540 2656 Exsilium
558 2617 649 2657 autem
667 2608 714 2675 iis]
761 2610 797 2662 lta
817 2610 877 2662 dedi
903 2629 964 2663 curn
984 2608 1032 2661 Or.
1052 2611 1155 2662 Vocem
1181 2608 1297 2658 terribile
1324 2628 1384 2660 cum

334 2695 444 2765 optimis
462 2693 536 2745 libris
554 2694 658 2746 exulare
676 2695 746 2747 iussi.
790 2697 872 2749 Abest
891 2717 947 2749 non
967 2697 1047 2749 modo
1066 2716 1079 2748 a
1102 2696 1193 2748 decem
1215 2694 1324 2758 Aldinis‚
1342 2695 1386 2746 sed

334 2783 416 2835 etiam
442 2783 475 2832 ab
502 2781 567 2836 Oxx.
598 2783 718 2853 quinque
736 2783 804 2852 (duo
831 2783 927 2855 reliqui
952 2783 1049 2836 babent
1079 2784 1109 2850 [l.
1128 2783 1172 2848 ΙΙ]
1198 2781 1315 2832 terribile
1333 2782 1387 2848 est)

335 2872 392 2920 Crz.
412 2873 435 2919 2.
454 2868 532 2920 Drsd.
553 2873 578 2920 t.
597 2875 621 2923 2.
641 2873 664 2922 3.
684 2869 756 2922 Gud.
775 2872 806 2922 A.
824 2871 854 2922 Β.
892 2871 997 2923 Suerin.
1023 2871 1117 2923 Duisb.
1154 2870 1194 2919 Iis
1220 2880 1308 2921 autem
1328 2868 1387 2920 dedi

335 2974 385 3026 pro
402 2955 458 3006 illis
476 2975 505 3006 ex
523 2955 597 3008 libris
616 2955 680 3020 On,
712 2955 797 3009 Codd.
823 2957 903 3011 Bern.
930 2958 1034 3022 Guell,
1063 2958 1159 3011 nostris
1183 2957 1294 3027 (quibus
1319 2956 1388 3008 addo

335 3043 414 3095 etiarn
433 3062 492 3107 eos,
511 3044 557 3114 qui
577 3042 698 3095 exhibent
716 3044 772 3110 bis)
791 3042 849 3096 Crz.
862 3049 886 3097 t.
904 3046 1082 3116 (quamquam
1102 3046 1145 3099 hic
1164 3045 1242 3098 babet
1260 3046 1302 3096 bis
1321 3045 1387 3110 illis)

336 3127 395 3184 Crz.
416 3134 440 3180 2.
460 3130 528 3182 Gud.
550 3131 582 3188 A.
601 3130 658 3184 Crz.
679 3135 703 3186 3.
722 3132 800 3184 Drsd.
819 3136 843 3185 1.
863 3139 888 3185 2.
908 3136 932 3187 3.
958 3134 1024 3186 Edd.
1043 3154 1085 3204 ap.
1109 3133 1194 3186 Meus.
1219 3133 1312 3185 Lamb.
1331 3136 1387 3186 Co-

335 3215 391 3272 lon.
411 3216 493 3270 Susfr.
512 3219 587 3272 Petr..
601 3219 678 3272 Hdlb.
697 3241 717 3273 s.
738 3220 754 3272 l.
772 3232 799 3274 et
816 3240 841 3276 a.
859 3221 925 3291 Arg.
945 3225 1023 3276 1515.
1045 3223 1112 3276 Ven.
1130 3225 1209 3274 1492.
1227 3221 1288 3274 Par.
1308 3224 1386 3273 1501.

335 3312 414 3361 1512.
434 3306 518 3376 Lugd.
538 3309 616 3360 1515.
633 3308 760 3367 Darentr.
778 3313 857 3363 1515.
882 3314 942 3362 Asc.
961 3313 1041 3363 1511.
1067 3310 1127 3362 Par.
1150 3329 1169 3361 s.
1188 3329 1210 3360 a.
1229 3309 1289 3361 Ald.
1307 3312 1387 3362 1518.

335 3394 388 3447 Sed
409 3394 457 3445 hae
482 3412 576 3444 omues
600 3392 676 3460 (inde
704 3395 737 3446 ab
756 3394 848 3462 Hdlb.)
874 3396 987 3465 glossam
1014 3396 1113 3449 habent
1138 3395 1256 3447 terribile
1283 3408 1389 3464 excepta

334 3480 514 3543 Ascensiana‚
540 3497 608 3549 quae
627 3498 689 3531 cum
709 3491 825 3549 quatuor
844 3481 937 3551 primis
956 3480 1026 3532 lacit.
1070 3480 1175 3550 Reliqui
1201 3480 1300 3532 habent
1323 3482 1390 3544 illis,

335 3566 401 3622 tatst
421 3566 560 3636 elegantia,
579 3577 608 3619 ut
620 3566 656 3618 ait
667 3565 716 3618 Or.
745 3568 847 3619 Vocem
861 3568 942 3639 quasi
956 3566 1054 3619 omittit
1069 3585 1131 3618 cum
1143 3564 1214 3618 Gud.
1226 3566 1257 3618 B.
1276 3566 1356 3618 Drsd.
1364 3571 1390 3620 4.

336 3659 407 3710 Turn
428 3653 488 3705 Crz.
506 3658 530 3708 1.
549 3655 758 3722 circumseptus
776 3666 826 3722 est,
847 3655 920 3726 quod
939 3656 1048 3708 verbum
1068 3654 1139 3725 apud
1157 3654 1260 3706 Livium
1280 3654 1387 3725 quidem

337 3746 450 3816 legitur,
472 3762 521 3795 nec
540 3761 602 3794 vero
621 3742 693 3812 apud
712 3740 883 3795 Ciceronem.
919 3743 973 3795 Pro
998 3742 1140 3794 babitandi
1167 3753 1205 3795 est
1222 3741 1342 3793 babituti
1360 3741 1388 3792 in

338 3832 447 3885 Gud.B.
476 3831 513 3882 Ex
534 3831 600 3884 Cod.
613 3831 681 3883 Pitb.
695 3830 823 3884 Graevius
837 3833 953 3886 enotavit
970 3830 1200 3885 inhabitandi
1213 3831 1295 3897 locus,
1315 3830 1387 3902 quod

339 3921 447 3973 verbum
460 3919 621 3990 ¹posterioris
639 3930 677 3972 est
695 3920 793 3973 aetatis.
832 3923 934 3975 Vocem
951 3940 1050 3975 omnem
1069 3920 1195 3973 omittunt
1215 3918 1264 3971 Ox.
1286 3939 1309 3971 o.
1330 3919 1389 3970 Mr.

409 4009 455 4078 qui
473 4026 571 4059 omnem
589 4006 676 4058 orbem
695 4016 829 4060 terrarum
846 4027 927 4060 unam
947 4009 1037 4062 urbem
1054 4028 1109 4061 esse
1129 4010 1253 4075 ducunt]
1287 4007 1387 4071 „Stoici

337 4095 429 4147 dicunt
447 4112 555 4146 omnem
577 4095 669 4146 orbem
689 4106 821 4148 terrarum
841 4115 922 4149 unam
943 4097 1036 4148 urbem
1055 4116 1118 4149 esse.
1155 4095 1213 4148 lloe
1236 4104 1323 4147 autem
1340 4091 1392 4142 So·

337 4183 466 4238 craticum
485 4194 530 4236 est.
567 4186 690 4235 Socrates
708 4185 777 4234 enim
795 4204 854 4236 cum
873 4196 1021 4256 rogaretur,
1040 4186 1154 4234 cuiatem
1167 4202 1195 4235 se
1213 4199 1269 4231 esse
1287 4181 1392 4238 (liceret,

338 4271 507 4325 Manduriam
523 4271 619 4342 iuquit.
641 4269 707 4338 [Cic.
727 4272 823 4326 Tusce.
840 4275 874 4338 V,
893 4277 937 4337 at,
956 4276 1016 4325 108.
1041 4271 1087 4323 ubi
1112 4269 1162 4319 vid.
1190 4276 1281 4318 annot.
1310 4256 1410 4319 nostes

337 4378 364 4429 p.
384 4361 436 4413 235
456 4378 495 4428 sq.
513 4356 546 4411 Τ.
565 4356 621 4428 ΙΙΙ.]
661 4362 755 4411 Totius
773 4363 841 4411 enim
861 4361 952 4412 mundi
969 4379 996 4410 se
1024 4356 1138 4409 incolam
1162 4364 1188 4404 et
1212 4354 1292 4403 ciuem
1318 4355 1393 4406 urbi-

336 4445 474 4499 trabatur.
510 4444 563 4498 Ubi
581 4447 657 4515 [ibid.
678 4457 738 4499 ante
759 4446 814 4513 illa]
834 4448 898 4501 illud
917 4447 1015 4501 Teucri
1035 4445 1136 4498 dictum
1164 4441 1266 4495 scribit:
1293 4445 1390 4494 Putria

1251 4688 1263 4715 Ι.
