3450 5342
596 675 791 723 remonon
819 676 869 723 ur.
902 675 1023 725 utun.
1270 656 1341 731 143

286 838 338 892 hac
346 836 455 910 quidem
468 835 597 890 formula:
611 854 694 907 quare
708 853 873 906 unoquoque
887 834 949 891 loco
958 855 973 889 a
983 835 1115 892 Codicum
1126 840 1280 895 auctoritate
1288 841 1343 893 cele

288 927 389 996 pendet
405 925 491 979 lectio.
529 922 558 976 in
579 925 656 977 Verr.
672 921 692 990 l,
712 926 757 990 18,
774 927 809 977 di
827 924 899 990 (Act.
917 923 962 992 il.)
981 944 1078 978 manue
1094 926 1192 995 impiae
1209 944 1243 977 ac
1259 930 1343 982 sacri-

287 1013 365 1085 legae
383 1014 540 1085 afferre,
558 1012 593 1065 ib.
612 1009 658 1078 ill,
678 1015 722 1076 24,
741 1014 789 1065 uu:
807 1011 945 1084 equitihue
963 1014 1092 1066 Romanis
1105 1031 1246 1066 -manue
1263 1014 1299 1065 ab
1312 1044 1343 1055 -

287 1101 341 1152 ieta
360 1129 390 1141 -
410 1098 605 1168 afferebantur.
642 1098 725 1167 Quod
742 1118 804 1151 reru
816 1118 902 1171 aeque
920 1101 990 1154 bene
1008 1102 1107 1156 dicitur
1124 1120 1142 1153 a
1146 1101 1269 1172 fferre
1287 1118 1347 1153 mc-

288 1204 352 1237 num
370 1198 396 1240 et
413 1188 551 1259 inferre
571 1204 694 1252 manum,
713 1185 740 1238 id
758 1187 832 1257 apud
854 1186 921 1240 atio·
943 1188 1087 1260 teriptoree
1101 1188 1132 1243 iit
1148 1189 1228 1242 etiam
1247 1189 1276 1241 in
1289 1188 1346 1243 lar·

289 1273 369 1326 mulis
384 1274 540 1348 adiicere
560 1284 712 1328 manumet
736 1275 883 1327 iniicere
910 1292 1033 1342 manum,
1060 1293 1191 1348 apponere
1215 1287 1242 1332 et
1261 1276 1345 1348 impa-

289 1378 351 1412 nere
369 1380 483 1418 manum.
519 1362 579 1415 Mr.

373 1449 564 1521 Quamcunque
594 1453 622 1500 iu
653 1451 757 1501 domum
783 1459 909 1518 stuprum
938 1451 1105 1521 intulerint,]
1135 1451 1201 1504 cod.
1232 1449 1291 1504 Cre.
1318 1455 1343 1505 1.

289 1553 465 1608 quecunque
482 1537 511 1587 in
531 1537 639 1596 domem
668 1538 697 1587 in
715 1536 812 1588 omittit
830 1536 912 1590 Drsd.
931 1540 963 1603 33
991 1535 1064 1593 Gud.
1082 1539 1114 1591 Α.
1143 1538 1222 1594 hahet
1250 1551 1284 1592 et
1307 1542 1343 1592 in

289 1641 475 1696 quamcunque
488 1624 608 1684 dumum5
626 1622 767 1676 021.E.1.
786 1634 812 1677 et
825 1623 879 1677 duo
899 1623 973 1677 Atdi=
991 1635 1027 1676 et
1045 1644 1239 1698 quamcunque,
1258 1627 1343 1698 Ox-q.

288 1720 586 1780 quantumcunque3
606 1713 665 1762 Cri.
684 1714 710 1762 2.
728 1711 853 1778 παρή,
882 1709 963 1764 Βτιά.
983 1714 1008 1766 1.
1027 1712 1151 1765 intulerit
1160 1734 1169 1775 ,·
1200 1713 1347 1769 hebetEd.

288 1797 369 1850 Hdlb.
394 1818 413 1849 s.
432 1797 448 1848 Ι.
468 1807 493 1849 et
511 1815 535 1849 a.
554 1798 741 1852 intulerunt.
776 1796 847 1848 'i'um
876 1798 1002 1852 scribitur
1024 1799 1111 1850 labem
1134 1819 1206 1864 ecee,
1240 1801 1345 1857 iuvem

288 1885 385 1938 ordine
403 1885 430 1936 in
453 1883 539 1937 Codd.
561 1883 695 1940 Cre.1.2.
715 1884 795 1936 Drsd.
807 1888 832 1938 1.
842 1888 869 1939 3.
886 1896 913 1940 et
930 1886 979 1938 Ed.
999 1887 1060 1940 Asc.
1080 1890 1168 1948 1511‚·
1188 1888 1214 1940 iu
1232 1887 1311 1942 Drsd.
1320 1892 1345 1943 1.

288 1972 387 2044 legitur
403 1972 513 2024 eandem
532 1990 588 2025 eece
607 1971 783 2039 libidinem,
808 1973 836 2027 in
857 1973 937 2028 Drsd.
956 1979 982 2029 4.
1009 1974 1095 2027 labem
1113 1976 1266 2045 pudoris.
1302 1976 1344 2029 Ad

288 2061 444 2114 sententiam
465 2059 571 2114 confert
588 2058 671 2130 Borg.
690 2060 746 2114 Cic.
765 2080 816 2133 pro
836 2060 929 2116 Caelio
944 2066 987 2128 18,
1005 2068 1056 2117 42:
1081 2083 1113 2114 ne
1131 2064 1299 2117 incurrat
1316 2065 1345 2117 in

289 2149 404 2200 alteriue
421 2149 526 2200 domum
544 2158 628 2219 utque
640 2148 791 2218 familiam.
827 2150 887 2204 Mr.
1076 2150 1078 2156 '

359 2237 479 2288 Eandem
499 2255 556 2289 ecee
580 2237 667 2288 lahem
685 2237 816 2307 lihidinis]
863 2239 970 2304 „habes
989 2239 1014 2292 h.
1034 2240 1051 2291 l.
1079 2240 1176 2292 dicitur
1202 2240 1345 2313 nectentis,

291 2344 346 2378 non
365 2325 436 2392 eiue,
456 2326 483 2377 in
503 2342 584 2397 quem
603 2337 737 2396 peccatur.
782 2325 829 2380 Eut
856 2327 929 2380 enim
949 2327 1005 2378 labi
1023 2328 1149 2393 verbum,
1175 2328 1247 2400 quod
1266 2346 1344 2383 mutu

290 2411 385 2472 morali
403 2413 468 2467 item
487 2422 562 2467 notet
582 2432 711 2483 peccare,
728 2433 834 2481 errare,
853 2412 927 2469 unde
946 2414 1040 2483 lapsus
1059 2426 1097 2468 est
1116 2434 1192 2468 error
1203 2426 1230 2469 et
1246 2434 1344 2488 pecca-

288 2513 361 2566 tum,
380 2499 577 2566 indecentem,
596 2501 616 2553 si
636 2521 685 2572 per
703 2501 807 2573 lapsum
826 2514 853 2556 et
872 2513 1012 2574 peccatum
1032 2503 1107 2572 quasi
1122 2502 1225 2556 macule
1240 2515 1344 2557 etcou·

289 2588 428 2642 ruminatio
446 2588 590 2658 suscipitur
605 2606 620 2640 e
640 2591 797 2659 peccantc.“
813 2590 919 2661 Wyrt.
966 2592 1081 2661 „Aeque
1097 2608 1207 2659 peccare
1232 2609 1260 2642 ee
1278 2603 1344 2644 etc.:

287 2677 348 2729 Hoc
367 2686 555 2746 argumentum
575 2687 613 2729 est
633 2675 719 2728 fallax.
753 2676 877 2730 Primum
903 2678 991 2745 enirn,
1016 2676 1122 2749 siquid
1146 2689 1184 2730 est
1208 2676 1272 2730 utile
1298 2696 1344 2730 so-

288 2765 377 2819 cietati
396 2763 552 2828 hominum,
573 2782 627 2815 non
647 2773 736 2816 temen
755 2763 887 2817 continuo
906 2782 997 2817 verum
1016 2774 1066 2817 est:
1085 2764 1162 2818 multi
1181 2765 1253 2817 euim
1268 2784 1341 2817 erro·

289 2872 332 2906 res
356 2851 438 2905 semei
467 2850 566 2922 recepti
590 2850 680 2903 utilius
705 2861 858 2917 servantur,
888 2870 969 2923 quam
996 2851 1180 2924 corriguntur.
1229 2851 1342 2916 Deinde,

288 2940 341 2994 hoc
359 2950 548 3010 argumentum
567 2948 605 2993 eet
623 2936 806 3008 α’ντιστρέφον,
827 2956 855 2992 ee
875 2950 1047 3006 convertens,
1076 2949 1164 3012 potest
1181 2938 1210 2990 iu
1233 2950 1343 2992 contra-

289 3030 360 3081 rium
380 3026 458 3081 verti:
477 3046 498 3079 v.
517 3046 540 3081 c.
559 3026 655 3099 aliquis
672 3027 810 3094 deliberet,
830 3027 981 3099 prodamne
999 3025 1138 3101 petriam?
1156 3026 1262 3093 faciam,
1279 3046 1341 3079 nem

289 3135 346 3169 non
365 3116 449 3169 maius
472 3127 510 3168 est
538 3114 589 3169 hoc
615 3126 771 3186 peccatum,
800 3134 882 3187 quam
906 3112 928 3168 ei
954 3134 1009 3169 uuo
1034 3114 1117 3169 ebolo
1141 3115 1245 3169 socium
1268 3114 1342 3169 deci-

289 3204 389 3275 piamt‘
426 3202 532 3275 Wytt.
900 3260 903 3265 ,

361 3290 471 3343 Nihilne
489 3290 576 3360 igitur
593 3290 730 3358 interest]
756 3290 860 3358 „Quod
886 3288 912 3345 h.
929 3291 948 3343 i.
973 3288 1070 3344 Cicero
1095 3289 1145 3343 sibi
1170 3286 1341 3343 obiicientem

286 3378 365 3450 fingit
381 3375 576 3442 edvermrium,
595 3394 657 3428 eum
675 3376 763 3429 statim
781 3377 961 3443 relutnturue,
978 3376 1007 3428 id
1024 3376 1113 3446 ipsum
1132 3374 1227 3429 irridet
1244 3385 1339 3430 contre

286 3465 421 3520 Catonem
440 3482 490 3534 pro
507 3462 621 3515 Murena
641 3462 780 3533 disputans
798 3481 821 3515 c.
841 3466 892 3529 19,
911 3480 1077 3533 quamquam
1096 3459 1227 3513 Catonem
1240 3456 1341 3515 ¹auctu-

285 3555 363 3606 ribus
382 3550 565 3604 eruditissimis
581 3549 723 3603 inductum
742 3549 880 3604 concedit:
903 3550 985 3619 paria
1008 3565 1064 3599 esee
1084 3546 1158 3614 [dixit
1175 3547 1261 3615 Zeno]
1277 3566 1342 3618 pec-

287 3651 353 3693 cata
372 3641 476 3693 omnia.-
504 3656 578 3690 omne
596 3637 722 3690 delictum
740 3638 827 3690 scelus
854 3654 911 3690 eece
929 3635 1085 3707 nefarium:
1110 3653 1157 3686 nec
1180 3635 1268 3688 minuc
1295 3638 1341 3687 de-

286 3731 407 3800 linquere
434 3744 509 3789 cum,
537 3728 585 3798 qui
610 3727 715 3797 gallum
739 3726 938 3798 gallinaceum,
970 3741 1053 3795 quum
1076 3739 1144 3791 opus
1168 3742 1220 3774 nun
1238 3723 1339 3794 suerit,

287 3835 368 3891 quam
387 3834 461 3872 cum,
479 3815 526 3885 qui
541 3825 648 3884 patrem
666 3813 869 3885 suffocaverint⁴
887 3813 978 3885 Xyet.
997 3809 1186 3864 Betuleius.
1222 3810 1278 3863 Pro
1296 3813 1340 3864 ni-

287 3906 360 3957 hilne
379 3902 447 3957 Cod.
466 3901 516 3956 Or.
534 3902 555 3956 l.
574 3901 653 3955 habet
670 3903 842 3965 nihilnum5
862 3900 913 3955 Ox.
932 3901 965 3953 N.
993 3899 1094 3951 nihilne
1114 3899 1239 3970 facere
1261 3917 1338 3966 pos-

287 4009 420 4048 sumue,
437 3991 573 4043 nihilne
591 4021 640 4055 —,
672 3988 722 4043 Or.
741 4010 769 4053 ψ.
791 3990 893 4041 nihilne
915 3987 1125 4060 nurusacile
1142 4003 1337 4057 poscumus,

287 4078 337 4133 Ox.
345 4079 365 4132 Ι.
375 4080 448 4151 (poet
456 4079 599 4139 nihilnumi
608 4079 706 4152 pergit:
712 4081 836 4152 secere
842 4078 1013 4151 passimus
1023 4076 1110 4147 igitur
1116 4074 1236 4134 interest,
1247 4069 1297 4123 Ox.
1303 4069 1337 4122 N.

285 4172 357 4239 (post
375 4167 517 4237 repetitum
547 4168 661 4233 nihilne)
686 4186 750 4220 non
779 4166 899 4240 facile
923 4182 1065 4235 parcum
1092 4164 1203 4213 interest
1234 4158 1336 4227 igitur5

286 4255 366 4309 Dred.
385 4259 411 4310 3.
430 4255 531 4307 nihilne
554 4274 618 4307 non
633 4255 754 4327 facile
769 4273 873 4324 posse
892 4253 979 4324 igitur
996 4252 1126 4310 interest;
1151 4244 1210 4297 Cre.
1229 4248 1253 4296 2.
1285 4244 1338 4294 Ni-

285 4342 372 4394 chilne
390 4362 453 4395 non
469 4360 601 4411 possem
614 4341 839 4412 facileigitur
863 4341 976 4391 interest
1001 4356 1044 4388 an
1061 4333 1195 4387 nullum
1211 4341 1336 4400 patra-

285 4440 370 4492 tum,
400 4428 490 4500 quod
513 4448 575 4480 non
598 4428 712 4495 possit
733 4427 897 4494 facilius
916 4425 1010 4494 fieri
1036 4441 1099 4475 num
1125 4420 1173 4470 hoc
1199 4419 1334 4471 diceret
