3450 5342
342 626 364 697 2
670 644 842 692 rananoxa
871 642 1065 689 srorconuu.

343 818 594 901 rogatiunculis,
631 817 724 896 quasi
758 814 903 896 punctis,
939 811 1028 893 quod
1062 809 1253 891 proposuit,
1288 810 1397 874 allicit.

344 954 408 1021 Sed
436 955 515 1019 nibil
547 959 597 1017 est
627 958 693 1017 tam
720 948 930 1024 incredibile,
964 946 1054 1027 quod
1080 962 1148 1008 non
1174 945 1319 1009 dicendo
1345 946 1396 1010 bat

341 1091 531 1173 probabile:
574 1088 654 1152 nibil
681 1092 749 1151 tarn
774 1086 964 1161 borridum,
997 1087 1064 1146 tam
1096 1082 1273 1158 incultum,
1309 1084 1394 1162 qnod

342 1245 410 1294 non
430 1224 635 1309 splendescat
656 1223 807 1288 oratione
826 1224 858 1284 ct
876 1224 1045 1299 tamquam
1062 1218 1242 1282 excolatur.
1298 1215 1394 1294 Quod

343 1380 418 1427 curn
444 1363 490 1426 ita
515 1364 675 1441 putarem,
702 1358 765 1422 ieci
791 1357 889 1422 eliam
917 1353 1085 1431 audacius,
1110 1369 1210 1434 quam
1234 1352 1292 1416 ille
1317 1352 1393 1434 ipse,

343 1496 384 1561 dc
412 1515 478 1579 quo
506 1498 635 1577 loquor.
693 1492 775 1561 Cato
804 1494 894 1557 enim
918 1492 1079 1556 duntaxat
1104 1487 1146 1551 de
1170 1488 1394 1569 magnitudine

343 1632 462 1709 animi,
489 1630 530 1695 de
555 1630 774 1706 continentia,
799 1629 841 1693 de
868 1631 992 1703 morte,
1019 1627 1060 1689 de
1086 1626 1178 1690 omni
1202 1626 1303 1690 laude
1329 1628 1392 1689 vir-

343 1766 430 1843 tutis,
458 1766 499 1831 dc
526 1766 586 1830 diis
613 1766 864 1843 immortalibus,
891 1762 932 1827 de
958 1763 1093 1827 caritate
1122 1762 1260 1843 patriae,
1288 1760 1392 1826 Stoice

343 1905 436 1980 solet,
462 1904 616 1967 oratoriis
637 1902 839 1967 ornamentis
860 1899 1025 1977 adhibitis,
1052 1896 1171 1962 dicere.
1221 1895 1296 1976 Ego
1315 1912 1392 1959 vero

343 2038 400 2099 illa
419 2038 501 2117 ipsa,
528 2053 613 2115 quae
639 2037 696 2099 vix
721 2036 755 2099 in
782 2034 959 2115 gymnasiis
986 2038 1019 2099 et
1044 2036 1078 2099 in
1102 2035 1172 2098 otio
1192 2032 1295 2098 Stoici
1316 2051 1391 2117 pro·

343 2173 439 2248 bant,
473 2170 588 2235 ludens
611 2172 738 2254 conjeci
763 2173 796 2234 iu
822 2188 1014 2235 communes
1041 2172 1157 2235 locos·
1197 2169 1294 2249 Quae
1303 2170 1392 2272 ‚quia

343 2312 419 2370 sunt
454 2307 661 2371 admirabilia
693 2312 874 2389 contraque
912 2309 1104 2390 opinionem
1142 2308 1311 2385 omnium,
1352 2307 1390 2370 ab

342 2443 421 2523 ipsis
443 2442 543 2506 etiam
565 2425 766 2539 παράδοξα
791 2445 1016 2526 appellantur;
1041 2446 1168 2508 tentare
1188 2444 1291 2519 volui,
1318 2460 1391 2525 pos·

263 2620 274 2631 κ
343 2582 457 2641 sentne
481 2577 624 2659 prolerri
647 2579 681 2643 in
705 2580 822 2657 lucem,
849 2579 963 2658 idest,
989 2579 1022 2642 in
1048 2577 1168 2657 lorum,
1194 2583 1227 2642 et
1251 2579 1297 2643 ita
1321 2579 1390 2655 dici,

342 2718 379 2778 ut
408 2713 644 2795 probarentur,
681 2734 724 2781 an
757 2718 822 2782 alia
848 2717 1012 2797 quaedam
1038 2717 1124 2778 esset
1149 2713 1296 2791 erudita,
1330 2715 1391 2779 alia

342 2851 511 2931 popularis
538 2851 663 2916 oratio:
698 2869 806 2931 eoque
839 2850 956 2930 scripsi
986 2850 1156 2928 libentius,
1192 2851 1284 2931 quod
1313 2850 1390 2917 mibi

340 2983 412 3060 ista,
437 2968 639 3079 παράδοξα
667 3004 752 3065 quaa
778 2986 954 3067 appellant,
979 2971 1125 3052 maxime
1147 2985 1300 3053 videntur
1321 3006 1390 3055 asse

340 3117 509 3186 Socratica
532 3121 696 3200 longeque
715 3121 898 3185 verissima.
947 3122 1098 3204 Accipies
1114 3124 1213 3204 igitur
1230 3124 1298 3189 boo
1315 3143 1390 3207 par-

340 3271 419 3319 vum
453 3257 667 3336 opusculum,
703 3257 910 3323 lucubratum
943 3258 994 3324 bis
1020 3260 1091 3342 jam
1118 3261 1390 3327 contractioribus

340 3389 508 3455 noctibus:
536 3391 693 3473 quoniam
718 3394 799 3458 illud
822 3396 987 3463 maiorum
1009 3398 1194 3480 vigiliarum
1216 3417 1338 3467 munus
1359 3402 1391 3467 in

339 3527 397 3589 tuo
430 3525 566 3591 nomine
595 3529 765 3609 apparuit:
799 3533 832 3595 et
858 3530 1045 3612 degustabis
1070 3550 1172 3614 genus
1201 3534 1268 3601 boc
1293 3554 1391 3603 exer·

339 3660 531 3725 citationum
557 3679 682 3741 earum,
709 3665 827 3745 quibus
853 3668 899 3731 uti
926 3669 1094 3748 consuevi,
1118 3687 1195 3734 cum
1220 3689 1273 3751 ea,
1306 3689 1392 3755 quae

338 3793 490 3864 dicuntur
515 3795 549 3860 in
581 3798 703 3863 sobolis
734 3790 902 3885 θετικά,
935 3805 978 3870 ad
1010 3810 1161 3871 nostrum
1185 3807 1253 3873 hoc
1276 3812 1393 3875 orato·

336 3929 422 3994 rium
457 3932 620 3997 transfero
655 3934 784 4002 dicendi
816 3954 930 4019 genus.
991 3940 1062 4007 Hoc
1094 3945 1206 4007 lamen
1239 3960 1326 4025 opus
1359 3946 1395 4011 in

336 4069 508 4146 acceptum
537 4073 572 4130 ut
597 4069 740 4150 reseras,
766 4073 847 4139 nibil
873 4078 1023 4157 postulo:
1056 4081 1200 4143 nonest
1225 4078 1332 4159 onim,
1357 4084 1395 4145 ut

336 4194 372 4260 in
397 4215 473 4263 arce
499 4203 578 4283 poni
607 4206 729 4285 possit,
763 4210 858 4287 quasi
884 4210 942 4275 illa
966 4211 1116 4279 Minerva
1141 4213 1297 4282 Phidiae:
1331 4216 1393 4283 sed

335 4330 462 4409 tamen,
487 4340 524 4398 ut
550 4353 592 4400 ex
618 4336 735 4404 eadem
761 4340 896 4409 officina
921 4344 1031 4411 exisse
1055 4354 1224 4430 appareat
