3450 5342
334 650 410 723 200
649 664 822 712 rsuinoxi
852 662 1047 710 sroisonnu.
1116 678 1119 684 ·

335 831 501 894 Cornificius,
520 826 686 898 rogationem
702 834 799 886 tamen,
817 822 843 875 id
863 832 902 875 est
915 821 1083 892 privilegium
1103 823 1131 875 in
1152 820 1293 888 Clodium,
1312 823 1388 893 ipsius

335 910 552 977 familiarissimis
570 914 629 969 tulit
646 912 684 966 M.
704 911 774 964 Piso.
810 909 908 963 Totam
927 908 996 963 hanc
1015 928 1072 962 reru
1092 908 1189 964 Cicero
1204 908 1334 981 patefacit
1343 908 1389 980 Ep.

335 1010 404 1063 Xlll.
419 1008 464 1061 lib.
482 1005 502 1059 Ι.
522 1004 555 1058 ad
574 1006 627 1056 An.
646 1001 685 1055 his
704 999 801 1053 verbis:
832 999 914 1051 endo
944 1009 971 1049 te
989 998 1112 1062 audisse,
1143 1016 1203 1050 cum
1228 998 1310 1067 opud
1327 1002 1388 1050 Coe

335 1114 422 1151 sorem
438 1114 487 1167 pro
504 1091 603 1163 populo
614 1091 712 1159 fieret,
731 1089 835 1140 venisse
854 1104 888 1138 es
905 1085 1028 1139 muliebri
1053 1086 1155 1139 vestitu
1181 1086 1289 1149 uirum,
1313 1085 1387 1156 idque

335 1183 499 1255 sacraficium
516 1198 576 1232 cnm
593 1178 710 1248 virgines
728 1177 946 1239 instauramur,
970 1176 1126 1226 mentionem
1151 1192 1169 1224 n
1195 1176 1229 1244 Q.
1249 1173 1386 1242 Cornificio

335 1274 479 1325 instruatu
493 1268 613 1339 sustam.
650 1268 681 1316 Is
693 1264 757 1334 suit
772 1263 913 1332 princeps:
937 1281 970 1315 nc
986 1273 1018 1314 tu
1032 1263 1110 1334 forte
1131 1262 1251 1333 aliquem
1271 1271 1386 1314 nostrum

333 1370 424 1428 putes.
467 1356 501 1410 Et
519 1355 603 1408 inlras
633 1357 668 1404 In
693 1352 745 1402 lino
766 1369 850 1403 consu
867 1351 947 1415 Piso,
975 1350 1098 1402 amicitia
1124 1352 1155 1404 P.
1177 1349 1267 1402 clodii
1287 1349 1386 1411 duetus,

337 1460 444 1516 operum
462 1443 526 1507 dat,
545 1451 577 1492 ut
594 1456 628 1492 en
646 1439 767 1510 rogatio,
786 1455 869 1510 qnam
886 1438 943 1507 ipss
954 1437 1026 1508 sert,
1043 1447 1070 1488 et
1084 1437 1146 1508 fert
1164 1455 1200 1488 ee
1218 1439 1246 1490 S.
1269 1439 1299 1491 C.
1316 1445 1343 1487 et
1359 1435 1386 1483 ds

337 1532 479 1603 religione.
496 1529 664 1599 antiquetur.
713 1525 794 1593 Quod
819 1537 909 1579 autem
936 1525 1095 1593 Cornificius
1120 1540 1175 1577 esse
1202 1523 1232 1576 in
1257 1522 1386 1594 plerisque

338 1618 468 1672 veteribus
485 1615 560 1669 libris
576 1613 658 1667 iidem
677 1612 785 1680 dicunt,
809 1612 934 1667 incidisse
960 1623 1063 1666 constet
1081 1632 1127 1666 eos
1144 1612 1171 1664 in
1191 1612 1280 1665 libros
1297 1630 1384 1682 parum

338 1706 504 1759 emendatos:
523 1722 585 1756 narn
603 1701 687 1756 nostri
707 1700 816 1772 quidem
835 1699 974 1755 Cornificii
988 1719 1088 1754 nomen
1107 1719 1163 1753 non
1175 1698 1304 1753 babent.“
1322 1698 1384 1752 ΑΜ.

338 1791 424 1845 Mau.
461 1792 522 1858 „De
540 1789 590 1844 hac
608 1788 695 1843 Clodii
714 1789 747 1841 de
765 1788 868 1843 incestu
888 1808 984 1854 causa,
1015 1789 1145 1860 quodque
1162 1789 1301 1860 corruptis
1324 1786 1385 1839 iudi·

339 1881 413 1932 cibus
437 1878 573 1932 absolutus
599 1879 640 1943 sit,
672 1876 830 1930 Plutarchus
855 1879 884 1930 in
907 1879 968 1931 Vita
987 1875 1126 1930 Ciceronis
1153 1876 1233 1947 plura
1261 1874 1385 1945 scripsit.‘¹

339 1968 360 2019 F
368 1987 411 2021 rc.
429 1966 519 2038 Sylv.
558 1967 657 2034 [Locus
676 1963 813 2017 Plutarchi
831 1972 870 2017 est
888 1984 911 2017 c.
931 1966 986 2032 22]

409 2054 649 2106 Familiarissimus
667 2062 733 2104 tuus
752 2080 785 2090 -·-
804 2051 955 2119 exsulares]
992 2051 1084 2118 „llaec
1107 2062 1147 2104 est
1171 2050 1218 2103 illa
1243 2050 1273 2102 in
1303 2047 1386 2120 primis

339 2142 439 2195 famosa
458 2161 535 2195 causa
555 2141 656 2206 Clodii,
685 2140 732 2212 qui
750 2150 876 2210 opertum
893 2140 986 2193 Bonae
1003 2139 1077 2193 Deae
1095 2148 1259 2203 accesserat,
1288 2139 1305 2191 i.
1325 2157 1346 2190 e.
1362 2137 1385 2188 in

339 2246 445 2282 sacrum
465 2240 563 2283 tectum
583 2239 609 2281 et
627 2228 688 2280 viris
706 2227 890 2298 praeclusum:
908 2227 980 2299 quod
1000 2246 1106 2280 uorum
1124 2227 1243 2298 agebant
1254 2237 1385 2277 matronae

339 2317 477 2370 Romanae
494 2316 523 2369 in
541 2316 670 2370 honorem
691 2314 783 2368 Bonae
801 2314 882 2382 dese,
900 2315 947 2367 ubi
960 2314 1140 2387 deprehensus
1157 2325 1185 2367 et
1196 2314 1294 2368 eiectus
1304 2323 1386 2384 postea

340 2415 478 2458 accusatus
496 2414 523 2457 et
542 2403 672 2457 iudicatus
690 2415 741 2468 est,
774 2403 819 2456 sed
837 2403 971 2458 iudicibus
990 2403 1132 2474 largitione
1156 2403 1294 2473 corruptis
1316 2401 1386 2453 abso·

341 2490 419 2545 lutus.
457 2492 519 2560 Qua
539 2491 573 2544 de
591 2511 620 2544 rs
639 2490 796 2544 Plutarchus
813 2490 842 2544 in
862 2492 930 2545 Vitis
948 2493 1068 2546 Caesaris
1086 2502 1111 2544 et
1130 2488 1287 2556 Ciceronis,
1305 2497 1330 2541 et
1344 2486 1385 2539 Ci-

332 2598 404 2633 ·cero
421 2599 509 2650 saepe.
546 2579 654 2633 Dicitur
672 2590 761 2632 autern
780 2579 956 2650 Privilegium
975 2578 1023 2646 les,
1043 2598 1112 2651 quac
1131 2578 1158 2630 in
1178 2598 1262 2631 unam
1277 2589 1385 2631 tantum·

342 2667 423 2720 modo
439 2686 547 2721 causam
566 2668 666 2734 fertur,
694 2677 721 2720 et
748 2679 894 2739 usurpatur
919 2678 975 2721 tuns
1003 2669 1076 2721 bono
1096 2687 1178 2738 quam
1204 2667 1277 2719 malo
1302 2682 1384 2718 seusu:

342 2755 420 2808 veluti
440 2754 464 2808 h.
483 2755 499 2808 l.
518 2767 556 2810 est
580 2755 651 2809 malo
669 2775 747 2809 sensu
766 2756 805 2808 lex
832 2757 885 2810 latu
903 2757 936 2810 da
956 2756 1052 2810 Clodio
1078 2754 1235 2810 indicando.
1283 2753 1314 2807 ln
1332 2770 1384 2805 ors·

342 2845 413 2898 tione
431 2855 519 2897 autern
538 2843 676 2897 Ciceronis
693 2859 743 2914 pro
760 2844 819 2914 lege
837 2844 948 2898 Manilia
968 2845 1076 2917 proprie
1095 2864 1151 2897 non
1168 2845 1259 2914 agitur
1277 2843 1311 2895 de
1327 2841 1385 2910 tege.

341 2932 386 2985 sed
404 2932 437 2984 de
456 2931 606 3003 privilegio,
637 2950 692 3001 quo
716 2932 860 3001 imperium
889 2933 950 2986 belli
976 2933 1149 2987 Mithridatici
1177 2932 1207 2986 in
1236 2929 1385 3002 Pompeium

342 3020 499 3074 deferretur.
535 3017 619 3088 lgitur
631 3017 684 3070 b.l.
701 3029 774 3072 recte
793 3020 836 3070 lex
854 3023 1007 3087 communis,
1026 3042 1094 3093 quae
1112 3021 1236 3074 universe
1256 3022 1285 3074 in
1302 3034 1385 3071 ornnes

343 3105 426 3170 valet,
445 3105 616 3176 distinguitur
633 3125 648 3158 a
664 3107 821 3178 privilegio,
841 3109 914 3178 quod
934 3111 960 3163 in
981 3110 1117 3163 hominem
1137 3121 1289 3163 certumst
1312 3122 1383 3161 unam

343 3209 448 3246 causam
468 3195 579 3247 fertur.“
598 3195 637 3246 W
643 3194 841 3265 yttenbach.
887 3198 942 3251 Pro
955 3198 1193 3268 familiarissimus
1214 3208 1254 3250 est
1266 3193 1386 3267 familia-

343 3285 381 3334 ris
399 3283 426 3334 in
445 3281 513 3336 cod.
532 3282 590 3337 Cra.
608 3285 634 3336 2.
671 3283 783 3337 Psavam
802 3285 915 3356 glossam
937 3288 1095 3355 Cornificius
1114 3296 1175 3357 post
1192 3296 1260 3337 tuus
1279 3303 1294 3336 e
1310 3277 1385 3334 Codd·

344 3370 439 3423 nostris
455 3371 534 3425 habet
552 3372 653 3426 nullus:
683 3372 728 3425 scil
747 3371 845 3426 habent
863 3373 930 3426 Edu.
948 3375 1009 3429 Par.
1029 3394 1049 3428 s.
1067 3393 1089 3426 a.
1106 3374 1193 3428 Sullr.
1218 3374 1290 3427 Petr.
1306 3371 1384 3423 tterw.

343 3461 448 3512 Camcr.
467 3463 575 3513 Ascens.
594 3464 673 3515 1⁵11.
692 3459 794 3514 Sturm.
813 3472 839 3514 ct
857 3462 941 3514 Paris.
961 3465 1038 3516 1⁵43.
1058 3488 1092 3499 -
1120 3458 1161 3512 Ad
1182 3480 1205 3512 v.
1224 3457 1385 3530 privilegium

343 3546 393 3600 vid.
411 3547 516 3602 Schiitn.
537 3549 596 3603 Lex.
613 3549 669 3603 Cic.
690 3550 715 3606 b.
734 3570 770 3613 v.;
799 3551 858 3603 Lex.
878 3550 959 3603 lurid.
979 3570 1008 3601 es
1034 3549 1152 3603 Brisson.
1172 3546 1285 3602 Hotom.
1301 3541 1385 3598 Pratei

343 3635 385 3689 all.
404 3657 432 3708 p.
452 3638 504 3692 911
523 3657 562 3709 sq.
587 3638 703 3691 Barnab.
720 3638 839 3691 Brisson.
865 3639 898 3691 dc
917 3638 1019 3691 Verbb.
1046 3635 1143 3707 Signis.
1169 3656 1198 3706 p.
1217 3638 1271 3689 858
1289 3652 1329 3704 sq.
1352 3627 1385 3683 etl·

344 3723 414 3776 ltter.
435 3722 558 3775 Dirlisen.
577 3724 704 3777 Manuale
727 3726 833 3781 Latinit.
856 3725 973 3779 sontium
993 3724 1046 3779 lur.
1068 3723 1124 3776 civ.
1151 3723 1262 3775 Romtn.
1283 3741 1309 3792 p.
1326 3721 1386 3776 ¹1⁰2·

343 3809 425 3861 eiusd.
448 3809 516 3862 Krit.
541 3809 566 3861 d.
584 3811 640 3862 Xll.
669 3810 746 3863 Tafel
771 3812 908 3882 Fragmm.
936 3833 962 3884 p.
982 3815 1146 3868 titt-titt).
1184 3811 1205 3865 l.
1230 3811 1262 3864 N.
1286 3801 1386 3861 Funcdi

343 3895 423 3966 Legg.
443 3895 499 3949 ΧΗ.
517 3896 603 3950 Tabb.
623 3918 649 3969 p.
666 3901 827 3955 318-383,
848 3928 883 3938 ·-
902 3902 957 3954 Pro
975 3901 1131 3953 accessisses
1149 3900 1177 3953 ln
1197 3898 1268 3955 cod.
1288 3891 1388 3951 Gutt-

344 3993 381 4035 est
398 3983 588 4038 adscendisses.
626 3986 699 4038 lilern
718 3987 807 4057 paullo
825 3990 948 4060 superius
965 3989 1045 4043 habet
1058 3987 1200 4059 proferam
1212 4007 1266 4060 pro
1280 3984 1388 4057 proserv-

342 4073 384 4124 Ad
405 4092 461 4125 rem
480 4085 571 4133 monet
591 4074 660 4128 ilud.
677 4075 806 4129 Talaeus:
824 4079 849 4129 A
870 4078 962 4132 Bonae
980 4079 1055 4131 Deae
1073 4077 1154 4130 sacris
1173 4095 1231 4129 non
1253 4074 1334 4129 modo
1348 4066 1386 4121 titi

343 4162 568 4231 prohibebantur,
597 4164 642 4216 scd
670 4164 749 4216 etiam
774 4165 894 4236 picturae
913 4179 958 4221 eut
985 4176 1085 4220 statuae
1107 4164 1212 4230 viriles,
1240 4167 1263 4219 si
1283 4178 1350 4237 quae
1365 4160 1386 4212 in

343 4250 452 4304 aedibus
467 4263 565 4317 essent,
587 4253 753 4322 tegebantur.
796 4254 907 4308 Clodius
927 4267 1018 4310 autem
1045 4253 1164 4321 iurauit,
1181 4262 1280 4327 ceptus
1307 4267 1387 4307 amore

344 4334 520 4410 Calpurniae,
549 4354 654 4412 sumpta
684 4353 752 4396 veste
781 4342 904 4397 muliebri
933 4345 960 4398 in
986 4343 1051 4397 banc
1069 4360 1145 4397 sacra
1172 4342 1270 4397 furtim
1296 4343 1388 4411 ingres·

343 4443 386 4476 sus
403 4439 449 4480 est.
485 4428 544 4482 ΜΓ.
