3450 5342
337 639 386 713 80
663 656 834 707 rrrrnoxt
863 654 1056 731 erorooeort.

337 835 487 895 perituram
510 820 638 883 effecerit,
656 837 707 890 qua
727 836 838 888 magnae
856 817 905 871 eibi
920 835 985 887 oper
1003 825 1092 886 portet
1109 817 1306 885 compararit.“
1324 814 1388 868 Mu·

337 923 442 973 retus,
462 910 538 962 Varr.
556 908 637 961 Leett.
649 906 693 973 ΙΙΙ,
712 910 738 960 5.
757 925 784 976 p.
799 908 831 958 51
843 924 882 975 sq.
898 902 1003 957 Ruunt.
1019 904 1050 956 T.
1061 903 1093 957 ΙΙ.
1113 900 1193 957 Conf.
1211 902 1386 958 Winclel-

337 1017 448 1051 mano.
468 994 564 1050 Gerch.
584 995 609 1047 d.
627 993 724 1047 Kunet.
742 992 871 1063 llereusg.
891 1012 913 1042 v.
933 991 1055 1063 Meyer
1071 1011 1096 1044 ιι.
1115 989 1281 1047 Schulue.
1298 991 1331 1043 T.
1349 991 1385 1043 ΙΙΙ.

337 1106 362 1154 p.
381 1088 442 1139 135.
461 1094 487 1137 et
504 1093 607 1136 annott.
627 1101 653 1153 p.
672 1084 736 1136 431.
770 1081 791 1134 Ι.
807 1079 837 1133 F.
851 1077 982 1133 Christ.
1001 1078 1070 1134 Aht.
1091 1079 1385 1133 remeationem.

335 1173 360 1224 (Ι,
378 1170 475 1224 Altrtfr.
502 1191 527 1242 p.
546 1174 597 1226 142
617 1190 657 1241 eq.
675 1190 700 1240 p.
720 1172 782 1224 195.
824 1166 843 1219 Ι.
861 1166 895 1221 Α.
913 1167 1049 1221 Ernesti
1078 1164 1220 1221 tranent.
1241 1166 1303 1221 Litt.
1322 1177 1385 1221 auct.

336 1281 350 1312 a
368 1258 404 1312 G.
422 1258 455 1310 ΙΙ.
472 1258 629 1323 Martini,
650 1277 676 1327 p.
694 1261 739 1311 22.
756 1268 783 1310 et
802 1277 827 1327 p.
846 1259 905 1311 288.
949 1254 984 1311 K.
1003 1253 1039 1309 O.
1056 1252 1195 1307 Miiller.
1231 1240 1345 1309 ἨειιΙΙΙ).
1364 1254 1384 1305 d.

337 1347 478 1401 Archaeol.
494 1346 521 1399 tl.
540 1346 637 1399 Kunrt.
656 1350 681 1400 2.
701 1345 732 1398 Α.
749 1364 776 1415 p.
790 1347 843 1398 496
861 1363 901 1414 eq.
922 1372 956 1383 -
992 1340 1125 1397 Scribitur
1142 1341 1170 1393 in
1190 1340 1280 1393 eodd.
1297 1341 1384 1393 Duielr.

339 1438 397 1489 en.
416 1439 442 1489 1.
469 1434 643 1497 Chemmites,
661 1433 688 1485 in
709 1434 767 1485 Cre.
786 1435 812 1485 2.
830 1431 962 1495 coriaria,
981 1429 1008 1483 in
1026 1429 1121 1483 liudem
1140 1427 1235 1497 opibus
1254 1427 1314 1497 (red
1329 1445 1383 1481 cor·

339 1532 442 1577 rectum
463 1521 491 1574 in
510 1523 569 1574 Cre.
588 1521 642 1585 2.);
660 1520 715 1572 duo
735 1519 837 1589 priorer
855 1518 956 1573 hebent
972 1517 1143 1572 habundant.
1187 1517 1283 1588 Pergit
1300 1517 1383 1568 Crat.

337 1628 374 1659 an
392 1609 486 1679 quinto
505 1607 635 1660 Fabricio.
678 1606 783 1661 Habent
807 1608 839 1674 Q.
859 1624 910 1675 pro
929 1609 957 1661 C.
976 1603 1063 1659 codd.
1081 1603 1141 1658 Cre.
1158 1609 1185 1658 2.
1204 1603 1288 1659 Dred.
1307 1608 1333 1657 1.
1350 1605 1383 1663 &t

338 1695 436 1749 omittit
452 1713 616 1766 praenomen
644 1697 703 1748 Cre.
722 1697 748 1748 3.
791 1692 821 1745 ln
840 1692 913 1748 Gud.
931 1697 964 1747 Α.
989 1705 1029 1747 eet
1051 1697 1083 1745 G.
1101 1690 1237 1749 Fabricii,
1266 1693 1294 1745 ia
1320 1691 1383 1745 Gud.

337 1783 368 1836 B.
386 1784 463 1854 gagii
483 1783 562 1837 Febr.
602 1781 682 1835 Unde
702 1782 820 1835 viderer
839 1781 984 1853 scriptione
1003 1779 1122 1835 neminie
1145 1780 1207 1831 Gaii
1226 1790 1319 1833 ortum
1337 1798 1383 1833 esre

337 1875 417 1925 etiam
437 1891 556 1925 errorem
576 1874 607 1941 Q.
627 1869 686 1924 Mr.

408 1959 455 2029 qui
473 1959 542 2010 uilrif
560 1977 651 2010 earum
669 1955 793 2020 habuit]
814 1957 861 2019 „C.
880 1954 1018 2011 Febriciue
1036 1954 1129 2009 consul
1148 1954 1323 2020 innocentie,
1347 1955 1383 2005 in·

338 2047 459 2116 tegritate
479 2057 504 2100 et
522 2046 680 2101 fortitudine
698 2043 819 2099 excelluit
837 2042 908 2097 bello
926 2042 1050 2098 advertus
1067 2042 1215 2114 Pyrrhum:
1239 2044 1299 2098 eine
1314 2062 1383 2114 saepe

337 2135 367 2189 frt
384 2135 483 2188 mentio
510 2136 580 2206 apud
607 2133 796 2189 Ciceronem.“
823 2131 996 2202 Wyttenb.
1053 2131 1138 2185 Locos
1165 2132 1222 2186 ride
1251 2145 1384 2204 congestos

337 2221 408 2291 apud
427 2221 561 2276 Orelliam
584 2221 612 2275 in
630 2219 772 2275 Onomnrt.
793 2220 849 2275 cic.
881 2219 912 2274 P.
932 2219 963 2273 ll.
989 2239 1015 2290 p.
1035 2223 1096 2275 248.
1115 2249 1149 2259 --
1196 2220 1292 2275 tecue
1318 2219 1384 2274 valde

336 2310 432 2363 variat:
453 2309 519 2364 On.
538 2309 569 2362 E.
588 2330 614 2379 η.
632 2326 662 2370 ψ.
688 2309 759 2360 nituit
781 2307 945 2359 habuerit
969 2308 1102 2378 horum,
1121 2326 1182 2361 cum
1203 2308 1286 2362 Dred.
1306 2314 1330 2362 2.
1349 2313 1383 2369 la

336 2399 364 2450 in
386 2397 457 2452 Gud.
477 2397 509 2450 Α.
529 2397 602 2451 deest
619 2397 704 2462 nituit,
729 2397 757 2451 in
776 2396 848 2451 Gud.
866 2395 898 2449 Β.
925 2406 965 2448 ert
981 2396 1052 2448 uiuit
1067 2395 1164 2447 lubuit
1180 2416 1289 2457 aarum,
1316 2395 1383 2449 utin

338 2485 447 2548 Duieb.;
467 2485 494 2537 in
514 2486 572 2540 Cre.
590 2488 615 2537 2.
634 2485 703 2536 nihil
721 2486 839 2538 ltorum
856 2483 969 2537 babuit:
988 2502 1050 2538 cum
1063 2483 1142 2537 Drrd.
1157 2487 1183 2539 1.
1194 2486 1222 2538 3.
1237 2483 1268 2537 in
1280 2484 1384 2538 Derda

339 2572 410 2624 nihil
425 2573 522 2624 frabuit
541 2574 664 2628 irarum.
700 2573 793 2643 Pergit
811 2575 871 2626 Cra.
891 2575 916 2625 1.
935 2572 990 2625 vel
1007 2571 1191 2625 uiritantem
1209 2571 1383 2638 voluir,01r.

338 2660 370 2714 E.
388 2681 413 2729 η.
433 2678 462 2722 ψ.
482 2659 561 2714 Drsd.
581 2663 606 2714 1.
622 2663 649 2715 3.
667 2660 818 2731 nihilque,
837 2657 888 2712 01.
906 2657 941 2711 U.
959 2659 1098 2730 nihilque
1116 2677 1244 2726 eorum,
1265 2659 1345 2713 Drsd.
1361 2663 1383 2711 4.

338 2745 409 2800 Gud.
428 2747 459 2800 B.
477 2758 513 2799 er
531 2748 615 2808 nituit·
643 2747 723 2802 Dred.
734 2753 760 2803 5.
779 2748 848 2800 uiuit
864 2766 977 2799 earum
995 2748 1066 2811 Ιι.ν.,
1085 2747 1198 2800 Drsd.l.
1217 2747 1318 2802 habere
1334 2767 1384 2800 aa·

338 2834 426 2900 luit,
444 2835 524 2890 Drerl.
543 2841 568 2888 2.
588 2835 684 2888 tatere
702 2835 844 2888 volueri
851 2845 873 2892 t.
913 2835 956 2888 Ad
975 2855 1033 2888 rem
1052 2835 1159 2888 confert
1176 2833 1281 2890 Geruli.
1303 2837 1383 2890 Veler.

338 2920 408 2974 Mar.
426 2924 460 2987 ΙΙ,
480 2925 506 2986 4,
525 2924 556 2975 3:
584 2927 619 2974 lu
636 2926 664 2975 0.
684 2940 745 2975 uero
762 2921 881 2973 Fabricii
897 2933 926 2975 et
943 2926 981 2977 A.
1000 2924 1112 2977 Aemilii
1127 2923 1216 2992 Papi,
1238 2925 1383 2994 principum

338 3008 421 3059 seculi
443 3008 503 3072 rui,
530 3006 649 3060 domibus
673 3018 815 3079 argeutum
834 3008 928 3078 fuieee
959 3011 1090 3079 confitear
1118 3023 1241 3080 oportet:
1277 3023 1383 3083 uterque

338 3095 406 3146 enim
421 3094 554 3162 patellam
572 3095 679 3146 dearum
697 3105 725 3144 et
743 3095 861 3146 saliuam
880 3095 986 3151 habuit.
1023 3098 1077 3149 Sed
1087 3117 1117 3150 eo
1128 3098 1233 3152 lanam
1241 3099 1383 3159 Fabricius,

338 3181 410 3251 quod
422 3181 554 3250 patellam
572 3200 651 3234 ruam
669 3200 761 3233 corneo
777 3182 901 3250 pediculo
918 3186 1047 3237 sustineri
1066 3186 1159 3238 voluit.
1193 3185 1324 3258 Exempla
1335 3184 1383 3239 ele·

337 3279 432 3337 gauter
450 3266 569 3323 firmatae
588 3268 737 3340 negationis
764 3269 881 3324 eiusdem
906 3274 979 3327 verbi
1008 3274 1165 3345 repetitione
1193 3273 1276 3347 Borg.
1301 3274 1382 3329 laudet

337 3353 416 3409 hoec:
435 3356 531 3411 Paret.
547 3357 595 3412 lV.
614 3359 698 3411 merl:
722 3360 753 3410 Si
777 3360 844 3412 itaer
869 3381 916 3414 uec
929 3363 1042 3433 fecisti,
1066 3381 1113 3413 ner
1133 3361 1231 3431 facere
1254 3362 1381 3430 potuirti5

339 3445 415 3498 Verr.
432 3443 466 3514 ΙΙ,
485 3449 534 3503 62:
559 3447 653 3501 Huius
676 3467 725 3520 ego
748 3449 877 3517 pecuniae
897 3469 1003 3502 -mrrou
1026 3447 1111 3500 habai
1134 3449 1281 3504 rationem,
1307 3466 1382 3519 uequr

338 3533 434 3588 labere
449 3537 547 3606 pofui;
572 3555 622 3608 pro
648 3535 746 3590 Flacco
771 3540 819 3590 ll:
846 3537 919 3588 illati
945 3556 1007 3591 uero
1029 3556 1113 3608 noque
1140 3537 1274 3605 surrepit,
1306 3550 1381 3606 neque

337 3624 470 3692 surripere
489 3624 596 3676 debuit:
615 3623 677 3679 coll.
696 3624 763 3677 Phil.
781 3623 814 3689 ΙΙ,
835 3628 859 3678 2.
877 3623 911 3678 de
929 3625 1006 3678 Petit.
1026 3624 1106 3679 Cous.
1128 3627 1153 3677 9.
1171 3623 1231 3677 Mr.

408 3712 508 3764 similes
532 3731 589 3764 erra
607 3711 736 3778 malinii]
754 3711 894 3782 Repetitur
918 3731 946 3765 re
971 3713 1057 3785 (quod
1082 3713 1135 3766 iam
1160 3732 1241 3782 supra
1262 3723 1300 3766 est
1318 3710 1382 3783 posi·

338 3806 395 3848 tum
415 3808 474 3866 poet
491 3798 598 3867 utrum)
621 3799 648 3850 in
674 3796 741 3852 Οιι.
767 3798 798 3850 Ε.
822 3799 841 3850 Ι.
867 3799 900 3852 Ν.
924 3799 960 3852 U.
978 3821 1002 3869 p.
1022 3819 1051 3863 ψ.
1084 3800 1156 3854 Gari.
1175 3802 1208 3852 Α.
1238 3799 1299 3855 Cre.
1319 3805 1342 3852 2.
1358 3799 1380 3851 3.

313 3915 315 3917 >
337 3881 418 3935 Dred.
438 3889 463 3938 1.
481 3888 506 3939 3.
524 3888 550 3939 5.
568 3884 663 3938 Duisb.
682 3884 749 3939 Edd.
769 3886 831 3939 Per.
848 3907 869 3941 s.
890 3906 913 3939 a.
934 3886 1000 3943 Dav.
1020 3891 1098 3943 1515.
1126 3889 1194 3940 Ven.
1212 3890 1294 3941 1492.
1312 3887 1381 3940 1514.

337 3967 387 4022 Ed.
410 3989 467 4040 prr.
495 3972 556 4027 Par.
577 3974 851 4029 trituratum.
877 3974 962 4045 Lugd.
991 3979 1071 4030 1515.
1104 3975 1183 4029 lldlb.
1208 3978 1243 4043 (s.
1270 3975 1288 4028 l.
1305 3987 1330 4029 et
1349 3972 1381 4038 a.)

338 4058 402 4130 Arg.
420 4061 500 4112 1515.
519 4057 591 4112 Crat.
615 4059 703 4114 llerw.
733 4063 801 4118 vict.
827 4063 896 4118 ttob.
921 4062 1013 4134 steph.
1032 4063 1125 4134 Magn.
1143 4063 1204 4117 Atd.
1223 4067 1304 4119 1512.
1329 4071 1382 4116 ente

338 4146 453 4206 rimiler5
472 4147 545 4202 abest
562 4166 619 4200 eree
637 4166 652 4200 a
672 4146 758 4203 Codd.
776 4151 872 4204 Duieb.
889 4155 947 4206 Cre.
964 4157 987 4206 2.
1005 4151 1084 4205 Drsd.
1102 4155 1129 4207 1.
1146 4154 1171 4207 3.
1192 4151 1251 4219 (hic
1269 4148 1383 4206 habetu'

338 4252 387 4304 pro
406 4235 447 4301 se)
465 4234 545 4288 Drsd.
562 4238 588 4291 3.
605 4239 633 4290 4.
651 4241 677 4292 5.
721 4238 770 4294 Ed.
794 4238 879 4294 Suffr.
906 4240 986 4294 Petri.
1032 4239 1091 4292 lloc
1116 4240 1253 4310 improbat
1278 4236 1382 4300 Gernb..

338 4321 403 4376 illud
422 4326 575 4394 (repetitum
590 4329 630 4391 ee)
650 4328 755 4398 probat.
791 4328 874 4381 Nobis
892 4341 1019 4384 neutrum
1039 4329 1176 4399 probatur.
1213 4327 1302 4382 Habet
1319 4325 1383 4381 Gud.

338 4406 369 4459 Β.
386 4426 414 4459 ee
432 4412 528 4463 malini
540 4413 646 4468 similer.
658 4415 716 4469 Cre.
731 4419 756 4469 1.
766 4435 823 4469 rere
833 4416 931 4469 similer
948 4434 1005 4467 erre
1016 4417 1121 4478 malint,
1140 4414 1220 4467 Dred.
1231 4417 1257 4468 3.
1276 4415 1385 4467 malunt.
