3450 5342
644 701 839 752 nuntuoxon
861 703 911 751 ιιι.
945 703 1015 753 cae.
1037 705 1070 753 ιι.
1314 688 1387 763 147

331 862 422 928 iocus,
441 880 566 933 praesens
584 862 718 918 caiamitas
736 863 807 916 aliud
826 863 963 917 iubebant.
998 864 1104 918 Deinde
1122 865 1202 919 etiam
1227 886 1303 925 causa
1322 872 1347 925 h.
1367 875 1384 926 Ι.

332 951 447 1004 sumitur
464 970 515 1021 pro
536 969 613 1005 causa
639 951 727 1014 finali,
755 952 773 1003 i.
793 969 816 1003 e.
839 951 978 1022 proposito
1010 952 1107 1020 animi,
1138 953 1259 1007 consilio·
1301 956 1385 1030 Saepe

334 1049 440 1104 nutem,
468 1048 495 1091 et
512 1038 620 1109 quidem
641 1057 696 1092 non
723 1038 781 1091 sine
805 1037 925 1091 efficacia
945 1057 1031 1092 unum
1058 1059 1157 1095 nomen
1181 1041 1272 1113 piures
1295 1063 1310 1096 e
1334 1046 1386 1098 suis

332 1125 570 1195 significationibus
592 1125 672 1180 simui
697 1126 804 1192 exserit,
835 1136 865 1178 ut
883 1125 908 1178 h.
924 1125 942 1179 l.
961 1131 1071 1182 causa.“
1090 1129 1269 1200 Wyttenb.
1319 1133 1384 1185 cod.

331 1210 413 1264 Drsd.
432 1212 511 1282 lapsa
529 1233 580 1284 pro
599 1232 693 1267 causa.
730 1211 790 1266 Cra.
801 1215 826 1264 1.
845 1213 910 1264 huic
922 1233 973 1285 pro
986 1216 1059 1280 haec,
1079 1216 1151 1287 quod
1165 1217 1386 1274 aberrant-eda.

333 1297 364 1352 ln
384 1299 449 1352 eod.
470 1297 576 1353 Suerin.
592 1301 660 1353 haec
677 1301 779 1373 igitur,
797 1301 825 1354 in
844 1299 897 1354 Ox.
915 1300 945 1354 E.
963 1304 1025 1370 aaa,
1053 1303 1080 1356 in
1096 1302 1147 1357 Ox.
1165 1302 1184 1356 l.
1203 1305 1271 1357 haec
1287 1325 1386 1377 supra-

333 1388 404 1439 dixit
421 1387 526 1459 legitur.
563 1387 622 1442 Cra.
641 1393 666 1443 1.
693 1387 772 1443 habet
788 1387 956 1441 naturaliter
975 1409 1024 1461 pro
1043 1401 1164 1452 natura,-
1187 1389 1259 1445 Gud.
1279 1392 1311 1446 A.
1333 1413 1385 1466 quo

332 1494 383 1545 pro
401 1476 497 1547 igitur.
533 1475 565 1528 M
572 1496 594 1529 r.

403 1566 479 1633 Quae
498 1565 637 1634 quaudo
656 1564 751 1616 ultra
769 1563 884 1615 alteri
909 1563 1035 1628 accessit,
1064 1565 1093 1615 id
1110 1565 1152 1632 fit
1166 1567 1340 1635 propensius,
1361 1571 1385 1621 si

333 1651 486 1723 utrobique]
524 1650 596 1717 „Atii
614 1652 665 1705 sic:
695 1654 772 1721 Quae
791 1652 899 1722 quanda
918 1652 999 1703 alteri
1017 1653 1144 1718 accessit,
1171 1664 1199 1704 et
1225 1654 1250 1705 si
1268 1655 1384 1728 utrique.

331 1740 467 1792 Venetum
486 1738 636 1809 exemplum
655 1737 706 1791 ita:
725 1739 801 1807 Quae
819 1755 879 1788 cum
897 1749 960 1790 utro
978 1741 1090 1792 accessit
1109 1750 1136 1791 et
1155 1749 1282 1812 utroque,
1307 1753 1336 1796 ut
1353 1745 1386 1798 sit

332 1827 481 1878 aduttum
499 1836 526 1878 et
543 1826 767 1896 aduttumque.“
786 1827 958 1878 Gamerae.
978 1855 1012 1865 -
1050 1826 1216 1896 „Quando
1242 1838 1321 1880 utro
1338 1848 1386 1881 aa·

332 1914 427 1966 cessit:
445 1913 533 1966 Locus
550 1912 595 1966 hic
612 1911 763 1983 turpissime
789 1922 845 1965 erat
869 1910 1032 1979 maculatus,
1060 1931 1116 1966 non
1140 1925 1193 1967 tam
1221 1933 1236 1966 a
1262 1913 1385 1984 librariis,

333 2019 415 2072 quam
434 2020 448 2054 a
468 2000 556 2054 sciolis
573 1999 798 2076 istisaudacuiis,
829 2010 893 2052 uter
916 2020 967 2073 pro
985 2001 1088 2054 utervis
1113 1996 1264 2073 poni.“'C.
1283 2001 1385 2076 Lang.

332 2089 428 2157 „Quae
446 2088 587 2159 quaudo
605 2088 721 2140 altera
739 2087 868 2140 accessit.-
889 2088 988 2142 Aitaro
1006 2088 1023 2142 i.
1042 2109 1065 2142 e.
1084 2088 1117 2142 ad
1137 2089 1275 2143 aiterum.“
1293 2090 1386 2144 Lam-

334 2173 402 2226 bin.
447 2178 532 2240 „Cum
550 2185 634 2227 utro
659 2176 788 2227 accessit:
813 2193 864 2246 pra
884 2178 998 2231 utravis.
1041 2177 1078 2231 lta
1096 2177 1200 2232 locutus
1217 2178 1262 2232 tib.
1281 2178 1324 2231 ΙΙΙ.
1352 2180 1385 2233 de

334 2259 393 2315 Off.
430 2263 973 2333 Quaequaudauniaccassit,unus.
1008 2265 1386 2337 Quaequaniaruultro

334 2352 461 2417 accessit,
485 2369 590 2404 narem.
637 2353 714 2422 Quae
738 2352 825 2423 quia
850 2351 949 2404 ultro
973 2352 1158 2414 accessissent,
1187 2371 1264 2406 unus.
1309 2355 1387 2422 Quae

335 2438 471 2510 qrcando
490 2438 586 2491 ultra
607 2439 734 2503 accessit,
753 2448 891 2510 quattuor.
926 2441 1003 2508 Quae
1020 2440 1131 2508 ipsum
1150 2439 1246 2490 ultra
1264 2440 1385 2503 accessit,

334 2544 413 2578 unus.
475 2527 551 2595 Quae
589 2526 675 2597 quia
709 2526 808 2578 ultra
839 2536 965 2595 sponte
1000 2527 1127 2589 accessit,
1168 2527 1266 2578 unus.‘¹
1313 2525 1386 2580 Aid-

332 2613 421 2666 Man.
443 2641 476 2652 -
525 2616 617 2683 „Quae
637 2615 797 2684 quoniam
817 2623 898 2665 utro
916 2614 1044 2665 accessit:
1070 2612 1117 2666 Est
1136 2632 1150 2664 a
1171 2611 1325 2664 Victoriana
1346 2612 1387 2666 ed.

333 2703 379 2755 cui
399 2701 531 2754 accedunt
546 2700 719 2754 membranae
738 2700 767 2754 S.
786 2701 903 2754 Victoris
927 2712 952 2754 et
969 2699 1034 2754 Met.
1053 2701 1081 2768 [i.
1100 2719 1122 2752 e.
1142 2697 1300 2766 MetansesJ:
1324 2717 1387 2752 nam

332 2788 497 2842 Pithoeanae
517 2799 543 2842 et
561 2788 679 2860 reliquae
698 2788 782 2843 ultro.
818 2789 921 2860 Vulgo:
941 2808 1011 2861 quae
1029 2787 1190 2861 quoniam
1209 2785 1322 2838 alteri
1340 2805 1388 2840 ‹ra-

333 2877 441 2929 cessit.“
466 2875 602 2930 Gruter.

407 2984 477 3037 quae
495 2965 632 3037 quanda
651 2975 733 3017 utra
751 2966 875 3033 accessit]
905 2963 971 3030 „Sic
995 2962 1076 3018 MSS.
1102 2961 1145 3016 At.
1174 2979 1244 3032 quae
1261 2961 1386 3031 quoniam

334 3052 408 3105 ultra
426 3053 548 3108 accessit.
584 3051 653 3106 Edd.
672 3071 741 3124 quae
759 3053 867 3123 quaudo
886 3051 968 3104 altari
985 3053 1107 3105 accessit.
1143 3048 1193 3102 Ed.
1213 3047 1292 3102 Grut.
1311 3052 1388 3119 Quae

333 3142 459 3213 quoniam
478 3152 541 3193 utra
560 3141 703 3196 accessit.“
719 3139 898 3194 Graevius.
933 3140 1025 3206 „Haec
1044 3138 1165 3211 (quando
1182 3142 1257 3204 utra)
1273 3147 1311 3190 est
1326 3155 1387 3189 vera

333 3228 428 3292 tectio,
447 3247 525 3300 saepe
543 3229 586 3282 itta
605 3228 692 3283 uitiata
711 3229 738 3283 in
758 3229 846 3294 libris,
873 3230 918 3300 qui
938 3229 1038 3283 habent
1055 3245 1134 3296 saepe
1154 3225 1242 3288 ultro,
1262 3225 1325 3277 item
1344 3225 1387 3276 al-

333 3319 395 3372 teri.
446 3319 515 3368 Utro
534 3327 573 3368 est
591 3335 642 3386 pro
660 3317 780 3381 utrovis,
802 3317 843 3368 in=
859 3317 1013 3370 utramlibet
1038 3314 1166 3385 partem.“
1186 3311 1264 3364 Ern.
1311 3313 1347 3375 ‚‚i.
1365 3332 1387 3365 e.

334 3422 405 3476 quae
432 3421 509 3456 causa
535 3401 628 3471 (vulgo
652 3401 863 3470 circumstantia)
890 3403 922 3455 ad
942 3414 1033 3455 utrum
1056 3420 1085 3452 er
1110 3397 1216 3451 duobus
1240 3399 1387 3463 accesserit,

332 3492 361 3544 id
378 3489 409 3541 fit
429 3488 587 3560 propensius
603 3488 622 3541 i.
640 3506 663 3541 e.
681 3489 840 3559 propendit,
860 3488 965 3558 gravius
982 3498 1036 3550 est,
1068 3484 1151 3552 majus
1171 3483 1251 3534 habet
1272 3483 1388 3553 pandus,

333 3590 364 3632 ut
383 3595 435 3629 nos
454 3576 486 3628 ad
505 3574 640 3646 agendum
658 3586 770 3629 moveat.
814 3574 869 3631 Sed
883 3572 948 3632 ,boc
966 3573 1026 3627 loco
1046 3579 1108 3623 utro
1135 3569 1210 3620 obest
1234 3567 1388 3634 sententiae,

335 3683 387 3718 nec
408 3682 470 3717 cum
491 3663 599 3734 quando
616 3662 754 3733 congruit:
786 3674 814 3717 ut
841 3661 985 3734 legendum
1012 3657 1131 3711 videatur
1149 3654 1188 3707 rel
1208 3655 1315 3725 quando
1339 3656 1389 3707 al-

336 3754 406 3806 teri
423 3752 548 3807 accessit,
578 3762 624 3805 aut
647 3751 718 3819 (sine
738 3752 876 3823 quanda)·.·
906 3760 968 3802 utro
992 3745 1121 3809 accessit,
1149 3743 1165 3794 i.
1186 3761 1208 3794 e.
1237 3741 1264 3794 in
1292 3760 1389 3813 quam·

336 3858 444 3911 cunque
463 3858 492 3892 er
511 3838 614 3891 duabus
632 3838 762 3911 appositis
780 3839 860 3892 rebus
880 3836 1027 3891 accesserit.
1074 3832 1104 3885 ln
1133 3830 1184 3884 hac
1207 3842 1297 3884 autem
1322 3850 1390 3885 con·

337 3928 482 3983 structione
501 3938 565 3980 utra
583 3937 609 3981 et
627 3938 744 3999 utroque
762 3925 919 3998 accipienda
938 3935 1000 3978 sunt
1017 3940 1067 3995 pro
1087 3918 1245 3974 adverbiis.“
1265 3919 1372 3988 Wytt.

409 4016 517 4088 quanda
535 4015 629 4083 alten]
647 4014 711 4081 „At
721 4015 829 4086 quanda
844 4014 911 4068 utri.
935 4011 964 4065 Si
979 4031 1008 4064 er
1022 4010 1135 4073 duobus,
1156 4026 1224 4078 quae
1234 4016 1327 4075 suapte
1340 4023 1389 4057 na-

339 4116 397 4157 tura
417 4104 490 4175 paria
508 4113 586 4171 sunt,
611 4122 717 4158 caussae
736 4103 826 4176 plures
844 4113 871 4155 et
890 4101 1024 4172 graviores
1041 4097 1116 4152 alteri
1135 4094 1280 4155 accedant,
1308 4089 1335 4141 id
1354 4089 1389 4143 ab

340 4211 383 4246 eas
400 4193 470 4264 ipsas
488 4210 591 4245 caussas
609 4192 686 4246 latius
704 4193 852 4246 funditur.“
871 4190 893 4241 F
900 4208 968 4243 acc.
985 4246 988 4251 ,

412 4282 488 4348 Quas
505 4279 614 4350 quaudo
632 4291 695 4332 utra
710 4281 833 4345 accessit,
851 4278 882 4328 id
892 4278 933 4345 fit
949 4272 1120 4345 propensius]
1139 4265 1319 4335 „Propeml'ut
1338 4264 1354 4317 i·
1368 4283 1390 4316 θ·

341 4367 425 4436 magis
443 4376 588 4420 artemam.
625 4365 678 4420 Sed
692 4368 779 4439 legere
795 4366 885 4419 malim
897 4361 1074 4433 protensius.“
1093 4355 1190 4408 Face.
1227 4350 1390 4424 „Sumptum

286 4482 287 4487 =
341 4464 377 4506 est
395 4453 558 4507 vocabulum
576 4472 591 4507 a
610 4453 693 4520 libra,
719 4456 794 4509 cuitus
812 4463 940 4525 aequatae
964 4449 1055 4503 lances
1073 4460 1136 4499 cttm
1154 4452 1230 4507 sunt,
1249 4439 1330 4495 altera
1348 4442 1391 4494 in-

1037 4531 1106 4606 10*
