3450 5342
333 614 383 688 20
654 638 828 687 ruaunoxu
853 632 1053 684 srotconuu.

335 805 361 854 1.
380 801 407 856 8.
421 803 449 853 4.
467 801 494 853 5.
530 795 638 853 Suerin.
657 797 755 852 Dnisb.
771 795 840 848 Edd.
859 793 922 850 Asc.
943 796 1025 849 1511.
1045 793 1112 847 Ven.
1122 794 1204 848 1511.
1242 793 1312 866 Arg.
1323 796 1396 850 1515.

336 887 485 960 eademque
502 885 533 940 in
552 885 621 941 Edd.
640 887 709 940 Ven.
726 886 806 939 etse
831 881 938 936 calamo
961 878 1144 952 superscripta
1174 891 1252 944 unt,
1277 880 1310 935 in
1334 899 1395 936 con-

337 975 410 1030 textis
426 974 508 1029 hahet
526 973 577 1028 Ed.
594 973 679 1028 Paris.
696 993 718 1027 s.
737 991 761 1026 a.
797 973 828 1024 ln
848 968 909 1024 crs.
928 973 953 1023 1.
979 969 1170 1041 scriptumest
1194 987 1331 1041 eosque
1354 970 1394 1022 lo

338 1079 396 1116 cos
413 1062 510 1133 scripsi
527 1061 670 1127 libentius,
697 1061 726 1114 in
744 1057 803 1113 Cn.
820 1060 846 1115 8.
873 1055 1014 1111 literius.
1059 1054 1153 1128 Pergit
1175 1053 1248 1110 cod.
1272 1056 1356 1112 Drsd.
1371 1062 1391 1112 l.

336 1169 406 1223 quas
420 1150 574 1220 mendoso,
589 1147 708 1203 Drsdh.
728 1164 798 1220 quos
817 1146 918 1199 dorso.
935 1172 971 1185 ··-
988 1141 1058 1198 Cod.
1076 1142 1149 1197 Gud.
1166 1142 1202 1198 A.
1220 1142 1333 1200 inverso
1353 1165 1391 1198 or-

337 1239 402 1293 dine
419 1236 498 1292 hahet
515 1233 643 1289 libentius
659 1236 765 1306 scripsi.
801 1234 857 1288 Pro
876 1232 1026 1303 appellunt,
1041 1229 1157 1305 exceptis
1167 1229 1288 1299 duobus,
1307 1251 1392 1286 omnes

337 1325 454 1380 Manutii
472 1323 572 1378 habent
589 1340 659 1394 quos
676 1341 694 1374 o
698 1342 720 1392 p
725 1322 801 1392 pell
807 1330 936 1384 untur,
959 1319 1081 1391 itemquo
1098 1317 1171 1375 Gud.
1191 1317 1223 1373 Β.
1242 1317 1312 1374 On.
1331 1319 1351 1374 l.
1366 1317 1391 1371 N.

340 1411 373 1465 U.
389 1410 449 1465 Cre.
467 1415 492 1465 1.
512 1409 619 1464 Suerin.
637 1409 747 1481 Erleng.
774 1408 817 1478 (in
835 1426 891 1479 quo
909 1406 1043 1462 antecedit
1065 1416 1121 1478 qun
1139 1405 1207 1459 milui
1232 1406 1293 1459 ista
1314 1425 1391 1477 puro·

339 1498 420 1562 doru,
438 1497 537 1552 omisso
555 1496 639 1569 quoe)
656 1496 726 1551 Edd.
745 1495 920 1567 CretMagn.
936 1495 1042 1550 Manuh
1054 1494 1149 1551 Latnh.
1160 1493 1232 1548 ttub.
1247 1505 1277 1548 et
1293 1507 1391 1551 nostrae

339 1594 401 1639 ente
420 1583 499 1640 Grut.
524 1595 624 1639 veteres
643 1602 754 1651 omnes,
780 1583 897 1654 exceptis
922 1582 1008 1639 Paris.
1026 1602 1049 1637 s.
1067 1602 1096 1638 ι.
1108 1593 1136 1638 et
1161 1581 1295 1641 Darentr.
1320 1586 1391 1641 1515.

236 1735 240 1741 .
341 1671 392 1726 Os.
409 1693 435 1743 η.
453 1672 533 1727 hahet
551 1672 699 1743 appellent,
721 1671 772 1726 01.
789 1691 821 1736 so.
839 1671 940 1728 omittit
955 1672 1035 1729 verbs
1061 1686 1131 1744 quus
1154 1671 1310 1741 appellunt.
1351 1670 1390 1724 ln·

339 1759 431 1832 tellige
449 1761 542 1814 Stoici.
577 1758 639 1813 Mr.

408 1848 560 1915 Socratico]
579 1847 617 1902 lta
638 1847 667 1901 in
686 1844 818 1901 Academ.
831 1850 859 1900 4.
876 1865 937 1918 cap.
948 1851 992 1902 44.
1024 1849 1095 1899 Sunt
1107 1845 1251 1899 Socratico
1268 1845 1390 1918 pleraque

340 1935 512 1988 ndnsirolrs'lr'n
543 1934 707 2000 stoicorum,
736 1953 806 2006 quoe
823 1935 962 2004 παράδοξα
983 1934 1167 1989 nonuinantur·
1212 1931 1344 1986 Exierunt
1365 1951 1390 1986 cx

340 2020 429 2076 schola
447 2019 582 2086 Socratis,
599 2021 647 2091 qui
664 2021 692 2073 in
710 2021 793 2075 rehus
809 2022 938 2077 omnibus
964 2040 1021 2077 non
1046 2021 1119 2093 vulgi
1142 2019 1322 2093 opinionem,
1350 2019 1410 2079 sed.

341 2107 477 2162 veritatem
497 2117 523 2160 et
540 2106 706 2162 honestatem
724 2110 916 2180 sequebantur.
935 2110 1033 2167 Face.
1069 2108 1162 2180 „Quid
1178 2108 1225 2165 atti
1245 2107 1391 2180 philosophi

341 2195 375 2249 de
394 2194 534 2266 paradoxis
547 2194 694 2261 senserint,
721 2195 843 2251 docuisse
861 2197 981 2270 lipsium
1000 2196 1159 2253 Manuduct.
1179 2194 1215 2251 ad
1233 2195 1321 2252 Stoic.
1339 2194 1390 2267 phi-

341 2282 390 2337 los.
407 2283 455 2336 ΙΙΙ.
474 2281 576 2336 dissert.
595 2284 643 2335 1.“
678 2281 798 2339 Graes.
1137 2340 1167 2345 ..

416 2369 552 2424 Videntur
568 2388 625 2421 esse
641 2372 807 2440 Socration}
828 2371 894 2440 „i.e.
913 2373 1065 2445 popularia,
1084 2373 1147 2445 qnia
1165 2371 1303 2441 Socrates,
1322 2373 1391 2445 quic·

343 2455 408 2530 quid
425 2456 533 2522 docuit,
550 2455 718 2528 populariter
735 2458 837 2514 docuit.
870 2461 949 2516 Hanc
967 2463 1003 2516 oh
1021 2478 1147 2530 camin,
1165 2461 1201 2515 ait
1218 2459 1336 2521 Cicero.
1362 2477 1389 2511 eo

341 2545 478 2599 lubentius
495 2543 562 2598 haec
578 2542 733 2600 Stoicorum
756 2547 890 2618 paradoxa
909 2550 1074 2621 conscripsi,
1101 2560 1127 2603 et
1153 2549 1217 2621 quia
1242 2548 1390 2605 Socraticae

344 2633 441 2688 rationi
459 2632 564 2686 deditus
582 2653 657 2700 sum,
689 2635 796 2707 etquis
815 2633 941 2691 Socrates
958 2637 1051 2692 eadem
1071 2647 1097 2691 et
1114 2636 1206 2691 statuit
1229 2646 1256 2690 et
1282 2633 1390 2707 popula·

342 2722 408 2776 riter
427 2721 563 2788 tractavit,
587 2734 668 2776 uteo
685 2721 791 2779 facilius
808 2723 874 2777 mihi
893 2724 926 2778 sit
948 2725 1042 2779 eadem
1068 2724 1132 2779 item
1160 2722 1331 2796 populariter
1352 2723 1390 2774 in·

343 2811 510 2883 terpretari.“
547 2811 653 2882 Wytt.

412 2901 538 2971 Accipies
554 2901 642 2970 igitur
659 2901 709 2953 lroe
724 2919 841 2970 parsurus
859 2903 1041 2972 opusculum,]
1066 2904 1102 2972 „i
1119 2923 1143 2963 e,
1168 2903 1249 2959 velim
1273 2901 1389 2975 accipias,

343 3006 400 3043 non
419 2986 571 3059 repudies.“
597 2987 636 3038 W
642 2998 705 3058 ytt.
740 2989 867 3062 Facerpsi
884 2990 1167 3064 hanchttenbachii
1183 2992 1390 3051 annotationem,

343 3073 406 3144 quia
424 3073 452 3125 in
472 3071 541 3127 cod.
559 3083 652 3127 nostro
670 3072 730 3128 Cre.
747 3079 774 3131 3.
790 3089 830 3133 est
846 3079 979 3149 accipias,
1008 3080 1082 3153 quod
1107 3080 1220 3134 debetur
1239 3076 1390 3141 correctori,

344 3160 396 3212 sim
415 3159 499 3214 futuri
516 3178 573 3214 non
587 3160 776 3233 intelligentis,
790 3165 831 3219 rel
846 3167 995 3240 interpreti.
1031 3168 1106 3222 ldem
1125 3186 1188 3223 cum
1206 3164 1282 3221 Gud.
1300 3164 1332 3221 C.
1347 3164 1390 3217 hs·

344 3250 390 3300 bet
402 3263 465 3318 ergo
483 3266 535 3318 pro
552 3247 648 3318 igitur.
694 3248 843 3325 Utriusque
860 3255 934 3310 vocis
951 3257 1112 3327 compendia
1130 3253 1259 3310 similiora
1273 3264 1337 3308 sunt
1352 3252 1390 3305 in-

343 3346 385 3389 ter
402 3352 444 3400 se,
472 3353 553 3405 quant
573 3335 701 3390 vocabula
719 3338 786 3411 ipsa.
828 3341 1004 3398 Habetidem
1026 3344 1105 3399 Drsd.
1124 3346 1152 3398 5.
1187 3341 1219 3395 ln
1234 3339 1294 3395 cn.
1313 3344 1339 3395 1.
1357 3347 1391 3393 est

342 3443 392 3496 go,
410 3422 484 3496 quod
502 3424 591 3495 ipsum
608 3435 647 3480 est
664 3429 858 3500 compendium
877 3434 949 3487 vocis
965 3451 1037 3505 ergo.
1072 3432 1104 3485 ln
1124 3429 1184 3484 Crs.
1201 3434 1228 3484 2.
1246 3428 1321 3482 deest
1337 3427 1389 3479 tec.

344 3511 412 3566 Cod.
431 3511 512 3566 Rern.
530 3511 609 3567 hahet
625 3517 786 3584 opusculum
809 3539 935 3590 parvum.
978 3519 1065 3575 Codd.
1084 3516 1143 3571 Crs.
1162 3519 1187 3571 1.
1217 3527 1244 3570 et
1270 3514 1351 3569 Drsd.
1367 3516 1390 3567 5.

344 3598 551 3672 luguhrotum
571 3602 661 3673 pergit
677 3601 750 3658 Gud.
762 3604 797 3663 Α.
815 3607 870 3660 inm
887 3609 941 3662 his.
976 3605 1044 3663 Cod.
1062 3605 1159 3661 Duish.
1176 3603 1220 3657 luis
1238 3603 1294 3656 iam
1311 3611 1390 3656 contr.

342 3696 413 3750 noct,
440 3685 623 3741 lucubratum.
666 3688 739 3744 Gud.
758 3692 791 3746 Α.
817 3695 1072 3758 contractionibus5
1099 3692 1151 3747 Ox.
1166 3709 1197 3755 ψ.
1222 3689 1390 3748 lucubravi,-

343 3772 412 3827 cod.
431 3772 491 3829 Cru.
508 3778 535 3829 3.
554 3775 607 3828 hiis
620 3796 671 3847 pro
688 3780 741 3834 his.
776 3781 837 3837 Mr.
1109 3843 1112 3849 ¹
1147 3830 1151 3835 .
1201 3838 1204 3842 ,

412 3866 475 3914 lom
494 3863 717 3919 contractioribus
732 3869 855 3925 noctibus
862 3873 882 3940 :]
902 3873 1033 3942 „Aestivis
1050 3870 1196 3926 videlieet*
1215 3867 1308 3938 Xyst.
1325 3863 1391 3916 Bet.

342 3948 380 4015 „i.
399 3967 422 4001 e.
440 3947 479 4002 his
491 3951 614 4006 noctibus
624 3951 678 4007 ism
689 3955 872 4028 brevioribus,
890 3981 981 4016 mense
993 3959 1092 4015 Martio
1105 3957 1144 4011 vel
1156 3953 1275 4026 Aprili.“
1292 3953 1330 4005 W
1337 3971 1353 4023 y
1361 3960 1392 4003 tt·

415 4042 547 4107 majorum
566 4041 732 4113 vigiliarum]
763 4047 947 4111 „Tusculanas
971 4047 1156 4121 quaestiones,
1188 4042 1273 4096 libros
1291 4039 1325 4093 de
1348 4036 1392 4090 Fi-

344 4125 423 4178 nibus
440 4137 466 4179 et
484 4126 517 4179 de
535 4126 636 4182 Natura
655 4130 777 4187 Deorum
795 4136 946 4207 intelligit.“
982 4136 1005 4187 F
1011 4153 1079 4190 ace.

413 4215 550 4266 ltluiorum
568 4216 724 4288 vigiliarum
746 4226 857 4290 tutunus]
883 4222 1082 4291 „Quaestiones
1104 4216 1271 4275 Tusculanas
1296 4212 1394 4267 intelli·

343 4298 405 4367 git-'¹
421 4300 494 4356 Frc.
512 4300 603 4373 Sylv.
648 4304 730 4373 Quod
757 4308 927 4363 Fecciolstus
955 4309 1075 4380 scripsit,
1101 4309 1129 4360 in
1149 4326 1182 4359 eo
1200 4303 1321 4376 sequitur
1348 4301 1395 4354 At-

341 4383 405 4436 dum
424 4386 577 4443 Munatium
597 4401 622 4443 et
647 4389 834 4448 Andomarum
852 4394 991 4451 Talaeum.
1035 4395 1205 4468 Borgersius:
1239 4387 1395 4460 „lntelligit,
