3450 5342
404 663 480 738 364
809 681 973 731 excursus
998 683 1046 729 ιι.

406 865 470 919 cyra
492 843 512 912 1,
534 849 561 910 ²,
580 847 616 917 10
643 843 676 896 ad
702 847 746 898 ib.
771 843 814 896 cui
839 842 917 913 plura
945 853 1054 895 exstant·
1071 841 1183 907 similia,
1220 855 1248 896 et
1273 847 1418 918 praecipue
1434 848 1457 900 ΙΙ.

410 933 563 989 philastro·
599 932 687 984 Locus
705 950 729 985 e.
748 933 792 986 33.
812 941 862 984 est:
889 941 947 984 tem
965 931 1087 1000 infirmo,
1105 941 1165 982 tom
1179 944 1315 984 enervato
1334 954 1379 988 reo
1397 935 1423 1004 [i.
1440 956 1457 988 e.

406 1042 469 1077 cum
489 1041 550 1090 reus
568 1032 621 1075 tam
641 1019 763 1073 infirmus
781 1020 829 1071 sit
848 1019 936 1086 reus]:
962 1019 1010 1089 qui
1035 1027 1069 1070 te
1091 1019 1133 1069 ita
1158 1021 1342 1088 gesseris,
1370 1032 1401 1072 ut
1424 1023 1457 1073 ti·

406 1130 525 1176 meres,
544 1129 577 1161 ne
595 1137 628 1148 -
649 1108 838 1164 videreris,
856 1107 910 1160 nisi
928 1134 964 1145 —
982 1106 1214 1167 exstitissem
1236 1107 1307 1161 alter
1323 1112 1457 1163 c.41:Au

405 1209 443 1250 tu
463 1225 497 1236 -
514 1206 626 1266 putas
644 1223 679 1234 ·-
698 1223 734 1234 -
753 1224 788 1234 ·-
807 1195 855 1265 qui
872 1212 907 1246 se
924 1194 981 1263 ipae
1000 1194 1230 1268 condemnet?

474 1283 568 1336 Unum
586 1282 672 1348 addo,
690 1282 723 1335 de
741 1302 796 1354 quo
814 1281 920 1336 locutus
937 1301 996 1335 sum
1017 1282 1050 1335 ad
1069 1282 1167 1336 Tusce.
1184 1281 1219 1348 11,
1242 1287 1287 1350 12,
1309 1289 1354 1340 29.
1376 1291 1457 1357 pesa

405 1371 452 1425 Est
469 1371 522 1422 ibi:
540 1370 615 1439 Quid
623 1388 663 1421 ure
682 1370 831 1440 decipis,
849 1369 941 1422 Zeno?
953 1397 987 1410 -·
1006 1388 1089 1442 quum
1104 1370 1208 1422 melum
1227 1391 1346 1444 negas
1363 1393 1457 1426 esse-.

407 1459 485 1510 Nihil
504 1468 562 1521 eat,
578 1457 715 1529 inquit,
734 1458 851 1523 maium,
871 1458 924 1510 nisi
942 1457 1015 1531 quod
1031 1469 1110 1528 turpe
1125 1487 1161 1497 ·-
1178 1468 1234 1512 eet.
1282 1461 1336 1512 Ad
1353 1461 1455 1529 ineptias

406 1547 510 1601 redis.
555 1545 639 1599 Erant
657 1565 689 1598 eo
708 1545 769 1600 loco
796 1545 842 1618 qui
860 1546 940 1600 scribi
959 1538 1172 1617 veilentinquis.
1218 1545 1276 1599 Sed
1304 1548 1398 1601 monui
1420 1549 1456 1613 ibi,

406 1635 479 1707 quod
498 1634 627 1688 simiiibus
645 1634 711 1688 loeis
736 1635 789 1686 iam
807 1653 888 1705 saepe
906 1635 1008 1689 factum
1026 1644 1065 1687 est
1081 1634 1115 1686 ab
1135 1632 1209 1697 aliis,
1239 1635 1400 1708 ubicunque
1417 1655 1456 1707 pro

406 1723 497 1796 iuquit
516 1733 650 1793 exspectes
666 1723 772 1794 inquis,
803 1721 964 1777 Ciceronem
988 1721 1144 1794 loquentem
1170 1741 1229 1775 uon
1253 1722 1360 1796 alloqui
1378 1724 1457 1777 adrer-

406 1809 505 1864 sarium
523 1810 626 1882 ipsum,
643 1810 688 1863 sed
707 1810 786 1878 (dixi)
804 1812 838 1864 ad
857 1831 943 1865 unum
961 1810 1001 1864 rel
1019 1810 1052 1864 ad
1073 1809 1164 1882 piures
1188 1811 1335 1867 auditores
1359 1831 1458 1867 eomer·

405 1916 467 1963 sus,
495 1897 561 1969 quid
581 1897 741 1968 respondeat
765 1897 810 1952 itte
828 1899 868 1951 vel
895 1899 1057 1971 respondere
1082 1899 1176 1970 possit,
1207 1898 1358 1970 siguificat.
1401 1897 1458 1953 Ado.

407 1983 465 2038 Cic.
490 1984 523 2036 de
548 1984 581 2037 N.
598 1984 633 2039 D.
652 1985 673 2052 1,
692 1988 736 2052 36,
755 1989 817 2040 tuo.
839 2007 865 2058 p.
885 1991 920 2042 64
938 2007 977 2058 sq.
1002 1985 1043 2039 ed.
1068 1999 1150 2040 nostr.
1169 1987 1242 2046 min.
1269 1988 1340 2061 ibiq.
1365 2001 1456 2050 annot,

406 2072 493 2127 Beier.
512 2073 545 2146 ad
565 2071 622 2128 Cic.
633 2073 722 2128 Oratt.
741 2073 878 2145 Fragmm.
899 2095 924 2146 p.
939 2077 991 2128 112
1010 2094 1049 2145 sq.
1085 2073 1182 2128 Nostro
1202 2087 1298 2130 autem
1319 2077 1457 2130 Paradoxo-

407 2179 468 2212 rum
487 2161 549 2214 loco
568 2172 639 2214 recte
659 2163 764 2217 monuit
783 2162 924 2216 Ernestus:
951 2161 998 2216 Est
1016 2161 1059 2216 hic
1079 2158 1266 2226 ἄνακόλουθος
1285 2167 1389 2220 oratioe
1404 2184 1455 2218 uam

407 2248 542 2317 pertinent
560 2246 625 2303 baec
643 2249 676 2302 ad
695 2248 820 2305 Crassum
847 2261 874 2303 et
896 2250 929 2302 ad
954 2250 1074 2304 initium:
1102 2252 1150 2322 qui
1171 2251 1250 2303 videt
1281 2253 1355 2306 dorni
1378 2266 1454 2305 tuae.

406 2333 500 2406 ltaque
519 2335 633 2390 debebat
650 2356 718 2390 esse:
738 2339 799 2411 quis
816 2348 849 2389 te
867 2357 920 2389 non
937 2347 1017 2407 putot
1035 2339 1171 2407 confiteri,
1189 2340 1265 2391 tibi
1281 2345 1356 2396 etc.“
1390 2340 1455 2393 Vides

407 2421 486 2476 etiam
506 2443 536 2476 ex
555 2424 624 2478 varia
642 2425 758 2480 lectione
773 2422 880 2480 Codicis
897 2425 948 2480 Ox.
967 2425 999 2493 1.,
1018 2429 1067 2479 lroe
1085 2436 1113 2478 te
1136 2446 1187 2497 pro
1207 2428 1300 2488 hunc,
1319 2431 1398 2484 fuisse
1412 2431 1451 2482 iam

409 2522 522 2565 veterem
540 2511 657 2585 aliquem
676 2526 872 2581 correctorem,
893 2533 973 2586 quem
992 2514 1143 2568 offenderet
1162 2513 1230 2568 ittud
1251 2518 1342 2584 bunc,
1369 2521 1451 2591 quique

408 2619 543 2668 errorem,
564 2620 644 2672 quem
662 2600 763 2655 librarii
782 2622 837 2656 esse
855 2603 991 2669 erederet,
1011 2603 1203 2674 corrigendum
1225 2624 1285 2658 esse
1305 2606 1452 2660 existimaret

408 2687 534 2742 Ceterum
553 2688 618 2743 nihil
636 2689 690 2744 buc
708 2691 786 2758 facit,
808 2691 881 2763 quod
901 2703 939 2745 est
958 2692 985 2744 in
999 2691 1049 2744 Ox.
1062 2690 1095 2744 N.
1114 2691 1187 2743 hunc
1206 2711 1291 2745 vere
1310 2714 1364 2746 non
1382 2712 1450 2764 neque

408 2777 480 2848 quod
500 2788 538 2831 est
555 2777 582 2830 iu
602 2778 680 2831 Drsd.
697 2782 729 2832 4:
749 2780 809 2851 quie
827 2799 881 2832 non
898 2789 980 2848 putet
995 2779 1066 2830 hunc
1085 2778 1248 2841 conscium.
1263 2781 1292 2832 in
1312 2781 1398 2844 Ocu.
1414 2778 1450 2832 sub

409 2885 459 2937 pro
476 2865 539 2931 sibi,
558 2867 585 2920 in
604 2865 654 2920 0¹.
673 2866 708 2920 U.
731 2866 759 2918 in
787 2886 840 2936 quo
867 2877 979 2938 prepter
1005 2864 1209 2918 similitudinem
1230 2869 1378 2922 verborum
1397 2866 1449 2920 esei-

408 2954 506 3008 derunt
523 2957 601 3007 rerba
619 2953 696 3006 esse?
714 2955 758 3016 cui
775 2964 868 3005 autem
887 2954 1010 3026 quaesito
1027 2971 1109 3022 opus,
1137 2953 1167 3005 in
1192 2953 1278 3009 Drsd.
1297 2961 1324 3011 3.
1351 2958 1394 3029 qui
1409 2974 1447 3008 non

410 3042 489 3096 babet
512 3043 605 3094 verba:
634 3043 679 3093 cui
706 3052 798 3093 eutem
824 3042 948 3115 quaesito
973 3060 1040 3110 opus
1066 3042 1118 3104 sit,
1148 3041 1250 3096 eodem
1277 3065 1377 3099 errore.
1417 3042 1447 3094 tsi

409 3131 489 3183 etiam
506 3148 560 3181 non
574 3140 654 3198 putet
672 3130 744 3182 bunc
762 3131 789 3183 iu
809 3131 878 3185 Cod.
898 3129 971 3185 Gud.
990 3129 1020 3182 Β.
1039 3129 1198 3202 ibidemque
1218 3136 1371 3200 conscium,
1394 3132 1448 3186 utin

410 3215 487 3269 Drsd.
504 3220 532 3270 4.
568 3214 598 3269 ln
617 3216 721 3271 Aldinis
740 3238 849 3291 quoque
869 3218 955 3272 Codd.
975 3230 1013 3272 est
1031 3217 1132 3289 aliquid
1153 3220 1307 3291 varietatis,
1326 3224 1394 3276 uude
1408 3222 1446 3274 ior·

409 3315 475 3357 tasse
493 3304 543 3359 Tb.
561 3305 696 3360 Bentleius
714 3326 790 3360 suam
812 3308 887 3380 petiit
906 3307 1103 3363 coniecturam:
1123 3307 1181 3362 duo
1201 3311 1278 3364 enim
1298 3313 1371 3365 hune
1387 3310 1446 3364 omit·

409 3404 469 3447 tunt
484 3394 526 3464 (in
546 3414 661 3466 quorum
681 3415 736 3448 uno
754 3396 874 3450 additum
894 3396 957 3465 est):
979 3397 1034 3450 duo
1053 3395 1128 3462 item,
1148 3397 1291 3453 incertum
1306 3413 1389 3454 autem
1402 3415 1447 3452 uum

408 3481 504 3549 iidem,
523 3483 723 3537 omittuntsibi.
767 3483 825 3555 Ego
852 3485 881 3537 in
906 3483 945 3545 bis
972 3472 1081 3556 quoque
1109 3483 1178 3538 nibil
1206 3489 1261 3542 nisi
1281 3510 1386 3543 manum
1404 3504 1447 3540 eor·

409 3569 520 3622 rectoris
537 3588 663 3641 agnosco.
700 3570 761 3624 Nou
780 3572 836 3625 abit
853 3572 882 3625 in
901 3573 1030 3626 diversam
1049 3592 1064 3625 a
1086 3585 1180 3627 nostra
1201 3580 1362 3633 seutentiam
1379 3577 1447 3630 Gem-

394 3652 519 3722 barum,
544 3657 610 3711 baec
628 3658 759 3712 scribens:
786 3660 848 3725 „Ab
875 3662 954 3715 unius
973 3661 1138 3733 cogitatione
1158 3675 1187 3718 et
1206 3668 1354 3723 sceleribus
1369 3663 1448 3720 deflexit

408 3744 494 3795 oratio
512 3744 546 3795 ad
565 3755 650 3796 totum
668 3747 883 3801 facinorosorum
902 3749 1043 3803 bominum
1062 3769 1168 3821 genus,
1201 3755 1228 3808 id
1251 3759 1326 3830 quod
1343 3753 1449 3829 quodam·

409 3827 490 3881 modo
508 3828 676 3883 indicabatur
694 3834 779 3885 verbis
797 3835 907 3886 Sullani
923 3838 1062 3906 termetis,
1094 3841 1201 3910 quibus
1222 3847 1263 3901 vix
1290 3867 1352 3921 opus
1371 3841 1448 3899 fuisset.

409 3917 429 3968 si
450 3935 519 3970 uuus
536 3916 645 3972 Crassus
664 3924 830 3976 notaretur.“

832 4131 1039 4142 ——-——--—-
