3450 5342
609 701 803 751 ιιιιιιιοιιοιι
828 703 876 749 ιιι.
904 703 974 752 ese.
997 702 1032 751 ιι.
1266 688 1339 761 157

285 866 324 915 Ut
341 865 371 916 iu
383 860 491 932 fidibus
508 870 559 913 aut
575 861 604 912 iu
623 860 710 922 tibiis,
731 859 854 929 quamvis
870 861 996 927 paullum
1015 862 1179 933 discrepeat,
1202 877 1290 922 tamen
1308 873 1338 922 r'd

282 971 301 1002 a
319 953 420 1005 sciente
445 947 625 1002 ardeiadvertr'
643 948 729 1008 sotem
755 948 794 1000 sic
823 947 964 1000 videndam
990 961 1032 1002 est
1054 953 1083 1002 ia
1103 953 1175 1017 uita,
1202 971 1234 1005 ue
1259 958 1337 1026 sorte

282 1040 351 1112 quid
368 1039 515 1108 discrepat:
534 1037 578 1090 vel
595 1037 681 1090 malta
702 1038 786 1088 etiam
805 1036 908 1107 magia,
925 1056 979 1108 qua
997 1039 1082 1092 maiar
1099 1050 1127 1092 at
1143 1040 1235 1092 melior
1254 1045 1339 1097 actia·

282 1147 363 1190 uuus,
382 1142 619 1198 adamianorum,
639 1133 782 1177 concentus
800 1133 854 1177 est.
891 1123 923 1176 M
929 1144 951 1179 r.

357 1230 426 1284 quaa
445 1240 480 1251 -
498 1211 588 1280 debet]
624 1211 706 1266 lleete
733 1209 852 1277 Gerulu,
871 1231 948 1276 cum,
978 1223 1007 1267 ut
1032 1216 1198 1287 exquisitius,
1226 1219 1340 1276 describi

284 1301 399 1355 iussisset
417 1300 464 1372 qui
476 1328 510 1341 -
521 1299 606 1364 deber,
625 1299 654 1354 in
666 1299 804 1354 Addendis
821 1300 854 1353 ad
868 1317 956 1353 reram
974 1301 1118 1356 lectionem
1139 1306 1225 1361 rediit.
1256 1309 1338 1378 Quod

283 1390 357 1443 enim
376 1389 403 1442 in
422 1400 475 1443 tam
494 1386 585 1441 multis
599 1398 638 1442 eet
654 1389 702 1460 qui
714 1386 843 1454 -debes,
864 1386 891 1439 id
903 1389 1044 1444 manifesto
1059 1392 1172 1446 debetur
1184 1399 1341 1464 correctori,

284 1477 344 1549 qui,
369 1496 420 1548 pro
437 1477 550 1531 istorum
569 1473 710 1530 bominum
730 1493 821 1541 more,
848 1475 882 1527 ad
903 1476 1051 1546 proximam
1078 1499 1170 1534 vocem
1196 1494 1228 1535 tu
1255 1486 1339 1558 respi-

284 1565 371 1631 ciens,
390 1562 454 1617 nibil
473 1564 611 1635 antiquius
628 1563 757 1627 babebat,
785 1581 867 1633 quam
886 1574 916 1617 ιιι
934 1565 1090 1620 obtruderet
1108 1566 1233 1625 Ciceroni
1260 1576 1338 1627 inar-

284 1649 401 1723 ὃρθιισιν
418 1650 520 1707 scilicet
537 1670 625 1704 suam:
644 1669 741 1722 parum
759 1650 889 1702 nimirum
908 1669 1006 1706 curans
1023 1653 1118 1708 iustam
1133 1660 1339 1729 oppositionem,

284 1758 369 1812 quam
388 1758 469 1812 supra
488 1738 601 1793 diximus
618 1738 685 1792 vitae
703 1757 759 1790 esse
777 1747 803 1790 et
821 1756 926 1805 scenae,
946 1759 997 1794 nec
1008 1760 1069 1794 vero
1082 1742 1188 1798 lectoris
1199 1759 1224 1801 et
1237 1747 1342 1802 histrio-

284 1827 335 1882 nis.
381 1826 434 1881 Sed
452 1826 515 1883 salle
532 1827 608 1881 multi
635 1837 697 1880 sunt
714 1825 789 1892 libri,
821 1825 868 1898 qui
888 1828 1001 1898 probam
1026 1829 1169 1886 lectionem
1194 1850 1339 1891 servarunt.

284 1916 388 1971 laudat
404 1915 456 1970 Or.
467 1914 553 1969 codd.
568 1915 649 1969 Bern.
660 1913 748 1969 Guell.
761 1912 820 1968 Bas.
832 1912 900 1967 Edd.
917 1935 973 1986 prc.
995 1920 1073 1973 1465.
1091 1918 1165 1975 Crat.
1183 1922 1251 1976 Vict.
1264 1924 1339 1978 Man.

284 2005 377 2076 Magn.
396 2004 490 2058 Lamb.
510 2003 595 2057 Suffr.
613 2003 685 2057 l'etr.
701 2003 800 2075 Barg.;
819 2022 870 2056 nos
888 2003 1011 2058 addimus
1030 2005 1116 2062 codd.
1130 2008 1223 2064 Duisb.
1243 2011 1302 2065 Cre.
1313 2018 1340 2066 2.

284 2091 350 2145 Οιι.
369 2092 401 2145 Ε.
420 2093 438 2145 l.
458 2091 491 2145 Ν.
510 2091 541 2148 U.
568 2092 636 2145 duos
653 2090 789 2162 Borgersii
813 2090 970 2158 Leidenses,
999 2092 1067 2148 Edd.
1090 2114 1185 2151 amnes
1209 2110 1269 2154 vett.
1297 2121 1342 2154 er·

285 2191 363 2253 cepta
389 2181 459 2233 Ven.
485 2182 565 2234 1511.
601 2178 655 2232 Sed
679 2179 843 2234 recentiores
867 2192 984 2251 occupat
1006 2183 1055 2254 qui
1080 2214 1115 2225 -
1141 2185 1231 2251 debes,
1263 2188 1343 2243 Grut.

286 2268 372 2322 Gran.
382 2268 479 2322 timer.
490 2267 555 2321 Ern.
566 2267 637 2321 llub.
653 2266 731 2322 Scba.
749 2267 838 2321 Nobb.
850 2267 938 2325 Wete.
956 2281 991 2337 et,
1011 2283 1040 2324 ιιι
1051 2271 1113 2340 diri,
1134 2284 1233 2328 textum
1248 2274 1339 2330 Geru-

285 2356 370 2410 hardi.
406 2355 510 2411 Placuit
528 2358 607 2408 etiam
626 2374 687 2408 vera
706 2355 787 2409 lectio
804 2354 940 2410 Bentleior
975 2359 1021 2412 sed
1051 2360 1157 2416 mireris
1182 2363 1295 2417 eandem
1325 2387 1339 2420 a

285 2443 409 2497 Scbiiteio
428 2455 457 2498 ut
475 2463 548 2496 suam
569 2443 752 2497 coniecturam
771 2442 799 2495 in
818 2445 992 2498 annotatione
1012 2447 1138 2519 proponi.
1181 2450 1235 2504 Sed
1254 2464 1340 2508 totum

285 2533 376 2587 locum
396 2531 430 2586 ad
458 2550 536 2585 suum
555 2533 697 2587 arbitrium
722 2533 757 2586 ita
778 2530 882 2586 refinxit
929 2534 958 2585 in
976 2534 1049 2598 vita,
1075 2554 1164 2607 quae
1180 2564 1214 2577 -
1235 2539 1341 2603 debet,

285 2629 323 2672 tu
342 2621 372 2671 in
394 2620 501 2690 syllaba
520 2630 547 2671 te
569 2639 695 2690 peccasse
723 2619 817 2672 dicae?
835 2648 870 2658 —-
895 2631 1012 2690 peccata
1031 2620 1231 2677 dimetientem?
1262 2636 1299 2678 ut
1317 2630 1342 2679 si

285 2714 347 2762 risa
367 2707 590 2772 altithronum,
610 2708 712 2761 leviora
731 2707 890 2765 videantur,
910 2708 957 2780 qui
971 2707 1109 2779 pararet?
1134 2728 1194 2763 cam
1212 2713 1342 2785 quicquid

285 2806 494 2868 peccetursq.
530 2797 589 2850 Mr.

358 2885 528 2954 moderatior]
548 2885 611 2953 „At
629 2885 821 2939 modulatior.“
841 2883 941 2937 Face.
978 2882 1097 2937 Alteram
1115 2883 1257 2940 lectionem
1276 2888 1338 2942 Ma-

287 2974 378 3027 nutius
396 2975 431 3028 ait
447 2974 520 3046 apud
539 2973 670 3044 quosdam
692 2972 814 3043 reperiri.
864 2971 936 3023 Alibi
965 2989 1021 3024 non
1044 2984 1170 3042 apparet:
1196 2974 1241 3026 sed
1269 2975 1342 3047 Xyst.

287 3060 374 3114 Betul·
392 3081 451 3115 um
464 3061 621 3126 lectionem,
648 3062 705 3114 aine
729 3060 812 3114 dubio
838 3079 867 3111 ex
893 3059 944 3113 Ed.
968 3058 1029 3112 Aldi
1056 3060 1180 3131 Nepotis,
1211 3075 1240 3117 ιιι
1266 3083 1341 3117 suam

286 3150 469 3204 coniecturam
489 3150 600 3222 profert
635 3148 730 3202 Paullo
748 3147 872 3218 superius
894 3147 926 3200 F.
945 3147 1072 3201 Osannus
1093 3149 1187 3219 (Beitr.
1206 3171 1226 3203 ι.
1245 3151 1341 3205 Gescb.

286 3238 311 3290 d.
330 3236 414 3292 Grcls.
432 3258 459 3291 u.
476 3239 556 3290 litim.
579 3236 641 3290 Litt.
666 3237 698 3288 T.
716 3234 748 3288 ll.
766 3256 792 3307 p.
809 3234 867 3304 32.)
893 3235 1004 3307 carrigit
1028 3255 1057 3288 ex
1086 3236 1218 3291 Diomede
1243 3238 1343 3293 Gram-

284 3326 385 3380 matico
403 3324 422 3377 l.
443 3345 470 3397 p.
485 3327 546 3379 utu.
577 3323 758 3381 insibilator.
790 3323 960 3392 exploditur,
984 3323 1095 3391 (amisso
1114 3324 1166 3393 et):
1195 3337 1225 3379 ut
1252 3338 1291 3380 est
1315 3327 1342 3380 in

284 3415 392 3467 duobus
410 3411 496 3466 codd.
514 3410 611 3463 Parias.
629 3409 777 3481 Equidem,
803 3430 865 3464 cum
884 3410 1041 3463 insibilandi
1058 3412 1168 3464 verbum
1193 3431 1248 3465 non
1269 3414 1342 3485 lega·

284 3513 345 3564 tur,
364 3498 416 3550 nisi
434 3497 505 3567 apud
524 3496 667 3562 Ovidium,
686 3496 816 3562 Statium,
834 3496 945 3563 Silium,
972 3498 999 3551 id
1018 3499 1138 3570 recipere
1163 3519 1218 3554 uon
1243 3503 1341 3554 ausim:

284 3603 452 3659 quamquam
472 3602 522 3638 nec
539 3583 681 3636 exsibilare
698 3584 770 3656 apud
780 3583 837 3638 Cic.
855 3584 927 3651 alibi,
945 3586 1057 3640 nisiboc
1073 3587 1141 3653 loco,
1162 3587 1266 3658 legitur.
1285 3588 1342 3641 Mr.

358 3683 391 3725 ut
410 3674 438 3724 in
456 3673 565 3743 syllaba
581 3674 702 3742 peccare]
732 3671 793 3726 Car.
821 3673 952 3746 bangius:
983 3675 1036 3741 „Et
1054 3675 1114 3740 bic,
1143 3677 1246 3748 inquit,
1271 3679 1341 3732 acuti

284 3764 321 3817 illi
342 3762 391 3816 riri
410 3760 507 3815 malam
527 3779 638 3814 manum
657 3761 845 3817 adhibuerunt.
882 3760 1015 3816 Particula
1035 3773 1081 3829 ut,
1101 3764 1152 3831 ibi,
1178 3775 1211 3817 ut
1238 3768 1267 3817 in
1284 3767 1343 3836 syl·

284 3852 363 3915 laba,
380 3852 408 3904 in
427 3850 503 3904 nullo
521 3851 601 3904 veteri
620 3850 690 3904 libro
707 3861 791 3917 eatat;
820 3851 952 3923 siquidem
971 3863 1044 3904 recte
1062 3853 1090 3903 iu
1109 3852 1217 3922 syllaba
1232 3873 1343 3923 peccare

284 3940 398 4011 figurate
417 3938 518 3993 dictum
536 3940 584 4007 sit,
611 3960 661 4012 pro
691 3940 826 4013 letalique
851 3939 891 3993 ael
910 3939 1021 3993 minima
1049 3940 1178 4010 particula
1197 3941 1268 4004 eius;
1295 3941 1341 4011 qui

283 4046 376 4081 sennis
394 4026 502 4081 tolerari
522 4028 631 4100 possit.“
666 4027 726 4083 Mr.

354 4117 383 4167 in
401 4115 508 4187 syllaba
528 4127 555 4168 te
570 4134 682 4187 peecare
700 4115 803 4185 diceri]
823 4114 951 4187 „Vulgot
972 4125 1012 4167 ut
1030 4115 1059 4165 ia
1078 4113 1187 4185 syllaba
1205 4125 1254 4168 etc.
1286 4113 1339 4166 Sed

285 4205 408 4258 voculam
438 4214 470 4256 ut
498 4204 625 4275 ignorant
652 4204 747 4276 langii
777 4203 863 4258 codd.
895 4214 923 4257 et
948 4201 1044 4273 regii.“
1075 4199 1286 4253 ballemand.
1306 4228 1340 4239 —

284 4295 444 4358 ,‚Peecasse,
463 4311 519 4345 non
534 4309 661 4360 peccare,
678 4293 707 4345 in
726 4292 838 4365 antiquo
857 4290 951 4346 codice
969 4290 1056 4358 lego.“
1076 4287 1149 4341 Fra.
1172 4285 1191 4339 S
1198 4285 1264 4358 yle.

358 4389 396 4431 ret
414 4380 443 4432 in
461 4378 569 4449 syllaba
588 4388 615 4428 te
632 4398 797 4447 peccasse
816 4378 919 4445 dioesi]
957 4373 1142 4444 „praepositio
1162 4386 1193 4426 ut
1209 4374 1235 4427 h,
1249 4374 1267 4427 l.
1287 4377 1338 4430 vim

286 4468 423 4538 quandam
442 4467 520 4521 babet
538 4463 698 4536 ellipticam,
716 4484 786 4537 quae
804 4466 854 4520 nisi
872 4472 1003 4526 teneatur,
1033 4479 1124 4515 sensus
1139 4462 1223 4518 existit
1241 4483 1344 4534 propo·
