3450 5342
631 669 673 715 ιι)
701 669 896 716 ιιιιιιοιιοι
924 671 945 731 ι,
969 645 1002 717 3.
1265 653 1340 731 333

289 849 341 902 que
361 829 525 900 defendunt:
552 829 586 882 ita
616 827 686 880 enim
705 829 756 892 (sic
775 826 839 899 ego)
856 827 953 884 Cicero
982 830 1014 882 de
1043 840 1195 885 accusatore
1224 838 1339 906 quodam

289 919 339 973 Or.
359 937 409 990 pro
428 918 525 970 Flacco
545 920 587 981 tu,
607 920 654 969 21:
687 917 793 967 dixerat
818 918 955 970 acriter
982 929 1009 968 et
1036 918 1217 979 velrernenter,¹
1246 925 1338 992 quidni

289 1007 368 1061 etiam
387 1006 486 1056 acriter
504 1004 644 1073 defendere
664 1002 763 1057 dixerit.
807 1002 865 1055 lmo
891 1004 953 1057 dixit
978 1005 1006 1057 in
1026 1003 1110 1058 Bruto
1129 1009 1172 1070 80,
1193 1011 1259 1060 2782
1289 1012 1341 1059 de-

283 1093 433 1162 fendere
450 1093 631 1153 (teterrime,¹
652 1091 684 1144 ad
703 1091 805 1144 Famm.
820 1092 875 1156 l,l:
895 1102 922 1142 te
940 1093 1145 1144 acerrimum
1166 1123 1199 1131 —
1219 1095 1340 1165 defen-

288 1199 396 1232 sorem
409 1181 475 1250 sore
493 1179 626 1240 ostendit,·
647 1192 673 1233 et
690 1181 761 1252 quod
781 1191 818 1232 est
838 1182 864 1233 in
886 1179 970 1234 Bruto
990 1185 1032 1245 22,
1052 1183 1102 1234 86:
1121 1182 1193 1252 qnod
1209 1182 1233 1234 is
1251 1184 1279 1235 in
1299 1187 1340 1235 di-

288 1268 370 1319 cendo
388 1268 500 1338 gravior
518 1269 696 1340 acriorque
712 1279 794 1333 esset,
820 1269 934 1338 gravius
952 1279 978 1318 et
998 1269 1178 1322 vehementius
1193 1290 1270 1340 posse
1289 1274 1341 1324 de-

282 1355 405 1424 fendi,
426 1354 537 1407 variasse
555 1355 591 1408 ibi
611 1355 744 1426 putandus
771 1367 809 1409 est
827 1353 925 1408 Cicero
945 1355 1113 1424 orationem,
1144 1369 1173 1412 ut
1193 1378 1255 1414 cum
1282 1362 1338 1415 voci

285 1443 397 1514 gravior
415 1443 536 1498 consulto
554 1443 721 1516 opposuisset
733 1445 847 1514 gravius
866 1443 941 1497 alteri
961 1445 1074 1512 (acrior)
1089 1444 1170 1498 alium
1183 1446 1341 1515 (vehemen-

288 1532 353 1601 tius)
370 1533 552 1596 substitueret,
586 1551 666 1602 quam
685 1530 769 1601 ipsam
789 1549 850 1584 cum
871 1531 960 1602 priore
986 1531 1013 1584 in
1033 1532 1154 1586 oratione
1174 1553 1223 1604 pro
1241 1534 1338 1591 Flacco

288 1622 305 1674 l.
325 1620 343 1677 1.
361 1620 489 1673 iunxerat.
527 1619 605 1688 Quae
624 1639 689 1673 cum
706 1619 840 1685 dixissem,
870 1619 982 1690 Siquid
1011 1619 1185 1686 mutandum,
1209 1623 1339 1692 Wytten-

287 1709 396 1764 bachius
414 1708 510 1779 inquit,
527 1707 591 1760 huic
609 1725 659 1779 ego
674 1706 844 1760 coniecturae
862 1725 928 1778 prae
941 1709 1034 1760 ceteris
1055 1707 1171 1778 palmam
1189 1708 1338 1764 detulerim.

359 1797 430 1851 llaec
448 1815 498 1868 ego
516 1796 544 1849 in
563 1794 624 1861 illa,
644 1815 725 1866 quam
746 1795 813 1863 diri,
833 1795 988 1865 prolusione
1006 1807 1068 1849 ante
1087 1794 1135 1848 hos
1153 1795 1268 1849 sedecim
1287 1817 1337 1852 an·

287 1907 337 1940 nos
355 1886 467 1956 scripta,
495 1883 559 1938 nihil
585 1883 685 1937 addens
702 1904 780 1937 suum
808 1885 906 1956 cuique
933 1883 1061 1937 iudicium
1089 1882 1203 1935 liberum
1232 1883 1336 1956 reliqui,

286 1975 322 2026 ita
342 1982 446 2032 tamen,
464 1983 493 2025 ιιι
511 1971 589 2024 facile
606 1983 763 2041 appareret,
783 1991 834 2026 nec
852 1991 926 2027 nunc
946 1991 988 2025 me
1006 1971 1077 2025 illius
1095 1971 1252 2042 suspicionis
1267 1992 1336 2044 ,poe-

286 2059 381 2112 nitere.
418 2058 511 2129 Neque
529 2057 623 2126 hodie,
643 2070 672 2112 ut
690 2059 774 2112 fatear
793 2059 865 2131 quod
886 2071 1002 2126 est,·me
1021 2059 1077 2112 eins
1093 2058 1220 2130 poenitet,
1239 2079 1336 2131 quam-

286 2164 368 2216 quam
388 2155 491 2197 mutare
511 2145 654 2217 quicquam
674 2146 701 2198 in
721 2148 849 2199 contentis
868 2146 951 2201 nolui.
987 2147 1021 2201 Et
1040 2146 1158 2218 primum
1170 2147 1278 2218 quidem
1293 2168 1335 2202 me

286 2231 397 2285 advertit
415 2251 559 2286 consensus
586 2233 718 2286 librorum
737 2233 876 2300 omnium,
907 2245 932 2287 et
957 2236 1040 2305 magis
1057 2235 1135 2288 etiam
1155 2235 1237 2303 illud,
1263 2237 1336 2308 quod

287 2321 446 2374 vocabulum
466 2332 518 2374 tam
537 2322 677 2388 usitatum,
695 2320 774 2393 quale
792 2333 830 2375 est
848 2322 957 2387 acriter,
977 2341 1031 2375 non
1050 2322 1127 2378 facile
1146 2324 1180 2376 ita
1199 2323 1336 2378 obliterari

286 2410 402 2476 potuisse
420 2407 520 2474 credas,
539 2418 569 2461 ut
586 2409 746 2462 vocabulum
765 2428 820 2462 non
841 2409 915 2462 valde
934 2409 1018 2462 simile
1039 2409 1068 2462 in
1087 2411 1144 2463 eius
1162 2410 1252 2464 locum
1271 2432 1336 2466 suc·

285 2495 381 2547 cedere
408 2495 525 2564 potuerit
556 2494 631 2547 nullo
661 2494 740 2567 plane
767 2495 893 2566 pristinae
918 2495 1070 2566 scriptionis
1099 2496 1208 2566 vestigio
1233 2497 1336 2553 relicto.

284 2582 390 2635 Deinde
409 2601 470 2636 cum
489 2581 599 2634 verbnm
612 2583 777 2648 accurandi,
797 2601 962 2654 quamquam
980 2602 1058 2648 raro,
1082 2582 1227 2654 aliquando
1245 2594 1333 2638 tamen

285 2667 412 2722 Ciceroni
430 2680 586 2741 usurpatum
604 2669 653 2734 sit,
673 2668 751 2722 veluti
770 2668 803 2723 de
820 2668 906 2738 Inr.l,
922 2675 965 2738 34,
985 2675 1034 2726 58:
1053 2671 1147 2723 melius
1165 2689 1334 2724 accuran-

284 2769 358 2823 tur,
376 2776 446 2828 quae
464 2757 574 2809 consilio
590 2768 733 2829 geruntur,
753 2778 833 2829 quam
852 2777 922 2829 qliae
940 2759 997 2810 sine
1011 2759 1120 2811 consilio
1138 2758 1334 2812 administran-

284 2858 349 2906 tur5
369 2858 394 2899 et
410 2865 440 2898 ea
460 2845 568 2917 quidem
586 2845 732 2912 sententia,
760 2857 804 2913 ut,
829 2847 902 2917 quod
927 2846 985 2899 fieri
1004 2847 1116 2913 dicitur,
1143 2865 1205 2900 cum
1225 2865 1288 2901 cura
1309 2859 1334 2901 et

282 2935 371 2989 studio
390 2933 447 2986 fieri
467 2933 586 2996 dicatur,
604 2933 662 2987 fieri
683 2953 759 3004 posse
778 2934 884 2999 credas,
904 2933 1049 3006 aliquando
1062 2935 1146 2995 ,etiam
1166 2934 1266 2988 dictum
1279 2953 1333 2988 esse

282 3043 297 3075 a
318 3019 448 3075 Cicerone
468 3031 597 3073 accurate
614 3020 660 3085 ita,
678 3033 707 3074 ιιι
729 3040 784 3074 non
803 3020 836 3074 de
856 3021 963 3087 ellectu,
982 3022 1027 3075 sed
1046 3022 1079 3075 de
1098 3021 1232 3075 voluntate
1251 3032 1330 3093 atque

282 3111 357 3176 nisu,
385 3107 587 3180 intelligendum
606 3128 661 3162 esse
683 3108 810 3164 rideatur.
853 3110 994 3181 Denique,
1018 3111 1039 3163 si
1062 3110 1114 3164 hoc
1139 3130 1194 3165 non
1221 3111 1333 3165 suadent

281 3199 334 3253 loci
353 3196 493 3250 Ciceronis
509 3216 618 3262 omnes,
643 3195 741 3268 quibus
768 3207 919 3249 accuratus
937 3209 962 3250 et
980 3209 1109 3249 accurate
1128 3197 1239 3268 legitur,
1268 3200 1329 3270 qui·

282 3305 334 3357 que
352 3286 413 3339 satis
433 3296 496 3338 sunt
513 3284 603 3351 multi,
632 3284 811 3354 patrocinium
836 3296 929 3338 nostro
947 3284 1008 3339 loco
1027 3283 1089 3338 huic
1108 3285 1166 3338 roci
1189 3286 1251 3338 inde
1274 3287 1331 3341 sor-

281 3384 347 3425 tasse
366 3383 453 3443 petas,
473 3383 515 3436 ut,
533 3391 596 3426 cum
616 3372 789 3444 praecesserit
806 3382 882 3422 arcte
900 3383 1006 3438 tenent,
1026 3373 1099 3444 quasi
1119 3373 1176 3425 sere
1195 3375 1330 3428 mordicus

280 3461 410 3526 retinent,
435 3460 467 3512 ad
493 3459 559 3512 illud
586 3471 731 3521 accurate,
759 3479 788 3512 ex
807 3459 887 3513 totius
906 3459 980 3530 quasi
1002 3458 1129 3512 orationis
1148 3459 1239 3513 habitu
1258 3462 1330 3529 ripu-

277 3550 356 3616 mpi,
374 3547 520 3618 intelligas:
544 3557 594 3613 „ut
609 3547 659 3600 sibi
686 3548 836 3601 videntur-J*
883 3546 946 3614 Qua
972 3546 1048 3600 inre
1072 3548 1093 3598 si
1112 3546 1155 3599 cui
1173 3545 1206 3598 ad
1227 3565 1329 3600 sermo-

278 3636 321 3689 nis
339 3634 436 3689 comici
454 3635 586 3689 rationem
614 3635 751 3689 accessisse
776 3635 896 3688 videatur
922 3635 1066 3700 sententia,
1091 3632 1156 3686 nihil
1182 3633 1246 3699 erit,
1275 3653 1328 3705 quo

278 3724 368 3776 minus
384 3723 410 3776 id
430 3722 491 3787 fiat,
508 3722 702 3792 impedimenti.
738 3723 772 3778 Et
791 3725 829 3776 sic
847 3742 876 3775 re
896 3742 955 3776 vera
974 3721 1078 3775 locutus
1096 3731 1199 3773 estnon
1220 3718 1329 3773 Plautus

277 3809 364 3863 solum
383 3809 465 3863 Truc.
482 3807 516 3876 Il,
534 3815 560 3875 t,
580 3815 629 3864 2⁰:
658 3814 726 3861 Eam
749 3830 821 3862 nune
845 3811 1023 3862 malitiam
1041 3818 1252 3860 accuratum
1278 3810 1327 3860 mi-

276 3898 316 3951 les
333 3898 454 3949 inveniet
475 3897 554 3957 νοΙο,Ι
581 3898 625 3951 sed
645 3899 725 3952 etiam
741 3899 884 3952 Terentius
910 3899 995 3951 Andr.
1015 3896 1058 3961 ΙΙΙ,
1079 3901 1103 3960 2,
1123 3899 1171 3948 12:
1198 3897 1273 3946 itone
1292 3925 1325 3934 -

274 3985 388 4036 idoneus
415 3984 474 4034 Tibi
498 3985 588 4038 videor
612 4003 681 4047 esse,
711 4003 788 4054 quern
816 3995 873 4035 tom
898 4003 914 4034 α
919 3994 1023 4052 perte
1046 3982 1189 4052 fallere
1214 3980 1327 4048 incipias

275 4069 367 4123 dolis?
403 4070 505 4121 Saltem
524 4079 699 4123 accurate.
741 4068 797 4121 lam
817 4088 895 4122 causa
916 4068 984 4122 dicta
1012 4079 1064 4133 est,
1082 4067 1195 4120 iudices:
1220 4066 1266 4119 frat
1284 4066 1328 4118 iu-

275 4158 385 4213 dicium.
423 4157 483 4212 llllr.

696 4274 903 4287 μ--ι--ι--ι
