3450 5342
344 657 366 728 2
672 676 844 725 rsnsnoxs
873 674 1067 721 srorsonuu.

345 851 596 933 rogatiunculis,
633 848 726 928 quasi
759 848 905 928 punctis,
941 844 1030 926 quod
1065 842 1255 924 proposuit,
1292 844 1396 908 efficit.

346 986 410 1053 Sed
437 987 517 1051 nibil
549 990 598 1049 cst
629 990 695 1049 tam
721 981 932 1057 incredibile,
967 979 1056 1059 quod
1082 994 1149 1041 non
1176 978 1322 1042 dicendo
1346 980 1395 1043 fiat

343 1123 533 1205 probabile:
576 1120 656 1184 nihil
683 1123 751 1185 tam
776 1117 966 1194 horridum,
999 1120 1066 1179 tam
1098 1115 1275 1191 incultum,
1312 1117 1393 1196 qarod

343 1277 412 1324 non
432 1256 637 1341 splendescat
658 1255 809 1320 oratione
827 1257 860 1317 et
877 1257 1046 1331 tamquam
1064 1251 1245 1315 excolatur.
1301 1249 1392 1328 Quod

345 1412 420 1459 cum
446 1394 492 1458 ita
517 1397 677 1474 putarem,
704 1390 766 1454 leci
793 1390 891 1454 ctiam
919 1386 1085 1464 audacius,
1112 1402 1210 1466 quam
1237 1385 1294 1449 ille
1319 1386 1391 1467 ipse,

344 1528 385 1594 de
413 1547 480 1611 quo
507 1530 637 1609 loquor.
695 1524 777 1593 Cato
806 1527 895 1590 enim
920 1525 1080 1589 duntaxat
1106 1520 1147 1584 de
1172 1520 1392 1602 magnitudine

345 1664 463 1741 animi,
490 1663 532 1728 de
557 1662 775 1739 continentia,
801 1661 842 1725 de
870 1664 994 1736 morte,
1021 1658 1062 1723 de
1088 1659 1180 1723 omni
1204 1660 1305 1724 laude
1331 1661 1390 1723 rir-

344 1799 431 1876 tutis,
460 1798 500 1864 dc
527 1798 588 1863 diis
615 1798 866 1875 immortalibus,
893 1796 933 1859 de
960 1796 1095 1860 caritate
1124 1795 1262 1876 patriae,
1289 1794 1390 1859 Stoice

344 1938 437 2012 solet,
463 1936 617 2000 oratoriis
639 1935 840 2000 ornamentis
862 1931 1027 2009 adhibitis,
1053 1930 1172 1995 dicere.
1223 1928 1296 2010 Ego
1318 1946 1390 1993 vero

344 2069 400 2133 illa
420 2070 502 2149 ipsa,
529 2086 614 2148 quae
640 2070 697 2131 rix
723 2070 757 2132 in
783 2067 960 2148 gymnasiis
988 2070 1020 2131 et
1046 2069 1080 2131 in
1104 2068 1173 2131 otio
1193 2065 1296 2132 Stoici
1318 2085 1390 2149 pro-

343 2204 440 2281 bant,
474 2202 589 2267 ludens
612 2205 739 2286 conjeci
764 2206 798 2268 in
824 2220 1016 2268 communes
1042 2204 1158 2268 locos·
1198 2202 1392 2305 Quae)quin
1433 2164 1436 2172 Ι

344 2344 420 2403 sunt
455 2338 662 2404 admirabilia
694 2345 876 2422 contraque
914 2341 1105 2422 opinionem
1143 2340 1313 2419 omnium,
1353 2341 1391 2404 ab

343 2476 422 2557 ipsis
444 2475 542 2539 etiam
566 2458 767 2572 παράδοξα
792 2478 1017 2559 appellantur;
1042 2480 1169 2541 lentare
1190 2478 1293 2554 volui,
1319 2495 1392 2559 pos-

264 2656 270 2664 κ
344 2617 458 2675 senine
482 2611 624 2693 proferri
648 2612 682 2677 in
706 2613 823 2690 lucem,
850 2611 964 2690 idest,
990 2613 1024 2676 in
1050 2611 1170 2690 lorum,
1196 2612 1298 2678 etita
1322 2613 1391 2689 dici,

342 2752 379 2813 ut
408 2748 646 2829 probarentur,
682 2768 725 2815 an
758 2751 823 2815 alia
849 2747 1014 2830 quaedam
1039 2750 1126 2811 esset
1151 2747 1297 2825 erudita,
1330 2748 1392 2813 alia

343 2885 513 2964 popularis
539 2885 664 2949 oratio:
699 2901 807 2964 eoque
840 2883 956 2964 scripsi
988 2883 1158 2961 libentius,
1193 2884 1287 2965 quod
1314 2884 1391 2951 mibi

341 3015 413 3093 ista,
438 2999 641 3109 παράδοξα
668 3036 754 3097 quae
778 3020 955 3100 appellant,
981 3005 1126 3085 maxime
1148 3020 1302 3087 videntur
1322 3040 1391 3089 esse

341 3148 510 3215 Socratica
532 3151 697 3232 longeque
716 3153 899 3218 verissima.
948 3156 1099 3239 Accipies
1116 3157 1214 3237 igitur
1232 3158 1300 3223 boc
1316 3176 1391 3241 par-

341 3302 420 3350 vum
455 3287 668 3366 opusculum,
704 3289 911 3356 lucubratum
945 3292 1092 3375 hislam
1119 3295 1391 3361 contractioribus

340 3420 509 3487 noctibus:
537 3423 694 3504 quoniam
719 3426 800 3491 illud
823 3428 988 3495 maiorum
1010 3431 1195 3513 vigiliarum
1217 3450 1338 3501 munus
1358 3436 1390 3501 in

266 3622 277 3629 ,
340 3560 397 3621 tuo
431 3557 566 3623 nominc
596 3562 765 3641 apparuit:
800 3566 833 3628 et
858 3563 1046 3644 degustabis
1070 3584 1173 3647 genus
1202 3568 1269 3635 boc
1294 3586 1390 3637 exer·

339 3691 532 3755 citationum
558 3711 683 3772 earum,
709 3697 828 3776 quibus
854 3700 900 3763 uti
927 3703 1095 3781 consuevi,
1119 3719 1196 3768 cum
1221 3722 1273 3784 ea,
1307 3722 1391 3789 quae

339 3822 491 3893 dicamur
516 3826 550 3890 in
582 3829 704 3893 scholis
735 3821 903 3917 θετικοί,
936 3837 979 3902 ad
1011 3842 1162 3903 nostrum
1185 3840 1254 3905 boc
1277 3844 1391 3908 orato-

337 3960 423 4025 rium
458 3962 621 4028 transfero
656 3965 784 4033 dicendi
817 3986 931 4051 genus.
991 3972 1063 4039 Hoc
1094 3978 1206 4039 umen
1240 3994 1328 4059 opus
1359 3978 1393 4043 ln

336 4099 508 4179 acceptum
537 4103 573 4162 ut
597 4100 740 4182 reseras,
767 4106 848 4172 nilril
873 4110 1023 4190 postulo:
1056 4126 1126 4175 non
1151 4113 1201 4175 est
1225 4112 1334 4193 enim,
1357 4116 1394 4179 ul

336 4228 372 4294 in
397 4247 474 4297 arce
499 4235 579 4316 poni
608 4240 729 4318 possit,
764 4244 858 4322 qnasi
884 4244 942 4309 illa
966 4243 1117 4311 Minerva
1141 4246 1297 4315 Phidiae:
1319 4248 1394 4315 'sed

335 4363 462 4443 tamen,
489 4374 524 4433 ut
550 4386 592 4435 ex
618 4371 735 4439 eadem
761 4374 897 4443 cilicina
921 4376 1031 4443 exisse
1055 4387 1224 4462 appareat
