3450 5342
338 655 444 701 xxvtu
504 653 742 701 ruotuoousrm
768 653 810 699 to
840 651 1009 698 ulcerosus
1036 651 1224 700 PAMDOXX.

339 814 409 866 vides
426 814 603 884 suspicionem
622 822 708 867 ortam
728 829 782 864 esse
801 830 829 864 er
851 829 928 880 prora
948 811 1093 864 multorum
1120 811 1254 867 librorum
1280 813 1390 870 lectione
1425 830 1427 873 Ι

339 901 365 953 in
393 903 550 967 Prooemio,
581 902 626 955 ubi
655 920 729 953 nunc
753 911 825 954 recte
856 899 953 970 legitur
977 899 1006 950 in
1041 911 1224 969 occeptum
1244 911 1278 953 ut
1306 905 1390 975 refr-
1425 892 1427 931 2

338 1010 403 1042 ras.
447 990 572 1055 Accedit,
606 989 678 1060 quod
711 989 738 1040 in
764 989 858 1041 eodeni
880 987 1019 1058 prooemio
1045 987 1176 1058 significat
1203 988 1262 1060 ipse
1287 988 1388 1055 Cicero,

338 1079 451 1148 proserii
468 1097 496 1131 se
515 1076 581 1129 velle
599 1077 626 1129 in
644 1077 733 1131 lucem
752 1077 791 1139 id,
811 1077 883 1148 quod
903 1075 955 1129 hoc
973 1075 1063 1128 libello
1083 1077 1226 1130 scribendo
1246 1078 1388 1131 tentaverit

335 1165 457 1236 Ipsorum
476 1175 566 1217 antem
585 1162 739 1217 Stoicorum
758 1165 791 1218 de
810 1165 849 1218 his
863 1163 1002 1234 paradoxis
1018 1164 1161 1217 sententias
1181 1163 1316 1220 laudatio
1335 1163 1388 1217 Ma·

336 1253 501 1306 nuductione
528 1251 561 1303 ad
586 1251 783 1323 Philosophiam
813 1253 931 1306 Stoicam
955 1252 985 1306 1..
1004 1251 1048 1305 ΙΙΙ.
1074 1251 1193 1305 Uisa-ll.
1221 1272 1248 1324 p.
1267 1257 1333 1307 too.
1352 1253 1386 1305 ed.

338 1339 439 1404 Vesal.,
460 1359 574 1411 quarum
593 1341 658 1394 dues
676 1340 861 1408 Graecorum,
900 1360 981 1393 unam
1007 1338 1122 1394 hominis
1140 1339 1257 1392 Romani
1286 1341 1387 1393 addam.

337 1426 480 1499 Chrysippi
499 1429 625 1492 enimihi
638 1422 837 1483 hsecalsertde
855 1424 1026 1498 παραδόξοις·
1046 1422 1098 1480 An·
1117 1430 1161 1478 sul
1178 1423 1226 1479 dul
1244 1423 1296 1495 τήν
1315 1423 1387 1497 sintp-

336 1511 417 1582 βολήν
435 1517 482 1566 τοῦ
500 1535 528 1566 τε
545 1520 673 1580 μεγέθους
691 1522 735 1568 καὶ
752 1520 801 1568 τοῦ
819 1516 930 1575 κάλλους
949 1513 1231 1577 πλάσμασι.δοκοῦμεν
1256 1510 1334 1576 lipom
1351 1518 1386 1567 li-

336 1622 405 1667 7uv,
421 1608 465 1654 καὶ
482 1600 514 1654 ου’
531 1601 589 1655 κατ’
606 1602 747 1674 ἄνθρωπον
763 1609 807 1655 nul
824 1599 874 1672 τήν
892 1602 1062 1673 ἀνθρωπίνην
1076 1604 1168 1666 elan:
1186 1601 1326 1657 Cleanthis
1343 1623 1385 1657 ou·

339 1701 405 1743 teins
425 1692 560 1761 παράδοξα
577 1695 630 1755 μὲν,
650 1690 681 1745 οὐ
698 1689 752 1761 μήν
770 1689 918 1761 παράλογα.
955 1691 992 1743 Ει
1010 1691 1129 1745 Senecae
1148 1703 1238 1745 autem
1259 1691 1292 1743 de
1304 1691 1384 1745 Bene-

337 1781 402 1836 liciis
421 1780 489 1833 libro
509 1780 541 1847 ll,
560 1783 604 1835 35.
624 1780 702 1834 haec:
728 1783 757 1834 A
782 1780 974 1832 consuetudine
1001 1781 1148 1850 quaedum,
1175 1797 1245 1849 quae
1271 1779 1384 1840 dicimus,

337 1867 498 1921 obhorrent:
529 1869 622 1920 deinde
648 1869 706 1919 aliu
730 1868 777 1920 viu
797 1867 840 1921 ad,
854 1867 1074 1918 consuetudinem
1100 1866 1221 1919 redeunt.
1264 1862 1383 1918 Ceterum

338 1953 418 2024 louge
443 1958 573 2009 maiorem
596 1956 676 2008 luisse
705 1955 905 2008 Paradoxorum
938 1953 1093 2007 Stoicorum
1121 1972 1280 2018 numerum,
1310 1971 1383 2024 quam

338 2061 407 2111 quse
425 2041 530 2096 lihellus
547 2053 637 2095 noster
656 2043 777 2112 exponit,
797 2054 891 2095 notum
910 2053 958 2095 est.
1000 2042 1089 2096 Pauco
1113 2053 1231 2108 tanturn,
1252 2061 1342 2114 neque
1358 2061 1384 2095 sa

340 2130 499 2200 praecipua,
517 2129 664 2182 tractavisse
683 2128 859 2194 Ciceronem,
884 2131 965 2202 idque
985 2150 1039 2183 uon
1060 2128 1210 2201 philosophi
1228 2130 1277 2182 sed
1300 2143 1384 2183 orato-

339 2217 374 2268 ris
394 2217 490 2283 modo,
510 2217 575 2271 dicit
590 2218 695 2288 Lipsius
711 2218 729 2270 Ι.
749 2239 771 2272 c.
791 2240 816 2290 p.
834 2223 887 2273 149
898 2221 931 2287 *).
968 2219 1146 2290 Hieronymus
1164 2229 1254 2272 autem
1274 2218 1385 2272 Wolfius

339 2304 490 2369 contendit,
509 2307 576 2355 lsoec
594 2305 760 2376 potissimum
780 2306 907 2378 delegisse
926 2305 1102 2373 Ciceronem,
1131 2307 1210 2378 quia,
1235 2307 1281 2359 lris
1308 2307 1384 2378 probo

339 2392 466 2462 cognitis,
491 2393 593 2464 reliqua
620 2394 777 2448 existimaret
801 2396 921 2449 faciliora
944 2415 999 2449 esse
1022 2396 1111 2448 omnia
1132 2406 1159 2447 et
1183 2395 1217 2448 ad
1239 2395 1384 2466 intelligen-

304 2544 308 2549 ᾖ
339 2480 402 2532 dum
422 2481 638 2553 expeditiors**).
686 2483 812 2556 Disputat
837 2484 964 2538 antemi.
984 2483 1088 2554 Lipsius
1107 2483 1139 2535 de
1160 2482 1251 2552 viginti
1271 2483 1383 2554 quinque

339 2567 453 2639 amplius
471 2568 626 2633 Paradosis,
646 2589 700 2622 nou
720 2572 823 2624 omissis
840 2572 885 2637 iis,
906 2592 973 2643 quae
993 2569 1088 2624 Cicero
1108 2569 1236 2631 tractavit,
1254 2569 1383 2623 omniunt·

340 2676 392 2728 que
411 2667 437 2710 et
455 2656 594 2710 sedern'et
611 2659 770 2712 sententiam
798 2661 905 2732 exponit
923 2659 940 2712 l.
960 2679 982 2712 c.
1002 2659 1069 2712 Diss.
1087 2657 1231 2711 ll—XXl.
1251 2677 1279 2729 p.
1298 2659 1382 2711 ott-

339 2750 400 2800 821.
446 2745 478 2798 Et
502 2745 534 2798 de
558 2748 645 2815 primo
673 2748 781 2818 quidem
806 2770 839 2803 ac
856 2750 972 2801 secundo
990 2747 1110 2819 loquitur
1135 2747 1163 2798 1..
1184 2744 1215 2800 ll.
1242 2745 1312 2798 Diss.
1330 2743 1381 2798 XX.

340 2856 366 2906 p.
384 2837 550 2889 129-132.
569 2834 598 2886 L.
618 2834 662 2888 ΙΙΙ.
680 2835 748 2889 Diss.
766 2840 799 2890 X.
820 2859 846 2909 p.
864 2840 1038 2899 trs-tun
1057 2835 1090 2887 de
1109 2835 1189 2885 tertio
1208 2833 1238 2885 L.
1257 2831 1304 2889 Ill.
1323 2832 1382 2885 Diss.

339 2923 411 2976 XXl.
439 2942 465 2992 p.
483 2924 655 2985 suo-'8083
687 2922 720 2974 de
747 2936 846 2996 quarto
877 2926 912 2979 ih.
938 2925 1006 2978 Diss.
1025 2925 1085 2977 XX.
1114 2943 1138 2993 p.
1155 2924 1327 2987 Sos-sou,
1356 2920 1383 2971 de

340 3009 434 3078 quinto
462 3008 532 3061 Diss.
549 3006 608 3073 XII,
634 3027 660 3078 p.
678 3012 848 3077 tes-ts&
883 3014 916 3067 de
942 3024 1019 3066 sexto
1047 3011 1163 3082 denique
1186 3009 1223 3063 ih.
1252 3008 1321 3063 Diss.
1344 3005 1381 3071 Xl,

347 3140 551 3150 ο--ι-ο-ι

411 3218 438 3280 *)
458 3213 776 3286 Morgensternius,
797 3230 890 3272 contra
910 3220 988 3291 Lipsii
1008 3217 1174 3282 sententiam,
1199 3217 1303 3287 potiora
1324 3234 1381 3270 cnn·

340 3285 423 3339 tendit
443 3289 602 3339 Ciceronem
622 3288 743 3359 elegisse:
762 3291 834 3362 quorl
852 3291 915 3344 mihi
935 3310 1046 3362 quoque
1067 3290 1177 3341 videtur.

392 3360 433 3424 **)
453 3358 543 3411 Relert
562 3359 632 3412 idem
651 3360 782 3425 Wolsius,
809 3363 957 3433 scripsisse,
984 3365 1017 3416 ad
1043 3360 1219 3414 imitationem
1243 3355 1381 3416 Ciceronis,

339 3430 448 3483 doctum
460 3430 594 3502 quendam
604 3429 709 3499 Italum,
721 3433 783 3486 Bra
794 3454 810 3485 n
819 3435 835 3486 d
844 3453 860 3487 o
868 3435 876 3486 Ι
885 3436 893 3487 i
902 3455 919 3487 n
929 3455 946 3487 u
955 3454 980 3486 m
994 3433 1109 3505 Lippurn
1120 3432 1178 3502 [qui
1196 3431 1247 3482 luit
1258 3427 1381 3482 Florenti-

341 3522 405 3568 nus,
425 3501 525 3555 Romae
543 3515 664 3557 mortuus
684 3525 706 3556 a.
725 3509 823 3570 1498.
838 3517 909 3577 peste
928 3504 1094 3576 absumptus]
1121 3513 1222 3574 septem
1243 3499 1382 3553 Purodoxo

341 3575 510 3637 Christiano,
538 3594 653 3646 quorum
683 3575 733 3629 tria
760 3578 849 3648 priora
877 3588 950 3629 sunt:
993 3575 1151 3646 Diligentius
1180 3590 1236 3624 esse
1264 3571 1382 3624 inimicos.

340 3647 456 3694 Mortem
467 3648 581 3713 flagitio
597 3664 654 3696 esse
672 3649 893 3714 anteponendum.
930 3647 1041 3697 Nullam
1060 3646 1087 3696 in
1106 3647 1158 3695 hoc
1176 3645 1234 3696 vita
1255 3661 1310 3695 esse
1321 3638 1382 3710 fili-

339 3715 458 3765 cr'totem.
494 3715 576 3767 Addit
591 3716 672 3779 idem,
691 3716 758 3768 duos
775 3717 845 3770 viros
863 3717 956 3770 doctos
974 3729 1067 3770 contra
1082 3715 1241 3769 Ciceronem
1258 3711 1383 3782 scripsisse

341 3783 566 3850 Antiperarloxos
587 3785 702 3838 Vitum
714 3787 737 3837 Α
747 3804 817 3838 mer
823 3787 949 3855 pachiu
958 3807 983 3839 m
996 3789 1054 3859 [qui
1064 3786 1168 3858 scripsit
1181 3787 1260 3838 etiam
1274 3785 1382 3836 Enarra-

341 3853 425 3906 tiones
444 3852 574 3906 librorum
594 3854 626 3906 de
645 3855 763 3923 Officiis,
790 3857 869 3910 Basil.
889 3857 1005 3929 Oporin.
1025 3862 1102 3913 1548.
1122 3859 1173 3925 8.],
1192 3857 1298 3910 brevius
1316 3853 1382 3907 illum

340 3922 449 3995 quidem
470 3935 495 3976 et
509 3925 665 3992 adstrictius,
683 3926 727 3980 sed
748 3929 882 3982 nervosius
901 3942 927 3982 et
944 3929 1090 3983 efficacius:
1111 3943 1135 3982 et
1149 3928 1186 3980 Μ.
1199 3927 1383 3981 Antonium

341 3994 581 4065 Maioragium,
599 3998 682 4050 {usius
697 4009 722 4050 et
739 4000 882 4070 copiosius,
900 4001 944 4053 sed
966 4004 1048 4072 magis
1066 4003 1098 4054 ad
1118 4000 1218 4070 ingenii
1237 3995 1383 4052 ostentatio·

342 4086 413 4131 nem,
433 4086 513 4138 quarn
527 4068 560 4120 ad
572 4079 660 4122 tantae
670 4074 862 4124 controversiae
875 4074 1075 4143 explicationem
1089 4073 1253 4142 diligentem.
1265 4072 1301 4138 [A
1310 4083 1384 4121 mer·

342 4160 379 4208 pa
389 4138 460 4192 chii
479 4140 690 4208 Antiparadoxu
703 4142 860 4211 prodierunt
871 4145 1039 4216 Argentorati
1057 4165 1080 4197 a.
1092 4148 1170 4199 1541.
1188 4147 1222 4207 8.,
1242 4142 1384 4194 Maiora·

342 4211 391 4279 gii
405 4221 492 4263 autem
503 4210 636 4282 Lugduni,
656 4231 679 4264 a.
690 4214 769 4266 1546.
804 4213 854 4266 Hic
871 4236 931 4269 rero
949 4235 980 4269 eo
997 4217 1104 4268 nomine
1118 4216 1234 4286 graviter
1246 4213 1385 4284 reprehen-

343 4299 387 4331 sus
404 4294 441 4334 est
462 4303 475 4334 a
495 4281 608 4335 Mario
626 4282 724 4335 Nizol
733 4282 740 4334 i
749 4303 765 4335 o
784 4285 810 4336 in
827 4284 958 4356 Epistola,
980 4308 1059 4359 quarn
1080 4287 1136 4357 lege
1147 4286 1181 4338 sis
1194 4287 1221 4338 in
1234 4286 1386 4337 collectione

343 4352 527 4418 Epistularum
546 4354 780 4428 Morq.11'udiiet
799 4355 907 4408 Claudii
925 4361 1056 4424 Sorravr'i,
1075 4377 1155 4430 quarn
1166 4357 1248 4410 edidit
1267 4357 1297 4408 P.
1310 4354 1387 4406 Bur-

345 4439 503 4490 mannus,
523 4424 805 4496 llagaeCom.1l11.
825 4430 850 4480 4.
870 4448 895 4499 p.
917 4431 1092 4497 132-1st.]
1137 4428 1195 4500 Ego
1222 4439 1315 4481 neutra
1334 4419 1386 4476 vidi·
