3450 5342
682 693 723 738 sn
757 688 953 740 rsasuaxon
974 693 1004 755 v,
1022 688 1047 737 s.
1314 669 1387 747 353

333 849 488 904 bominibus
506 849 558 905 dici
578 849 695 905 solitam:
715 851 777 904 inde
798 863 901 923 patrem
920 864 946 906 et
964 863 1076 906 matrem
1097 850 1212 905 familiae
1232 865 1320 923 postea
1339 857 1390 913 boc

333 940 445 992 nomine
457 939 584 1010 famulos
601 939 757 1011 appellatos.
793 941 909 992 Romani
925 951 1036 999 veteres,
1055 951 1085 994 ut
1101 939 1137 993 ait
1151 939 1304 994 Macrobius
1321 943 1390 1000 libro

333 1025 517 1083 Saturnalium
536 1027 640 1099 primo,
660 1046 761 1080 ornnem
779 1028 891 1079 dominis
910 1029 1055 1094 invidiam,
1078 1046 1178 1080 ornnem
1195 1031 1280 1082 servis
1296 1043 1391 1084 cantu-

309 1172 320 1190 Ι
334 1109 440 1166 melione
457 1114 644 1181 detrabentes,
674 1115 808 1168 dominum
828 1125 937 1186 patrem
955 1114 1099 1187 familias,
1123 1134 1213 1169 servos
1234 1117 1392 1189 familiares

334 1202 551 1272 appellaverunt.
599 1202 630 1255 ln
658 1221 796 1256 servorum
823 1213 912 1256 sutem
930 1202 1034 1256 familia
1049 1202 1120 1256 aliud
1139 1201 1252 1256 aliorum
1271 1203 1390 1258 officium

334 1301 388 1357 est,
407 1290 452 1344 sed
471 1290 517 1362 qui
535 1289 682 1356 fideliores,
709 1288 923 1357 honoratiores,
938 1289 1064 1345 lautiores
1090 1301 1181 1356 erant,
1210 1289 1236 1342 bi
1260 1291 1392 1345 atrienses

333 1377 556 1450 appellabantur,
581 1378 653 1450 quod
680 1379 707 1430 in
734 1378 802 1431 atrio
827 1377 1000 1430 dominorum
1026 1377 1140 1445 divitias,
1164 1381 1252 1450 signa,
1279 1379 1390 1446 tabulas,

333 1464 464 1536 imagines
482 1465 615 1518 maiorum
635 1464 809 1519 custodirent.
856 1463 1094 1531 Quemadmodum
1123 1467 1169 1538 qui
1194 1480 1270 1522 erant
1287 1468 1392 1522 viliores

334 1564 361 1606 et
379 1551 535 1606 abiectiores
551 1552 706 1605 mediastini
723 1551 898 1618 dicebantur,
917 1552 1000 1624 quod,
1027 1552 1057 1605 in
1075 1554 1164 1607 medio
1182 1566 1287 1621 stantes,
1306 1558 1390 1628 parati

334 1638 420 1698 essem
439 1640 473 1693 ad
492 1640 615 1693 omnium
633 1639 755 1711 imperia.
804 1638 895 1693 Veluti
920 1639 948 1692 in
967 1639 1092 1693 domibus
1110 1639 1241 1693 nobilium
1261 1653 1322 1695 sunt
1339 1646 1392 1696 mi·

334 1728 427 1794 nistri,
452 1727 499 1800 qui
518 1727 598 1798 vulgo
616 1727 787 1800 appellantur
811 1727 905 1781 famuli
923 1747 972 1800 per
991 1738 1101 1782 cortem.
1143 1727 1286 1781 Nonnullis
1303 1740 1391 1782 autem

335 1817 437 1870 civibus
455 1817 574 1870 romanis
592 1827 645 1869 tam
664 1833 778 1886 magnae
797 1834 934 1869 serrorum
954 1815 1071 1868 familiae
1089 1825 1181 1881 erant,
1206 1827 1236 1870 ut
1253 1815 1291 1868 M.
1311 1815 1392 1869 Cras·

334 1925 393 1972 sus,
418 1916 528 1959 auctore
544 1903 691 1958 Plutarcbo
716 1903 744 1955 in
765 1903 822 1957 eius
841 1903 911 1969 vita,
926 1903 969 1956 ⁴ad
994 1903 1155 1974 quingentos
1179 1921 1268 1955 serras
1289 1902 1392 1956 fabrilis

336 1992 400 2044 artis
419 2001 446 2043 et
462 1990 654 2045 architecturae
674 1990 772 2062 peritos
791 1991 893 2044 emerit.
912 2018 946 2028 -
987 1991 1033 2042 Ao
1050 2000 1082 2042 tu
1097 1991 1162 2060 pari
1180 1991 1314 2058 stultitia]
1362 1989 1392 2042 Si

335 2080 476 2133 emendata
495 2079 574 2133 lectio
592 2090 645 2146 est,
664 2080 793 2132 sententia
813 2089 865 2131 ests
883 2077 925 2130 Tu
948 2097 975 2130 es
993 2077 1071 2131 simili
1090 2077 1213 2143 stultitia,
1232 2088 1312 2148 atque
1330 2089 1392 2130 sunt

336 2167 404 2220 serii
423 2167 565 2234 atrienses,
590 2186 658 2239 quos
675 2166 750 2237 signa
769 2166 890 2238 aliaque,
919 2183 988 2236 quae
1006 2164 1056 2236 ipsi
1082 2164 1110 2218 in
1131 2165 1203 2218 atrio
1231 2164 1390 2230 custodiunt,

337 2255 500 2311 delectant-‘⁴

355 2334 359 2340 ⁴
416 2342 543 2414 Xystus
573 2341 769 2396 Betuleius:
817 2338 1006 2405 „Atriensium
1038 2358 1142 2394 summa
1181 2351 1254 2404 erat¹
1274 2339 1391 2394 auctori-

337 2441 391 2494 tas,
425 2429 498 2501 quod
526 2429 629 2483 domini
659 2430 764 2502 negotia
789 2440 979 2501 procurarent,
1012 2447 1054 2482 res
1080 2429 1184 2482 venales
1208 2427 1391 2495 distraherent,

338 2516 426 2570 debita
445 2517 595 2587 erigerent,
621 2528 648 2570 et
672 2519 700 2569 in
726 2517 793 2570 alios
811 2535 899 2570 servos
926 2537 982 2571 non
1011 2536 1106 2589 parum
1132 2516 1196 2570 iuris
1221 2528 1409 2593 usurparentr

338 2602 411 2672 quod
431 2621 459 2655 ex
474 2604 562 2657 Plauti
572 2603 694 2657 Asinaria
712 2604 839 2676 cognosci
859 2615 954 2675 potest.
990 2603 1115 2658 Arbitror
1134 2614 1159 2658 et
1176 2604 1301 2658 alimenta
1320 2616 1392 2658 cete-

338 2690 375 2742 ris
393 2690 472 2742 sersis
490 2690 606 2744 dividere
623 2691 727 2759 solitos,
751 2701 777 2746 e't
797 2691 861 2745 inde
879 2692 912 2745 ab
932 2691 1000 2745 atrio
1018 2710 1118 2745 nomen
1137 2693 1286 2763 sumpsisse.
1319 2690 1392 2745 Con·

337 2788 387 2831 stat
405 2777 477 2831 enim
497 2778 525 2830 in
542 2779 610 2832 atrio
628 2778 760 2850 sporttdas
780 2779 934 2851 cibariaque
953 2778 1123 2855 distribuisse.
1160 2778 1233 2834 Haec
1251 2776 1346 2833 rbleist.v
1364 2777 1391 2831 in

338 2864 357 2918 l.
377 2868 429 2919 203
448 2865 478 2918 li.
503 2866 537 2919 de
560 2866 715 2920 Verborum
740 2868 829 2939 signif.
890 2866 946 2919 Nos
969 2867 1041 2920 enim
1068 2867 1181 2921 dicimus
1207 2866 1391 2936 Hofmeistere

338 2950 388 3003 nisi
409 2951 482 3022 quod
514 2951 596 3005 nostri
615 2952 715 3007 liberae
741 2954 904 3008 conditionis
932 2964 1001 3007 sunt.
1019 2981 1054 2992 -
1090 2955 1185 3024 Aeque
1211 2952 1296 3004 serris
1323 2950 1391 3003 Nam

336 3041 488 3097 Martianus
505 3061 613 3113 quoque
631 3042 829 3119 iureconsultus
847 3042 925 3108 dicit,
950 3061 1087 3096 serrorum
1106 3059 1189 3095 unam
1208 3039 1390 3094 conditionem

337 3149 407 3195 esse,
427 3129 574 3183 liberorum
593 3130 723 3185 multas.“-

409 3216 443 3269 D.
470 3217 673 3271 Lambinusz
711 3217 799 3271 Locus
827 3227 865 3269 est
889 3217 1034 3269 admodum
1067 3225 1225 3285 corruptus,
1256 3214 1335 3268 etiam
1363 3214 1390 3264 in

336 3304 534 3377 exemplaribus
550 3304 682 3374 antiquis,
711 3320 829 3373 quorum
854 3301 905 3354 alia
924 3301 1038 3354 babenti
1064 3302 1209 3364 atrienses,
1241 3309 1306 3350 actu
1330 3300 1393 3368 pari

337 3393 476 3445 stultitias
494 3411 579 3452 suae,·
605 3390 670 3443 alia:
701 3392 778 3441 actui
801 3389 867 3457 pari
890 3387 970 3439 stult.
989 3396 1055 3450 etc.;
1080 3385 1145 3438 alia:
1175 3384 1306 3436 atrienses
1331 3394 1392 3435 acta

330 3481 399 3550 >pari
418 3491 484 3544 etc.;
513 3480 610 3551 quibus
632 3477 773 3550 scripturis
797 3485 851 3529 tam
880 3474 1049 3529 dissimilibus
1074 3474 1145 3528 inter
1169 3490 1197 3524 se
1222 3468 1331 3541 quidum
1356 3471 1392 3523 ita

337 3567 440 3621 mederi
459 3571 549 3622 consti
566 3577 644 3634 sunt,
670 3577 700 3618 ut
717 3561 1018 3633 existimarempsrtim
1043 3557 1186 3631 legendum
1212 3555 1342 3608 atrienses
1361 3574 1393 3607 ac

338 3655 463 3724 topiarii:
475 3654 594 3728 partim:
612 3655 743 3706 atrienses
760 3651 881 3704 actuarii
892 3662 952 3715 etc,
970 3650 1016 3703 sed
1030 3650 1136 3702 frustra.
1173 3643 1296 3698 Omnino
1310 3661 1394 3715 quae·

337 3744 401 3796 dam
413 3743 503 3796 deesse
521 3743 650 3795 videntur.
685 3742 818 3795 Putabam
836 3740 906 3794 banc
924 3758 979 3799 esse
996 3735 1152 3796 sententiam
1163 3732 1302 3787 Ciceronis
1319 3749 1393 3783 eam-

339 3850 393 3902 que
407 3829 449 3883 bis
467 3831 553 3884 serbis
571 3829 680 3901 exprimi
701 3849 790 3900 posse:
808 3829 904 3900 Atque
922 3838 953 3880 ut
971 3828 1000 3880 in
1019 3844 1117 3899 magna
1131 3824 1245 3898 familia
1261 3832 1325 3876 sunt
1344 3819 1394 3872 alii

338 3918 505 3971 honestiores
523 3937 557 3970 aa
575 3918 723 3981 lautiores,
741 3928 773 3970 ut
792 3915 844 3969 sibi
862 3917 1002 3982 videntur,
1020 3916 1093 3968 servi
1099 3935 1109 3976 ‚·
1133 3913 1181 3965 sed
1207 3922 1297 3962 tamen
1314 3908 1392 3969 servi,

339 4015 372 4056 ut
391 4006 540 4057 atrienses:
562 4004 702 4056 sic—stulti
719 4023 815 4068 omnes,
834 4013 866 4054 ut
885 4013 926 4066 tu,
942 4019 1023 4072 pares
1041 4003 1113 4052 inter
1130 4016 1158 4050 se
1176 3995 1300 4049 stultitia
1309 4002 1391 4044 sunt:

338 4092 388 4144 sed
405 4101 496 4144 tarnsn
514 4091 645 4162 insignior
662 4109 753 4144 sorum.
768 4089 892 4143 stultitia
910 4099 967 4154 est,
986 4107 1053 4160 quos
1069 4087 1148 4157 signa
1168 4095 1216 4137 etc.
1253 4080 1346 4149 Quid?
1371 4081 1391 4132 si

338 4177 393 4233 boc
410 4178 494 4232 modo
510 4177 644 4250 legamus:
669 4180 764 4250 Atque
782 4188 814 4229 ut
832 4177 860 4228 in
879 4194 978 4246 magna
998 4175 1113 4246 familia
1140 4182 1204 4224 sunt
1223 4170 1273 4223 alii
1290 4169 1393 4222 lautio-

339 4286 392 4330 res,
409 4277 442 4318 ut
457 4266 508 4319 sibi
524 4266 659 4330 vitientur,
677 4266 764 4318 servi:
783 4266 832 4318 sesi
849 4263 1028 4328 remanserit,
1047 4272 1079 4313 ut
1091 4259 1184 4312 medici
1190 4297 1197 4325 ,
1216 4265 1392 4328 anagnostae,

339 4356 488 4407 atrienses:
508 4354 557 4405 alii
574 4354 703 4426 inferiore
721 4354 792 4417 loco,
811 4362 842 4404 ut
861 4350 1028 4404 mediastini:
1048 4350 1090 4399 ito
1108 4345 1263 4415 copiosiores
1279 4341 1321 4396 illi
1333 4341 1391 4414 qui-

340 4443 398 4495 dem
417 4454 444 4494 et
464 4441 690 4508 abundantiores,
709 4443 757 4495 sed
770 4441 835 4513 pori
853 4439 977 4495 stultitia
996 4446 1075 4496 sunt,
1095 4452 1160 4507 quos
1179 4435 1248 4488 etc.“
1329 4432 1335 4441 ’

1117 4522 1165 4595 23
