3450 5342
392 637 463 711 184
713 658 886 707 nnmnoxe
914 657 1110 706 stoiconuu.

460 821 572 872 Siniti
590 819 733 888 eripuisses
751 818 881 886 divinum]
912 818 979 885 „Sic
996 818 1090 871 decem
1108 826 1219 888 septem.
1259 815 1290 867 Si
1308 814 1376 866 milii
1394 815 1435 865 lios

390 909 545 979 eripuisses,
565 925 641 959 unus.
675 905 791 959 Aliassi
809 906 943 958 militiae
963 904 1107 977 erip.“(?)
1125 902 1314 957 AldMan.
1358 901 1438 955 Grae-

391 996 446 1047 vius
463 994 491 1046 in
510 993 634 1046 lemmate
652 993 784 1047 ranarum
802 992 969 1060 lectionum,
996 992 1087 1046 nescio
1111 991 1184 1044 uode
1201 990 1310 1062 scripsit
1338 990 1437 1040 divum:

390 1082 439 1136 nisi
458 1081 503 1135 hic
520 1092 559 1135 est
575 1100 645 1134 nnus
670 1099 685 1133 e
709 1080 833 1152 piurimis
856 1099 1002 1151 operarum
1021 1079 1172 1145 erroribus,
1199 1078 1299 1149 quibus
1325 1077 1437 1131 abundat

390 1170 497 1241 elegans
515 1169 559 1222 itta
577 1180 603 1223 et
621 1169 759 1240 ceteroqui
777 1167 997 1222 commendabilis
1013 1166 1103 1221 editio.
1148 1166 1222 1220 Idem
1242 1165 1377 1219 Graevius
1392 1163 1437 1217 ibi·

389 1258 451 1311 dem
469 1269 562 1312 monet
579 1276 633 1311 esse
659 1259 686 1310 iu
705 1256 773 1309 Edd.
794 1257 932 1311 nonnuliis
958 1258 1124 1312 diuturnum,
1177 1254 1266 1308 Habet
1288 1253 1357 1305 iliud
1382 1253 1436 1302 diu·

391 1357 500 1397 turuom
518 1344 586 1398 Cod.
604 1345 683 1397 Drsd.
694 1349 728 1409 53
748 1343 848 1398 babent
864 1342 933 1398 Edd.
952 1345 1013 1398 Per.
1032 1365 1053 1398 s.
1071 1362 1096 1396 a.
1115 1343 1180 1413 Arg.
1198 1341 1262 1395 Asc.
1281 1342 1364 1394 1511.
1380 1339 1435 1391 Par.

391 1434 470 1485 1513.
489 1430 592 1485 Sturrn.
617 1430 694 1484 Boul.
724 1432 784 1484 Atd.
812 1434 892 1487 1548.
916 1433 962 1487 sed
989 1435 1018 1486 in
1037 1431 1141 1484 duabus
1163 1429 1308 1501 postremis
1325 1428 1436 1480 divinam

391 1518 474 1571 estin
493 1518 623 1589 margine.
642 1517 692 1571 Ox.
710 1518 740 1573 E.
767 1519 845 1574 babet
874 1523 899 1573 si
922 1522 988 1573 rnilti
1014 1521 1107 1571 lione
1131 1517 1292 1589 eripuisses,
1310 1514 1393 1569 Οι.1
1416 1526 1437 1566 et

392 1605 498 1659 Suerin.
517 1608 541 1658 si
559 1606 625 1658 mihi
642 1608 727 1658 lsoec
754 1609 907 1677 eripuisses.
950 1607 1043 1662 Ono.
1072 1608 1098 1659 si
1114 1607 1180 1658 neiisi
1208 1606 1271 1657 doc
1288 1603 1435 1673 eripuisset.

391 1693 437 1748 Est
454 1695 534 1748 etiarn
551 1696 713 1764 eripuisset
733 1695 761 1748 in
780 1695 829 1749 Ed.
848 1697 977 1750 Darentt.
1010 1697 1115 1748 Vooem
1132 1693 1184 1746 rnei
1200 1692 1332 1746 omittunt
1349 1689 1436 1743 Cret.

392 1793 418 1835 et
436 1782 507 1837 Gud.
528 1784 560 1835 A.
597 1781 627 1835 in
651 1785 710 1835 Cn.
728 1788 752 1835 2.
780 1795 819 1837 est
843 1784 1051 1856 compendium,
1083 1782 1157 1854 quod
1180 1781 1233 1852 legi
1256 1791 1344 1852 potest
1362 1779 1437 1830 onitu

392 1889 509 1931 meom;
530 1870 557 1923 in
578 1871 645 1923 eod.
662 1870 758 1924 Duisin
803 1874 833 1923 Si
859 1873 925 1924 midi
950 1871 1107 1942 eripuisses:
1135 1869 1259 1921 divina
1285 1868 1370 1920 ommi
1392 1868 1437 1918 mei

392 1960 601 2011 constantio
621 1959 704 2009 meis
721 1960 818 2010 curis
840 1959 969 2031 vigiliis
993 1957 1136 2010 consiliis
1153 1965 1274 2009 staret
1292 1965 1319 2006 te
1335 1953 1436 2006 inuitis-

391 2045 457 2096 simo
474 2063 516 2097 res
532 2043 650 2114 publicu.
690 2046 756 2098 cod.
769 2045 877 2098 Suet-in.
891 2047 1072 2098 constantium
1089 2064 1164 2096 cum
1182 2045 1268 2097 meis
1286 2063 1325 2095 cu
1333 2044 1384 2094 ris
1400 2043 1437 2092 vi-

390 2130 560 2203 giliisque
584 2133 614 2184 si
631 2133 772 2185 consiliis
796 2132 1018 2202 reipublicae
1042 2133 1074 2184 si
1100 2132 1194 2184 modo
1212 2141 1314 2184 stetu
1339 2128 1436 2181 immi·

392 2218 583 2272 nutissimo
599 2220 624 2272 si
641 2220 723 2272 liuius
741 2221 845 2272 oeterni
861 2219 981 2288 beneficii
998 2219 1173 2273 immortalem
1190 2220 1348 2274 memorium.
1369 2217 1437 2270 Gud.

393 2302 423 2357 Β.
442 2304 521 2359 babet
537 2336 577 2353 -.
590 2310 772 2359 constentiam
795 2326 853 2359 meo
879 2309 992 2360 consilio
1016 2328 1076 2360 cum
1103 2307 1167 2360 meis
1192 2308 1257 2358 neeis
1281 2305 1345 2377 (sic)
1369 2307 1438 2358 curis

340 2446 345 2459 ,
393 2393 494 2464 vigitiis
512 2396 528 2462 ᾔ
543 2392 622 2446 rebus
637 2412 665 2465 p.
681 2396 786 2447 invicta
802 2407 879 2456 stot,·
909 2396 983 2450 Gud.
999 2399 1033 2450 Α.
1053 2414 1145 2447 meus
1163 2394 1293 2466 vigilien
1317 2392 1398 2446 Drsd.
1414 2397 1437 2446 5.

394 2480 489 2551 vigilia
513 2483 639 2548 consiliu,
671 2484 697 2535 si
723 2502 819 2536 morem
840 2485 1017 2554 reipublicae,
1045 2484 1070 2535 si
1094 2484 1177 2534 leuius
1204 2482 1289 2533 etione
1315 2480 1438 2548 beneficii.

393 2566 466 2623 Gud.
484 2570 517 2622 Α.
541 2589 613 2622 aneos
633 2571 749 2642 vigilias.
785 2571 860 2627 Idem
879 2593 930 2644 pro
950 2571 1047 2645 quidus
1065 2599 1100 2610 ·-
1117 2580 1193 2637 stet,
1209 2569 1291 2623 habet
1310 2571 1334 2620 si
1353 2549 1388 2622 rii.
1406 2586 1438 2620 re.

391 2674 419 2723 p.
431 2659 457 2708 si
472 2657 543 2709 lione
557 2656 676 2726 beneficii
693 2661 779 2711 eterni
797 2661 867 2715 inm.
878 2680 951 2713 neem.
963 2663 1022 2715 Cre.
1035 2663 1060 2712 1.
1078 2659 1188 2730 vigilios
1207 2658 1321 2710 consiliu
1333 2659 1358 2710 si
1370 2657 1438 2710 modo

393 2760 473 2812 remp.
491 2743 517 2795 si
533 2743 615 2797 tuine
639 2744 759 2815 derseficii
780 2749 875 2802 eterni.
918 2747 976 2802 Cre.
996 2753 1021 2802 2.
1053 2746 1158 2799 consilii
1181 2746 1207 2798 si
1233 2747 1312 2799 ruodo
1330 2767 1353 2798 r.
1369 2765 1396 2816 p.
1418 2744 1438 2794 si

393 2829 484 2881 liuius.
520 2827 578 2882 Cn.
598 2834 624 2886 3.
642 2833 753 2885 consilia
769 2836 799 2886 in
815 2854 872 2904 rep.
889 2839 914 2888 si
932 2839 1023 2891 liuius.
1041 2833 1123 2888 Drsd.
1140 2836 1166 2886 1.
1191 2832 1291 2905 quihus
1316 2853 1385 2903 resp.
1402 2833 1438 2883 in-

394 2917 468 2967 victa
486 2927 546 2968 stat
568 2918 593 2969 si
619 2919 695 2970 uodo
719 2939 800 2988 remp.
824 2923 849 2972 si
875 2923 1057 2976 huiuscemodi
1079 2923 1162 2974 etiarn
1187 2919 1311 2989 beneficii
1332 2921 1437 2972 immort.

394 3002 472 3055 Drsd.
490 3009 516 3056 2.
535 3003 647 3055 consiliu
663 3015 690 3055 et
708 3007 816 3075 quando
833 3007 877 3059 Itis
892 3009 997 3060 invicta
1013 3029 1083 3078 resp·
1100 3019 1169 3062 stat.
1200 3007 1284 3061 Dtsd.
1302 3010 1329 3062 3.
1349 3005 1438 3078 quidus

394 3105 463 3155 resp.
480 3089 584 3140 invicta
609 3099 669 3141 stat
693 3093 718 3142 si
743 3093 927 3147 huiuscemodi
945 3099 1057 3150 oeterni.
1100 3096 1181 3149 Dssd.
1198 3100 1228 3150 4.
1250 3115 1312 3148 meu
1336 3093 1438 3147 consiliu

394 3192 454 3223 curn
472 3176 536 3225 meis
553 3177 626 3228 euris
645 3177 745 3250 uigiliis
765 3208 798 3220 -
817 3199 886 3250 resp.
910 3184 1022 3237 invicto.
1063 3185 1140 3237 Haud
1166 3185 1258 3238 minor
1282 3195 1322 3238 est
1341 3195 1436 3254 pertus·

394 3260 466 3314 betio
484 3263 513 3316 in
531 3262 616 3331 Edd.,
635 3284 799 3338 quemquam
818 3289 874 3323 non
892 3282 964 3324 tenta
990 3272 1108 3325 varietas
1150 3271 1186 3325 Et
1211 3271 1314 3325 hebent
1337 3270 1437 3343 quidem

395 3347 463 3402 Ven.
480 3352 559 3406 1492.
578 3355 657 3407 1514.
672 3353 753 3409 Hdtb.
770 3356 838 3411 Dnr.
857 3359 918 3411 Per.
929 3362 1007 3413 tntu.
1026 3363 1105 3414 1512.
1140 3360 1227 3431 Lugd.
1240 3362 1328 3411 animi
1337 3358 1438 3429 (omisso

394 3437 458 3502 mei)
482 3451 566 3495 suist.
586 3470 619 3482 ·-
638 3445 749 3495 oonsilio
776 3447 800 3496 si
824 3448 901 3500 modo
926 3468 1006 3516 remp.
1030 3467 1090 3499 curn
1112 3449 1176 3499 meis
1193 3448 1269 3500 euris
1294 3448 1438 3520 vigiliisque

394 3544 462 3595 ΜΡ·
479 3538 556 3590 siais·
577 3531 637 3585 Asc.
656 3536 735 3586 1511.
754 3533 867 3589 Aldinae
886 3548 953 3602 tres,
980 3535 1082 3589 Sturm.
1101 3535 1172 3588 Aud.
1192 3534 1253 3588 Tat.
1273 3535 1336 3589 Cas.
1355 3531 1437 3604 steph.

394 3611 472 3668 Boul.
498 3616 610 3671 Lambb.
638 3617 720 3673 Goth.
747 3622 808 3674 Per.
834 3627 915 3678 1543.
944 3627 1017 3677 Cret.
1045 3623 1134 3676 llerw.
1161 3621 1239 3678 Cam.
1259 3623 1360 3695 quibus
1378 3638 1437 3688 resp.

394 3698 534 3752 ''mc“
551 3714 628 3764 stot;
659 3706 709 3758 Ed.
732 3707 797 3778 Arg.
821 3712 906 3761 ameni
928 3711 996 3780 (om.
1021 3713 1086 3775 mei)
1109 3711 1295 3762 constantium
1321 3729 1393 3762 nseas
1409 3734 1437 3747 ·-

395 3784 505 3835 cornilio
530 3789 558 3838 in
581 3792 764 3859 republica
789 3815 863 3848 curn
890 3801 973 3850 meis
998 3801 1072 3852 euris
1101 3799 1257 3869 vigiliisque
1280 3817 1351 3868 resp.
1378 3804 1438 3848 stat.

395 3865 462 3921 Edd.
486 3871 557 3926 Viet.
572 3874 640 3931 Rois.
664 3877 757 3951 steph.
783 3894 810 3936 et
832 3885 943 3938 serietas
965 3885 1058 3957 Magn.
1084 3888 1162 3957 (nem
1187 3886 1238 3940 Ed.
1263 3887 1360 3959 Magn.
1384 3901 1450 3959 cum·

394 3951 456 4053 Ate:
474 3958 555 4012 1511.
569 3973 596 4016 et
613 3965 670 4020 seii.
687 3967 765 4038 tacit)
783 3971 919 4026 exhibent:
938 3976 1002 4028 meis
1020 3976 1108 4038 curis,
1126 3976 1191 4046 vig„
1208 3976 1331 4028 consiliis
1348 3986 1439 4026 sture

393 4047 421 4089 ‘⁸
437 4043 598 4101 *mitissimo
615 4071 670 4106 rens
683 4056 831 4126 pubiicum.
873 4061 928 4116 Sed
946 4082 981 4116 ne
1000 4063 1065 4135 quid
1083 4063 1150 4115 desit
1174 4063 1208 4115 sd
1227 4061 1438 4133 cognoscendam

393 4133 476 4183 totam
496 4132 549 4188 loci
573 4143 816 4215 perturbationem,
844 4152 888 4219 (es
914 4152 1041 4205 omnibus
1069 4151 1142 4204 enim
1170 4149 1244 4204 solae
1268 4150 1339 4204 Edd.
1364 4150 1438 4216 Lang-

304 4242 306 4247 ·
392 4206 485 4271 hffib·
511 4218 608 4279 Goion.
633 4227 718 4286 suffr.
746 4235 818 4290 Pete.
844 4235 923 4292 Gsut.
947 4238 980 4293 11.
999 4239 1086 4292 walt.
1113 4237 1200 4293 Grou.
1229 4239 1314 4291 Verb.
1339 4258 1396 4309 sqq.
1418 4243 1439 4284 et

476 4322 501 4369 1·
519 4326 543 4361 ⁰·
563 4315 703 4374 uobiscum
719 4322 852 4395 sucinum)
877 4326 1002 4381 addimus
1017 4327 1206 4381 annotationes
1223 4325 1332 4381 criticas
1350 4324 1439 4378 Came-

370 4418 374 4427 ·
393 4380 472 4447 ‘'ff'·
491 4386 616 4465 umus,
634 4404 779 4485 Gnissi.
798 4412 914 4468 omns
950 4413 1013 4468 nn.
