3450 5342
352 635 400 711 32
685 659 859 709 rumuoxs
887 657 1080 709 srotconuu.

350 841 415 875 num
440 839 490 893 pro
513 818 609 872 buum
625 837 700 881 ωας
744 818 847 872 nullam
870 829 958 875 autem
984 817 1084 873 babent
1113 817 1222 871 latinam
1253 818 1404 891 inscriptio·

351 930 429 976 uem,
455 918 561 981 praeter
585 918 654 974 tres,
673 925 740 979 quas
755 907 886 974 diximus,
914 907 966 960 Ed.
989 925 1044 979 prc.
1072 905 1148 978 Mog.
1165 909 1247 961 1465.
1292 907 1402 961 Sulsridi

350 998 422 1052 Petri
441 1008 467 1050 et
484 995 595 1049 Huberi.
632 994 726 1068 Neque
743 994 854 1049 latinam
874 1015 963 1068 nequo
985 1013 1112 1067 graecam
1131 993 1233 1049 babent
1251 993 1320 1048 Oxx.
1335 995 1355 1050 1.
1363 1014 1400 1061 u,

335 1086 421 1141 ¹solus
441 1083 553 1138 01.N.:
583 1083 663 1152 Quod
678 1082 768 1135 enim
785 1084 925 1136 honestum
943 1083 980 1135 sit
999 1081 1167 1134 dicebant
1190 1081 1221 1133 id
1245 1083 1336 1134 solum
1360 1082 1399 1135 bu

350 1194 415 1228 num
433 1192 503 1239 esse3
522 1173 631 1226 Ascens.
641 1173 728 1225 151οι
746 1171 826 1241 Quod
842 1170 929 1223 solum
939 1171 1079 1223 honestum
1098 1168 1208 1222 bouum
1226 1168 1250 1220 F
1251 1187 1310 1222 acc.
1319 1167 1396 1223 Eut

347 1265 426 1334 (nam
445 1260 532 1333 prima
551 1257 671 1325 exbibet,
689 1257 762 1330 quod
779 1276 829 1311 nos
847 1256 978 1326 edimus):
996 1257 1076 1327 Quod
1092 1258 1233 1309 honestum
1251 1257 1299 1319 sit,
1318 1256 1349 1306 id
1360 1274 1398 1307 so·

347 1352 404 1403 lum
413 1349 509 1402 bonum
522 1356 585 1401 est.
603 1345 710 1399 Latinos
720 1345 909 1418 inscriptiones
916 1364 978 1400 cum
989 1343 1039 1398 Or.
1049 1343 1155 1400 uncinis
1165 1342 1335 1397 inclusimus.
1347 1343 1397 1395 Mn

422 1440 539 1493 remor.
562 1454 594 1488 ns
613 1435 668 1502 cut]
692 1432 781 1488 codd.
806 1433 873 1488 011.
896 1433 929 1489 Ε.
948 1433 967 1487 Ι.
993 1433 1026 1487 Ν.
1048 1450 1077 1497 ψ.
1102 1432 1139 1488 U.
1174 1429 1234 1486 Crr.
1254 1436 1281 1487 1.
1299 1435 1326 1488 3.
1349 1433 1395 1487 duo

348 1523 476 1590 Gruteri,
493 1521 574 1576 Drsd,
592 1527 617 1576 2.
633 1525 660 1576 4.
679 1525 706 1576 5.
743 1520 823 1575 Basil.
842 1520 915 1577 Gud.
932 1520 964 1576 B.
983 1519 1014 1575 C.
1032 1519 1395 1578 Suerin.Edd.Ven.1481.

349 1615 429 1670 14⁹2.
448 1610 498 1667 Ed.
516 1610 595 1665 Hdtb.
613 1631 632 1664 s.
651 1609 670 1663 Ι.
686 1621 713 1665 et
730 1629 755 1664 a.
775 1611 844 1663 Ven.
858 1613 938 1665 1514.
959 1609 1046 1682 bugd.
1058 1621 1085 1665 et
1094 1611 1207 1666 Devent.
1217 1614 1300 1668 1515.
1318 1610 1395 1665 Paris.

348 1705 428 1756 1501.
447 1702 512 1773 Arg.
530 1702 611 1754 1515.
629 1698 728 1752 babent
746 1716 838 1751 vereor
854 1707 979 1753 tamen.
1013 1697 1134 1770 Pergunt
1152 1697 1219 1753 On.
1238 1698 1272 1752 E.
1289 1698 1310 1753 l.
1329 1698 1361 1753 N.
1369 1715 1394 1759 u.

347 1809 381 1843 ne
399 1791 559 1861 cuiquam.
595 1787 667 1841 Tum
686 1785 747 1841 Crz.
765 1792 791 1841 2.
810 1785 892 1840 Drsd.
910 1790 936 1839 2.
954 1797 1092 1853 nostrum,
1114 1806 1165 1860 pro
1182 1796 1314 1840 restrum.
1342 1784 1394 1839 Mn

346 1878 447 1947 „Liber
463 1875 565 1930 Metelli
583 1888 610 1930 et
626 1875 683 1929 Pal.
701 1893 742 1946 pr.
766 1878 864 1928 Vereor
882 1884 1010 1938 tarsen,
1026 1893 1059 1928 nc
1076 1875 1133 1939 cui,
1167 1873 1240 1946 quod
1272 1894 1329 1929 non
1347 1873 1394 1927 dis·

346 1966 429 2040 plicet
446 1963 610 2017 Gulielmio:
635 1974 765 2034 tauquam
792 1962 908 2033 abrupte
932 1982 1019 2036 usque
1043 1962 1103 2017 beic
1120 1962 1239 2034 incipiet.
1291 1961 1393 2016 Morio

347 2053 444 2108 eodem
462 2051 619 2105 adnotatum
638 2061 711 2116 erat,
731 2049 803 2102 alius
821 2051 993 2108 exornatum.
1012 2050 1085 2122 quod
1099 2050 1171 2105 idern
1188 2050 1292 2121 reperit
1308 2051 1336 2102 in
1351 2067 1392 2102 suo

345 2139 497 2206 suffridus,
517 2138 668 2211 probatque
682 2136 747 2191 item
766 2135 943 2206 Gulielmius,
962 2139 1091 2211 quonism
1102 2138 1138 2194 ite
1150 2157 1246 2192 ornnes
1265 2135 1392 2209 peregrini

346 2229 553 2283 nominarentur
569 2224 727 2280 Romanis.“
744 2224 927 2281 Gruterus.
964 2226 1007 2281 De
1024 2227 1170 2293 sententis,
1195 2226 1274 2282 cuius
1296 2227 1324 2280 in
1349 2225 1393 2279 bac

345 2316 525 2389 disputatione
543 2311 640 2368 Cicero
657 2312 777 2368 defendit
796 2314 949 2382 veritatem,
967 2315 1089 2387 pluribus
1105 2315 1178 2369 idem
1194 2313 1263 2369 locis
1279 2313 1392 2386 loquitur

346 2427 369 2461 v.
387 2406 468 2461 cDe
486 2403 545 2458 Oli.
564 2406 590 2470 3,
610 2405 654 2458 tt.
681 2401 777 2458 Tusco.
797 2404 874 2469 5,15
900 2413 926 2457 et
943 2405 987 2458 30.
1005 2403 1038 2458 dc
1056 2403 1137 2458 Finn.
1154 2405 1180 2469 3,
1198 2405 1225 2457 8.
1254 2402 1292 2456 ib.
1311 2420 1335 2456 c.
1352 2404 1390 2454 15.

344 2494 402 2548 Lib.
419 2497 448 2562 4,
466 2496 501 2547 16
518 2502 545 2546 et
562 2493 625 2545 26.“
640 2489 700 2544 Mr.

415 2585 459 2634 Ex
477 2579 626 2633 Stoicorum
643 2580 789 2650 bominum]
826 2579 894 2648 „Sic
912 2578 1076 2653 quindecim.
1117 2579 1196 2633 Unus
1219 2598 1253 2632 ex
1276 2583 1390 2632 Socra·

345 2675 494 2724 ticorum
512 2669 662 2726 bominum,
680 2687 751 2722 unus
768 2668 1009 2721 exactioorum
1025 2668 1176 2732 hominum,
1197 2686 1271 2721 unus
1285 2664 1389 2719 exoti-

343 2776 456 2813 corum
472 2757 615 2810 bominum.
651 2755 790 2812 Exoticum
809 2769 899 2814 nutem
918 2767 971 2824 est,
998 2755 1126 2829 quicquid
1145 2756 1321 2828 peregrinum
1349 2763 1389 2807 est

342 2847 445 2902 Nonius
462 2865 492 2899 es
510 2846 617 2899 Plauto.
658 2845 751 2899 Placet
775 2845 934 2898 Stoicorum.
983 2843 1046 2897 Non
1071 2843 1145 2897 enim
1167 2842 1201 2897 de
1226 2842 1389 2897 Graecorum

342 2936 482 3001 omnium,
499 2933 526 2986 id
545 2944 584 2986 est
602 2933 808 3003 peregrinorum
826 2930 986 2999 bominum,
1014 2930 1239 3003 disputationibus
1259 2930 1325 2987 licet
1349 2946 1389 2983 sc·

342 3023 447 3093 cipere:
464 3020 538 3091 quod
556 3019 601 3072 alii
619 3018 793 3073 arbitrantur.
829 3017 884 3072 Sed
902 3018 956 3073 boc
974 3018 1090 3091 disputat
1099 3018 1195 3074 Cicero
1214 3018 1388 3074 eStoicoruro

341 3109 469 3164 duntaxat
492 3106 729 3178 sententiamque
749 3106 828 3159 etiam
842 3105 887 3160 itta
907 3107 964 3178 ipsa
982 3118 1104 3175 tentum,
1134 3126 1203 3179 quae
1228 3126 1282 3161 nec
1297 3102 1388 3163 stoicis

340 3197 405 3268 ipsis
429 3195 545 3268 probare
571 3193 728 3248 facillimum
747 3204 798 3260 est,
825 3194 900 3266 quod
928 3213 1009 3266 supra
1042 3193 1134 3249 disit.“
1159 3193 1387 3265 Alid'Msnut.

341 3283 487 3343 „Homines
504 3282 591 3334 rarius
607 3280 706 3334 dicitur
722 3279 757 3334 de
773 3282 867 3348 sectis,
887 3301 970 3354 quarn
988 3282 1022 3336 de
1040 3281 1207 3339 nationibus:
1233 3281 1313 3337 veluti
1335 3281 1386 3337 Ro·

340 3370 414 3423 mani
431 3367 568 3436 homines,
588 3365 686 3422 Graeci
703 3366 833 3423 homines.
874 3368 909 3422 Et
932 3380 1022 3424 autem
1042 3368 1228 3435 Graecismus,
1254 3367 1386 3431 φιλόσοφος

339 3452 421 3530 deripe
448 3469 476 3513 at
502 3457 592 3510 minus
616 3455 689 3528 apud
715 3457 824 3511 eosdem
849 3457 977 3528 frequens
1000 3467 1039 3511 est
1066 3452 1204 3518 φιλόσοφος
1220 3452 1385 3526 duopumc.“

339 3546 447 3618 Wytt.

341 3647 348 3661 '
420 3638 463 3686 Ex
493 3634 643 3687 Stoicorum
668 3633 815 3700 boruinum]
843 3631 913 3687 Cod.
940 3631 1012 3686 Gud.
1035 3631 1067 3685 Β.
1096 3631 1176 3685 babet
1205 3631 1382 3706 antiquorum,

338 3720 417 3774 Drsd.
437 3726 462 3773 ².
480 3721 667 3773 historicorum
684 3720 765 3790 (sic),
791 3721 887 3775 Duisb.
911 3722 1090 3786 exoticorum,
1117 3719 1161 3774 cui
1177 3719 1237 3774 voci
1256 3721 1284 3774 in
1304 3738 1383 3790 marg.

338 3807 501 3880 adscriptum
527 3819 578 3860 est:
608 3809 809 3879 peregrinorum
838 3809 879 3865 vel
906 3808 1045 3862 odibilium
1076 3807 1223 3880 [cogitabat
1248 3807 1382 3879 glossator,

337 3895 431 3950 doctus
448 3895 565 3961 scilicet,
582 3893 616 3948 de
635 3914 699 3949 voce
715 3898 879 3966 exosorum:
897 3895 932 3951 ni.
949 3900 1166 3966 ex.Stoycurum.
1212 3895 1381 3951 Marklandus

337 3990 366 4042 in
390 3983 466 4038 Notis
483 3982 517 4036 od
535 3981 664 4051 Statium,
683 3982 755 4056 sylv.
773 3986 809 4052 V,
827 3991 853 4040 2.
872 4005 899 4057 p.
912 3988 975 4039 273.
992 3985 1034 4056 (p.
1049 3989 1113 4041 367.
1131 3983 1173 4039 ed.
1190 3983 1320 4053 breed),
1335 3998 1381 4055 pso

336 4072 486 4126 Stoicorum
503 4071 638 4124 hominum
673 4072 793 4145 scripsit,
819 4073 901 4145 plane
917 4073 1062 4144 legendum
1080 4072 1274 4125 otiosorum
1299 4070 1381 4125 borni·

335 4179 413 4224 num,
439 4158 523 4212 literis
539 4159 719 4231 transpositis,
744 4180 797 4215 nec
819 4178 883 4215 vero
903 4179 1068 4231 quemquam
1092 4159 1263 4214 obedientem
1285 4158 1380 4214 habuit.

335 4249 393 4300 Vox
411 4247 546 4300 bonorum
569 4248 642 4302 abest
669 4247 772 4302 sCod.
794 4247 854 4300 Bas.
870 4246 1028 4301 Proximum
1053 4267 1106 4300 non
1131 4247 1227 4302 excidit
1257 4247 1287 4301 in
1316 4243 1378 4299 Cod.

335 4331 386 4386 Or.
404 4353 428 4386 σ.
464 4335 536 4387 Tum
554 4334 636 4401 Drsd,
653 4339 679 4389 4.
699 4345 726 4388 et
743 4338 768 4389 5.
787 4334 932 4388 babentex
950 4352 1006 4386 meo
1025 4354 1207 4391 consensu.
1242 4334 1303 4388 Mn

405 4422 581 4490 Deprompto]
600 4421 650 4489 „ln
667 4421 779 4494 antiquo
798 4419 865 4474 Cod.
884 4419 991 4475 invenio
1009 4423 1138 4495 scriptum
1157 4425 1310 4495 disputata,
1327 4437 1378 4475 non
