3450 5342
338 683 371 729 Vl
769 679 960 726 obsessuro.

341 844 525 930 moribus,
563 867 647 931 quae
682 848 804 929 prodiit
828 847 955 911 Patavii
985 836 1092 910 1572.
1129 845 1248 908 deinde
1283 845 1395 908 denuo

341 968 428 1032 edita
468 973 517 1032 est
554 969 595 1032 ab
632 966 656 1031 1.
691 967 875 1043 Meiere,
909 966 1055 1047 Lipsiae,
1102 955 1197 1028 1721
1236 957 1277 1048 (p.
1304 954 1395 1049 25.):

341 1085 464 1164 „Quae
485 1083 691 1150 Pcructoxa
726 1086 938 1149 nominantur
963 1102 983 1149 a
1004 1080 1173 1161 Cicerone,
1201 1082 1281 1145 nihii
1304 1081 1396 1146 aliud

341 1211 445 1283 „sunt,
473 1223 571 1286 qnam
599 1223 659 1268 ceu
683 1204 783 1268 index
798 1204 932 1285 quidam
952 1202 1088 1267 brevior
1110 1204 1142 1264 et
1169 1201 1262 1282 quusi
1289 1218 1394 1280 quae-

340 1323 438 1400 „dam
467 1323 633 1405 appendix
663 1319 962 1387 Tusculanarum
984 1315 1269 1405 Quaestionum:
1294 1337 1394 1400 quam

341 1442 628 1520 „coniunctionem
669 1446 701 1507 et
745 1441 993 1509 similitudinem
1028 1438 1280 1506 Paradoxorum
1317 1453 1393 1501 cum

340 1561 551 1640 „Tusculanis
578 1560 738 1640 significat
769 1560 885 1625 Cicero
911 1561 945 1622 in
972 1574 1088 1623 eorum
1114 1556 1323 1621 Praefatione
1349 1556 1393 1620 ad

339 1679 508 1760 „Brutum
529 1715 581 1726 —
631 1680 668 1744 ln
695 1686 836 1761 utroque
863 1684 974 1745 autem
999 1694 1101 1759 opere
1124 1693 1222 1756 agere
1249 1676 1391 1739 Tullium

338 1797 400 1876 „de
426 1797 561 1878 perfecti
586 1797 743 1878 sapientis
772 1797 904 1875 officio,
940 1813 997 1871 ea,
1034 1812 1118 1877 qnae
1150 1795 1185 1857 in
1219 1794 1270 1857 bis
1299 1794 1392 1858 libris

338 1916 556 1996 „disputanda
608 1920 856 1996 proponuntur,
921 1915 1103 1981 clarissime
1148 1910 1324 1977 ostendunt
1351 1905 1392 2001 *):

338 2049 492 2110 „omnem
518 2033 700 2114 sapientem
724 2050 796 2099 esse
823 2033 975 2110 liberum,
1000 2047 1133 2099 omnem
1158 2030 1292 2096 stultum
1318 2048 1393 2097 ser·

338 2169 454 2229 „vum,
493 2152 602 2218 solum
637 2152 819 2232 eapientem
845 2169 917 2217 esse
943 2149 1078 2217 divitem
1108 2148 1212 2215 ethis
1239 2148 1391 2218 similia.“

338 2269 404 2339 Sed
421 2288 522 2350 quum
545 2272 580 2335 in
595 2273 768 2351 maiorem,
795 2290 895 2354 quam
922 2271 1198 2348 existimaveram,
1223 2272 1392 2338 excrevis-

338 2394 387 2456 set
413 2392 535 2456 motem
561 2395 675 2457 nostru
701 2392 962 2460 Tusculanarum
988 2390 1100 2468 editio,
1134 2389 1211 2455 addi
1233 2407 1301 2455 non
1326 2408 1392 2470 po·

338 2510 397 2574 tuit
420 2509 475 2577 hic
500 2510 647 2588 libellus,
683 2511 739 2591 qui
773 2527 862 2575 nunc
886 2509 1002 2577 decem
1033 2509 1166 2575 demum
1193 2507 1287 2575 annis
1314 2516 1391 2589 post

338 2629 418 2693 iilud
443 2632 620 2700 muitarum
646 2630 832 2711 vigiliarum
867 2648 950 2712 opus
977 2629 1096 2712 prodit
1155 2625 1336 2693 Consilium
1362 2633 1391 2695 si

338 2750 468 2829 quaeris
495 2749 569 2815 iibri
593 2749 732 2828 edendi,
768 2750 857 2815 idem
883 2753 952 2828 ost,
986 2748 1076 2830 quod
1100 2753 1172 2816 erat
1196 2748 1282 2815 illius
1306 2766 1391 2830 ope·

337 2869 399 2933 ris:
425 2867 516 2949 quod
541 2868 597 2948 qui
624 2869 767 2949 probent
792 2869 921 2935 futuros
947 2885 1020 2937 esse
1053 2867 1124 2933 scio
1151 2865 1239 2931 baud
1264 2883 1390 2946 paucos

337 2987 454 3051 barum
481 3002 592 3049 rerum
618 2986 743 3050 iudices
769 2987 928 3053 idoneos-t
955 2988 1011 3068 qui
1029 2987 1209 3070 reprobent
1227 3003 1295 3050 non
1310 2984 1391 3049 dee·

337 3107 431 3169 runt:
470 3104 666 3184 quibuscum
700 3105 734 3168 in
761 3109 929 3175 certamen
956 3123 1023 3173 non
1050 3106 1155 3186 magis
1182 3102 1390 3180 descendam,

337 3240 436 3306 qnam
463 3240 537 3288 cum
564 3224 623 3301 iis,
648 3224 703 3307 qui
730 3225 896 3307 prioribus
918 3226 1039 3293 nostris
1066 3225 1226 3289 librorum
1254 3219 1390 3287 Cicero-

339 3344 389 3407 nis
416 3343 614 3408 editionibus
648 3343 738 3407 iitem
763 3350 959 3422 moverunt,
997 3362 1072 3413 eam
1102 3343 1226 3409 sciiicet
1254 3359 1390 3407 oausam

336 3462 567 3527 interserentes
595 3462 834 3543 gravissimam,
861 3462 952 3544 quod
978 3465 1049 3545 ipse
1072 3464 1167 3529 aliter
1181 3461 1271 3527 idem
1296 3468 1390 3526 erant

336 3581 473 3659 facturi,
512 3601 594 3664 quos
621 3601 722 3664 penes
750 3587 859 3662 sotus,
899 3588 935 3648 ut
957 3585 1019 3648 sibi
1045 3583 1264 3664 persuadent,
1299 3582 1390 3644 arbi-

336 3701 434 3764 trium
458 3703 507 3763 est
533 3701 640 3765 etius
668 3708 700 3766 et
726 3720 843 3768 norma
870 3700 1037 3780 loquendi.
1099 3698 1164 3777 Qui
1191 3701 1312 3763 attente
1338 3699 1391 3764 in·

337 3818 465 3899 spicere
492 3819 613 3897 volent,
642 3839 727 3902 quae
754 3821 834 3885 mibi
861 3817 990 3899 agenda
1009 3819 1080 3883 visa
1104 3823 1189 3896 sunt,
1215 3819 1391 3901 reperient,

337 4013 543 4024 ...m-m*

406 4138 429 4210 ‘)
449 4137 521 4204 Quid
541 4140 612 4191 enim
632 4139 703 4191 alind
724 4151 800 4205 suni,
825 4141 873 4192 nisi
893 4141 1028 4194 Paradene
1047 4141 1153 4206 Stoica,
1179 4159 1247 4212 quae
1268 4140 1387 4209 proban·

336 4218 379 4259 tur
397 4209 424 4259 in
446 4210 660 4263 'i'uscuianarum
679 4210 768 4277 tibris,
788 4210 880 4264 veluti:
907 4217 1021 4264 Mortem
1049 4233 1100 4265 non
1121 4231 1177 4264 esee
1197 4213 1312 4274 mulum,
1340 4212 1387 4261 do-

335 4279 416 4329 lorem
434 4300 486 4330 non
505 4300 560 4331 esse
579 4281 694 4337 malane,
711 4283 740 4331 in
759 4283 906 4349 sapientem
924 4302 976 4335 non
995 4285 1088 4335 cadere
1107 4282 1316 4352 aegritudinem,
1337 4301 1386 4333 va-

336 4367 395 4400 curc
412 4352 559 4419 sapientem
579 4351 648 4402 cinni
659 4352 742 4401 animi
758 4351 969 4418 perturbatione,
991 4353 1106 4425 denique
1125 4355 1252 4406 virtutem
1262 4353 1299 4403 ud
1310 4352 1387 4403 beuta

335 4421 474 4472 uiuendum
494 4441 520 4472 ae
539 4423 600 4489 ipsa
620 4439 674 4474 esse
694 4432 854 4475 contentum.
892 4421 951 4474 ΜΡ.
