3450 5342
747 1308 1043 1364 cotttttGENDA.

372 1507 402 1560 P·
438 1505 481 1556 30.
499 1501 516 1553 l.
535 1504 560 1554 4.
579 1499 630 1571 leg.
638 1566 641 1571 ι
644 1497 784 1569 seruntur.

371 1607 406 1616 —
434 1577 477 1628 32.
496 1602 515 1613 -
534 1577 558 1625 8.
579 1599 613 1610 ·-
632 1588 729 1621 vereor.

311 1645 313 1650 ’
370 1647 477 1698 -tun
496 1675 514 1684 -
530 1647 556 1697 4.
573 1641 606 1693 ab
626 1641 675 1693 ult.
694 1641 743 1710 leg.
762 1648 868 1692 terreto.

370 1719 476 1770 -162,
496 1745 515 1754 -
534 1714 582 1767 ult.
599 1712 670 1772 tela,
695 1730 745 1782 pro
764 1711 830 1761 tole.

368 1790 475 1842 -165,
494 1816 513 1826 -
531 1789 558 1838 8.
575 1784 608 1836 ab
628 1783 674 1834 ult.
693 1783 709 1834 Ι.
727 1800 744 1832 o
760 1780 871 1835 Tirone.

369 1861 474 1913 -199,
492 1887 512 1897 -
531 1856 577 1909 ult.
591 1855 643 1925 leg.
655 1853 735 1923 fecit.

367 1933 474 1983 -248.
491 1958 510 1967 -
529 1932 572 1980 att.
589 1926 623 1978 ab
643 1925 689 1976 ult
708 1923 759 1992 leg.
797 1923 979 1976 Hortensium.

366 2002 473 2054 -303.
492 2029 511 2039 -
531 2003 573 2051 tt.
593 1997 626 2050 ab
646 1997 692 2048 ult.
710 1995 760 2064 leg.
779 1994 951 2048 Samnitium.

365 2072 471 2124 -32ll.
489 2101 509 2110 -
527 2074 570 2124 to.
589 2068 718 2133 rhetores,
738 2065 786 2119 de·

437 2157 563 2210 Ceterum
583 2155 654 2227 quod
673 2154 801 2224 pleraque
820 2152 847 2204 in
867 2151 916 2204 bac
935 2151 1051 2205 editione
1070 2172 1189 2224 expressa
1208 2167 1269 2210 sunt
1288 2155 1392 2210 emenda-

364 2230 477 2292 tissime,
497 2227 581 2280 debeo
600 2225 751 2296 diligentiae
770 2224 816 2276 viri
833 2222 976 2276 doctissimi
996 2222 1068 2276 Alb.
1086 2224 1186 2292 Lion,
1207 2226 1274 2280 Phil.
1283 2228 1394 2291 Doctoris,

363 2302 410 2374 qui
430 2298 511 2350 multa
531 2296 625 2362 etiam,
650 2315 719 2366 quae
738 2313 788 2364 ego
813 2305 937 2347 currente
964 2294 1083 2360 calamo,
1110 2316 1252 2368 nunquam
1277 2300 1329 2353 sere
1349 2319 1392 2352 uon

361 2368 553 2442 interpellatus,
571 2368 660 2418 minus
668 2377 791 2420 accurate
804 2365 896 2419 litteris
909 2366 1115 2436 consignassent,
1128 2369 1286 2424 emendavit.
1318 2370 1394 2423 Unum

361 2454 451 2497 autem
477 2440 529 2492 iam
553 2438 646 2503 doleo,
680 2439 807 2490 nimirum
833 2436 1062 2507 paragrapborum
1086 2458 1214 2493 numeros
1238 2442 1266 2494 in
1291 2442 1395 2512 margine

360 2515 484 2568 omissos:
503 2511 575 2583 quod
594 2528 653 2562 sero
672 2528 734 2563 cum
750 2509 1007 2574 animadvertissem,
1025 2509 1160 2580 corrigere
1180 2531 1235 2564 non
1255 2512 1334 2567 licuit.
1351 2511 1394 2564 Mi·

360 2606 411 2639 nus
430 2597 516 2638 tamen
536 2580 671 2634 molestiae
694 2580 803 2634 babebit
829 2580 877 2633 ista
906 2580 1030 2644 omissio,
1056 2600 1117 2633 cum
1143 2583 1199 2653 ipsa
1217 2582 1298 2638 libelli
1323 2583 1395 2654 capita

359 2657 487 2728 pleraque
506 2653 595 2707 omnia
614 2651 667 2704 sint
682 2652 743 2705 satis
760 2651 857 2704 brevia.
894 2650 974 2703 Atiud
994 2652 1072 2704 etiam
1092 2664 1257 2722 mutaturus,
1282 2656 1302 2708 si
1319 2655 1397 2708 licuis-

357 2739 410 2793 set,
428 2746 511 2779 eram.
547 2723 680 2775 tttatebam
699 2723 770 2776 enim
791 2732 876 2775 toturn
895 2720 1013 2774 libellum
1032 2743 1088 2776 uno
1107 2726 1182 2794 quasi
1203 2737 1302 2792 tenore,
1320 2745 1397 2796 neque

357 2797 573 2852 annotationibus
590 2795 798 2864 uniuscuiusque
817 2793 945 2845 Paradori
964 2792 1161 2866 interruptum,
1191 2797 1318 2862 describi,
1343 2817 1396 2849 cum

356 2890 412 2922 non
432 2867 547 2938 potuerit
564 2866 701 2918 annotatio
718 2864 811 2917 subiici
831 2865 949 2917 sermoni
968 2863 1106 2919 Ciceronis
1124 2868 1263 2923 continuo.
1298 2869 1347 2922 Sed
1364 2867 1396 2919 rel

354 2943 394 2995 sic
417 2940 555 2992 habebunt
579 2935 691 2989 lectores
722 2934 841 2987 libellum
867 2936 1014 2989 litterarum
1041 2936 1250 3010 chartarumque
1279 2941 1396 3012 elegantia

354 3030 409 3065 sese
434 3007 682 3072 commendantem,
712 3025 792 3077 quem
819 3007 934 3060 nitorem
959 3006 1037 3061 debet
1063 3028 1143 3062 curae
1170 3011 1332 3084 bibliopolae
1354 3011 1396 3064 bo-

354 3081 501 3134 nestissimi.
