3450 5342
646 698 844 747 remuoxon
873 699 916 760 ιι.
943 698 1013 745 cnr.
1038 697 1073 745 11.
1310 676 1386 751 297

336 865 382 916 bet
399 863 447 936 qui
463 873 560 914 teoto
578 861 713 925 subiecta,
740 879 768 913 es
794 876 936 930 perperam
961 858 1033 913 lecto
1059 858 1192 912 scribendi
1219 862 1387 933 compendio.

339 956 512 1002 Testamenta
529 949 671 1006 subiicere,
696 950 713 1002 i.
732 967 756 1002 e.
775 946 838 1000 salsa
859 967 908 1018 pro
927 948 994 1000 veris
1020 965 1186 1020 supponere,
1212 947 1275 1000 dixit
1293 947 1387 1003 Cicero

335 1038 414 1091 etiam
433 1038 548 1110 Philipp.
567 1037 637 1104 XlV,
656 1041 681 1104 3,
700 1042 726 1092 ‘l-
770 1035 833 1091 Vid.
850 1036 930 1090 etiam
948 1034 1071 1108 Dirlsen.
1089 1035 1108 1088 Ι.
1127 1054 1149 1088 r.
1170 1054 1189 1089 s.
1209 1055 1232 1088 v.
1251 1035 1388 1090 subiicere.

335 1125 423 1197 Supra
442 1125 488 1192 Vl,
507 1129 532 1179 1.
551 1125 614 1179 dixit
631 1142 778 1196 supponere
798 1134 972 1178 testamenta.
1009 1123 1069 1176 Mr.
1096 1117 1102 1128 ⁵
1169 1150 1172 1155 ·

407 1215 455 1286 qni
471 1213 595 1267 sublatos
612 1220 653 1267 tot
671 1214 799 1281 homines]
845 1212 988 1284 Absorpsit
1004 1212 1098 1266 ultima
1117 1211 1216 1282 syllaba
1237 1211 1308 1266 vocis
1326 1213 1390 1265 suli-

336 1303 425 1354 Iatos
443 1301 564 1356 voculam
583 1301 744 1355 simillimam
765 1310 807 1353 tot
833 1301 861 1353 in
887 1300 975 1355 Codd.
993 1300 1076 1353 Bern.
1092 1300 1153 1356 Bas.
1179 1300 1246 1354 Οιιι.
1264 1300 1297 1354 Ε.
1317 1299 1348 1352 N.
1366 1319 1389 1360 e.

335 1389 407 1444 Gud.
426 1390 459 1444 A.
477 1390 507 1443 B.
527 1392 586 1444 Cra.
605 1397 630 1445 2.
650 1393 675 1445 3.
693 1390 774 1443 Drsd.
793 1393 820 1443 1.
838 1392 864 1445 3.
883 1395 909 1445 4.
938 1390 1055 1461 (inquo
1075 1399 1114 1442 est
1137 1388 1272 1454 sublato)
1290 1393 1333 1451 5.;
1362 1388 1389 1441 in

335 1476 413 1530 Suer-
429 1488 467 1531 est
485 1488 599 1550 totque
617 1478 740 1531 sublatos
759 1477 886 1542 borsines,
904 1476 1002 1531 omisso
1021 1476 1076 1549 qui,
1093 1476 1226 1549 (neglecta
1243 1477 1388 1550 anaphora,

335 1566 449 1636 quaein
468 1565 603 1637 prioribus
621 1576 660 1619 est
678 1577 705 1618 et
721 1564 750 1617 in
770 1565 891 1636 sequenti
918 1565 1133 1633 enumeratione)
1158 1565 1232 1637 quod
1256 1566 1318 1619 item
1345 1586 1389 1619 ex-

334 1651 397 1705 cidit
415 1652 444 1703 in
463 1650 531 1705 Cod.
550 1652 631 1706 Drsd.
650 1656 675 1706 5.
726 1651 780 1704 Sed
799 1652 888 1705 omisit
907 1663 949 1705 tot
969 1653 1049 1707 etiam
1079 1651 1126 1705 Ed.
1145 1653 1237 1707 bamb.
1260 1665 1300 1721 et,
1319 1673 1388 1725 quae

335 1757 393 1791 eam
412 1739 549 1810 sequitur,
568 1739 665 1794 colon.
685 1743 764 1794 157⁶.
806 1739 941 1794 scribitur
958 1752 1000 1794 tot
1018 1742 1065 1814 qui
1083 1740 1206 1794 sublatos
1225 1743 1342 1795 homines
1360 1745 1387 1796 in

335 1823 403 1879 cod.
422 1826 503 1881 Drsd.
521 1832 563 1894 2.,
595 1826 645 1881 Ed.
670 1848 712 1900 ap.
730 1827 817 1880 Meus.
841 1827 910 1883 Edd.
937 1848 994 1901 pre.
1023 1829 1102 1884 Hdlb.
1132 1830 1193 1883 Par.
1211 1833 1290 1884 1512.
1318 1832 1387 1886 Ven.

335 1919 415 1969 1514.
451 1914 575 1969 Eundem
594 1917 738 1969 verborum
758 1914 911 1984 ordinem,
926 1916 972 1969 sed
997 1917 1035 1971 sie
1060 1917 1228 1972 distinctum:
1260 1918 1307 1988 qui
1324 1928 1387 1970 test.

334 2002 456 2054 subiecta
476 2013 545 2055 tot:
572 2005 619 2075 qui
643 2002 765 2057 sublatos
783 2003 902 2056 domines
933 2004 1001 2058 Edd.
1030 2007 1098 2058 Ven.
1124 2008 1204 2059 1492.
1228 2005 1289 2060 Par.
1307 2009 1386 2060 15⁰7.

335 2090 420 2161 bugd.
440 2093 505 2161 Arg.
548 2091 578 2144 ln
598 2093 657 2147 Cra.
676 2094 702 2144 1.
731 2103 769 2145 est
788 2103 842 2144 tot
861 2093 910 2164 qui
930 2093 1000 2147 bom.
1017 2093 1154 2156 sublatos,
1180 2095 1207 2145 in
1228 2094 1322 2147 Duisb.
1342 2096 1389 2166 qui

335 2189 377 2230 tot
395 2181 552 2232 stellatos
570 2180 696 2236 borsines.
715 2178 774 2233 Mr.
811 2183 885 2246 „Tot
903 2180 973 2234 born.
992 2180 1115 2233 sublatos
1133 2200 1189 2234 non
1201 2192 1312 2238 tantum
1327 2200 1390 2252 per·

337 2267 402 2320 tinet
420 2267 452 2320 ad
473 2268 547 2340 prius
565 2279 742 2334 memoratos,
771 2268 950 2341 proscriptos,
978 2268 1022 2320 sed
1046 2268 1131 2323 etiam
1150 2268 1183 2342 ad
1202 2287 1262 2332 eos,
1292 2268 1389 2340 quibus

336 2365 490 2410 testamenta
509 2356 673 2422 subiecerat,
693 2376 761 2428 quos
778 2357 836 2428 ipse
854 2356 1051 2409 interfecerat.“
1089 2357 1192 2427 Wytt.

409 2446 455 2516 qui
473 2443 586 2514 denique
603 2443 691 2496 omnio
710 2445 829 2512 venolio]
863 2445 930 2497 cod.
951 2442 1022 2496 Gud.
1044 2443 1074 2495 Α.
1095 2446 1141 2514 qui
1159 2442 1270 2515 deniqne
1288 2463 1388 2496 venn-

337 2534 385 2584 tia
404 2533 491 2584 omni
497 2549 531 2581 a:
550 2551 607 2584 non
625 2532 703 2584 male.
738 2532 831 2586 Unum
852 2532 1044 2603 vocistlenique
1057 2531 1085 2584 in
1104 2530 1199 2584 ultimo
1219 2531 1257 2584 vel
1277 2532 1389 2601 paenul-

336 2620 402 2674 timo
421 2618 573 2687 anaphorae
592 2619 714 2672 membro
733 2619 845 2673 illustrat
863 2618 989 2691 exemplis
1007 2617 1091 2672 allatis
1110 2622 1140 2672 C.
1158 2618 1267 2671 Beierus
1286 2619 1318 2671 ad
1334 2619 1389 2671 cic.

337 2706 386 2759 Or.
406 2725 456 2778 pro
474 2705 513 2758 M.
533 2705 609 2759 Aem.
630 2706 733 2761 Scauro
752 2727 778 2780 p.
796 2710 857 2761 236.
877 2726 965 2778 neque
986 2707 1069 2760 nostri
1088 2706 1141 2760 loci
1160 2707 1311 2759 immemor.
1348 2707 1387 2757 Ad

337 2814 395 2846 rem
421 2791 512 2847 laudat
538 2793 621 2865 Borg.
651 2792 707 2849 Cic.
732 2796 810 2849 Verr.
829 2793 873 2862 lll,
893 2799 936 2851 62.
965 2794 1032 2849 Phil.
1050 2792 1083 2861 ll,
1102 2797 1127 2849 3.
1149 2797 1192 2847 14.
1212 2795 1255 2848 38.
1284 2792 1389 2846 Sallust.

337 2879 456 2935 caeto.
475 2884 518 2936 30.
554 2881 615 2936 Me.

408 2970 553 3036 delectum,
572 2970 730 3039 decretum]
751 2969 816 3036 „Sic
833 2969 937 3024 decem.
973 2972 1010 3022 Et
1031 2973 1208 3044 interponunt
1226 2981 1286 3023 tres.
1322 2968 1390 3022 tres

337 3058 460 3111 deletum.
482 3057 559 3111 Unus
577 3058 712 3110 dilectum.
739 3058 817 3113 Unus
828 3059 966 3112 delictum.
993 3059 1225 3116 paternensem.
1244 3059 1389 3108 edictum.“

337 3145 410 3198 Ald.
437 3145 524 3200 Man.
573 3146 669 3213 „Paul
702 3145 844 3201 Manutius
871 3147 1030 3201 coniiciebat
1055 3147 1203 3211 decretum,
1232 3144 1391 3199 Gulielmius

335 3233 452 3285 edietum
472 3233 528 3301 [sed
554 3234 604 3289 vid.
632 3253 694 3287 ann.
713 3234 774 3288 Atti
793 3232 851 3302 Μ.].
888 3235 944 3288 Pal.
965 3246 1023 3289 tert.
1042 3234 1122 3289 babet
1140 3235 1271 3288 delicium.
1322 3232 1389 3287 Mihi

336 3321 440 3394 vulgata
459 3322 537 3374 lectio
558 3322 604 3388 [di
611 3322 719 3386 lectum,
738 3321 886 3390 decretum]
905 3321 1043 3376 satisfacite
1070 3333 1100 3376 ut
1117 3322 1197 3387 dicat,
1216 3321 1249 3374 ad
1271 3321 1390 3375 militiam

335 3409 450 3461 adscitos
469 3407 508 3461 vel
527 3427 582 3479 non
601 3408 714 3463 adscitos
738 3421 818 3481 prout
844 3408 1032 3462 demeruerant
1058 3408 1098 3461 vel
1122 3429 1178 3463 non
1202 3409 1392 3462 demeruerant

335 3494 485 3569 praesidem
496 3495 610 3567 pecunia
621 3494 762 3568 donisque.
792 3495 910 3550 Wolfius
922 3494 1107 3551 accommodat
1119 3495 1262 3549 venditioni
1273 3496 1391 3549 functio-

337 3603 404 3636 num
423 3602 531 3651 earum,
550 3602 619 3655 quae
637 3581 759 3638 lucrosae
777 3589 882 3639 erant.“
919 3583 1057 3638 Gruter.

408 3672 552 3737 dilectum,
572 3673 705 3725 decretum
713 3675 733 3742 ‚]
771 3673 878 3741 „Miror
903 3693 958 3727 non
983 3672 1018 3727 ita
1042 3691 1096 3726 esse
1122 3670 1222 3726 editum
1241 3692 1255 3725 a
1274 3673 1389 3745 Langio:

335 3761 477 3824 dilectum,
494 3760 621 3831 inquam,
648 3781 733 3833 quum
752 3763 786 3816 ita
805 3763 934 3834 scriptum
955 3761 987 3816 sit
1006 3761 1034 3814 in
1054 3760 1246 3833 exemplaribus
1266 3762 1390 3814 omnibus

335 3848 465 3921 antiquis,
491 3861 521 3902 ut
541 3860 651 3904 testatur
674 3851 825 3905 emendatio
853 3850 933 3905 huius
951 3850 1002 3904 loci
1029 3851 1159 3923 adscripta
1189 3850 1221 3903 ad
1242 3850 1390 3922 marginem

334 3936 436 3991 codicis
453 3938 639 3991 Memmiani.“
661 3939 813 3993 Lambin.
851 3939 975 4011 [Saepius
995 3940 1028 3993 de
1040 3940 1186 4011 scriptione
1198 3939 1311 3990 dilectus
1329 3940 1392 4009 (pro

335 4025 467 4092 delectus)
487 4025 661 4097 praeferenda
691 4027 811 4098 loquitur
828 4028 991 4094 Lambinus,
1020 4027 1095 4081 cuius
1123 4027 1310 4079 annotationes
1334 4023 1392 4076 lau·

334 4112 409 4167 dasse
427 4112 549 4167 sufficiat.
595 4113 665 4168 Sunt
690 4115 722 4167 ad
749 4114 782 4168 de
800 4113 877 4168 Orat
896 4114 929 4181 ll,
948 4117 974 4181 9,
994 4117 1037 4170 36.
1063 4136 1089 4186 p.
1109 4118 1153 4168 42.
1177 4113 1227 4166 Ed.
1250 4112 1339 4164 Klein.
1360 4111 1391 4175 ll,

335 4202 381 4266 68,
401 4203 462 4253 215.
481 4221 508 4273 p.
527 4203 587 4266 ⁴⁹⁴
605 4202 638 4255 ad
658 4201 728 4274 Epp.
748 4201 781 4256 ad
800 4203 904 4256 Famm.
924 4201 969 4267 Xl,
990 4204 1015 4256 3·
1041 4223 1067 4273 p.
1088 4205 1164 4264 368.,·
1192 4201 1224 4253 ael
1243 4200 1339 4254 Tusco.
1359 4198 1391 4262 ll,

333 4290 378 4353 11,
398 4292 441 4343 26.
460 4308 485 4358 ρ.
502 4293 581 4356 466.;
600 4291 632 4343 ad
652 4291 685 4345 de
705 4291 764 4345 Ofl.
784 4292 814 4357 ll,
835 4297 859 4357 2,
880 4295 904 4345 6.
925 4313 949 4363 ρ.
970 4292 1042 4357 513]
1080 4290 1240 4355 „Delectum
1260 4309 1316 4342 non
1336 4300 1388 4342 tam

333 4377 445 4429 sortasse
464 4376 593 4445 militum,
622 4398 703 4450 quam
724 4380 903 4434 venditionem
930 4399 1022 4432 earum
1049 4377 1234 4442 functionum,
1262 4398 1329 4449 quae
1350 4378 1391 4430 lu-

335 4482 429 4518 crosae
457 4475 540 4527 erant.
599 4467 712 4521 Videtur
736 4469 787 4522 boc
819 4470 953 4540 pertinere
983 4468 1069 4539 potius
1097 4467 1129 4519 ad
1156 4465 1290 4520 ministros
1315 4467 1391 4537 Reip.
