3450 5342
338 666 413 739 276
668 683 842 733 rsutooxs
870 684 1065 736 erotcoauu.

340 850 420 906 satori
438 848 502 901 iuris
522 847 622 919 perito,
651 856 743 916 estque
772 842 975 914 intelligendum
995 842 1027 896 de
1056 845 1250 912 concussione,
1278 857 1391 918 quaeest

340 939 458 1002 crimen,
478 955 532 1007 quo
552 935 611 1006 quis
629 933 742 987 alterum
761 932 852 986 illicite
873 942 954 985 terret
972 930 1128 985 intentanda
1147 933 1325 989 accusatione
1341 953 1393 1006 gra·

340 1027 419 1079 vioris
437 1025 572 1090 criminis,
593 1022 633 1075 vel
649 1020 801 1075 simulando
820 1019 888 1072 iussa
908 1030 953 1074 aut
975 1020 1060 1074 minas
1078 1019 1307 1092 magistratuum,
1323 1033 1351 1076 ιιι
1365 1022 1393 1075 ab

342 1133 374 1167 eo
393 1113 535 1186 pecuniam
554 1121 709 1181 extorqueat
726 1108 840 1180 periculi
866 1107 965 1163 vitandi
987 1127 1073 1162 causa.
1118 1109 1183 1163 Vid.
1202 1109 1237 1163 Β.
1255 1108 1392 1164 Brissoaius

343 1203 376 1256 de
395 1200 477 1254 Verb.
496 1198 592 1270 Signis.
611 1218 649 1250 vr.
668 1198 805 1249 concussio
823 1207 850 1249 et
867 1207 1025 1256 concuters‚·
1044 1195 1078 1250 Η.
1097 1195 1129 1248 Ε.
1148 1195 1310 1251 Dirksea
1327 1196 1389 1249 Man.

342 1291 400 1345 Lat.
417 1289 496 1342 Font.
521 1289 575 1340 lur.
595 1283 651 1338 Cir.
668 1285 746 1338 Ram.
771 1303 794 1336 ι.
814 1285 953 1339 camussia
971 1305 998 1357 p.
1017 1287 1086 1348 1813
1116 1294 1144 1338 et
1171 1284 1271 1339 iisdem
1294 1285 1388 1339 vocibus

342 1379 402 1431 Lex.
419 1376 504 1428 lurid.
523 1394 554 1427 es
572 1372 690 1425 Brisson.
708 1371 878 1439 Hotomano,
897 1372 1019 1439 Prateia,
1039 1371 1151 1426 Cuiacio
1170 1391 1197 1442 p.
1217 1364 1284 1426 295.
1317 1371 1369 1425 Mr.

414 1461 573 1527 Pacisceris,
592 1459 696 1530 aufers,
715 1460 826 1528 eripiar]
862 1461 1047 1526 „Paciscerisr
1066 1460 1165 1514 iniuste
1184 1458 1317 1515 scitieect‘
1331 1459 1351 1511 F
1355 1477 1389 1512 rc

344 1551 433 1623 Sylv.
478 1547 550 1601 Idem
578 1548 662 1600 socios
680 1545 824 1617 dupliciter
841 1547 969 1618 explicat,
997 1559 1026 1602 ut
1052 1548 1085 1601 sit
1111 1548 1172 1614 „vel
1198 1549 1290 1603 socios
1310 1545 1387 1619 populi

343 1639 473 1704 Romani,
492 1636 532 1690 rel
553 1653 610 1702 eoa,
631 1635 791 1706 quibuscum
810 1637 964 1691 societatem
982 1636 1086 1691 coisti.“
1121 1636 1258 1690 Similiter
1274 1636 1387 1706 Wyttcn·

344 1725 467 1780 baebius:
487 1723 577 1790 „Socii
594 1723 721 1777 dicuntur
738 1722 839 1794 duplici
857 1743 951 1789 seusu,
978 1725 1095 1796 primum
1118 1724 1149 1779 in
1168 1724 1295 1779 societate
1316 1739 1386 1792 usqu

344 1815 458 1868 tiorum:
478 1830 533 1882 quo
552 1811 585 1864 de
602 1810 703 1864 fraudis
721 1830 820 1882 genere
840 1823 878 1866 est
897 1813 924 1867 in
941 1812 991 1868 Or.
1007 1811 1062 1866 Cic·
1079 1830 1129 1883 pro
1145 1811 1384 1881 QuinctioetPaa·

344 1903 412 1955 dect.
431 1901 460 1953 L.
480 1900 512 1952 ll.
530 1899 583 1952 Tit.
602 1902 645 1953 tt.
682 1898 734 1951 Atii
753 1910 817 1952 sunt
834 1901 900 1953 socii
918 1900 1012 1973 populi
1031 1899 1163 1966 Romani,
1191 1916 1260 1953 cum
1286 1918 1317 1952 eo
1338 1897 1383 1950 foe·

344 1989 407 2041 dere
426 1986 517 2040 iuncti.
564 1985 625 2038 Vid.
645 1985 736 2039 similis
761 1987 842 2041 dictio
868 1989 939 2060 apud
970 1989 1028 2043 cte.
1058 1987 1198 2059 proLege
1217 1987 1382 2041 Mamali.

345 2077 379 2144 [ᾗ.
397 2075 454 2141 57.]
473 2074 512 2124 ad
527 2074 685 2143 expilandos
703 2074 787 2127 socios
801 2072 1019 2148 diripiendasque
1042 2076 1208 2145 provincias.
1256 2074 1333 2129 Coaf.
1348 2072 1382 2125 Ea.

345 2162 489 2234 Spanbem.
511 2161 544 2214 de
562 2160 639 2214 Orbe
657 2161 736 2215 Ram.
755 2182 781 2234 p.
801 2165 843 2216 83.
887 2164 1044 2219 Provinciae
1073 2174 1165 2217 autern
1190 2161 1382 2236 earumqueiu·

344 2249 419 2304 colae
436 2249 501 2302 socii
519 2268 534 2300 a
552 2249 672 2301 romanis
690 2248 887 2319 magistratibus
905 2270 983 2323 saepe
1002 2250 1165 2304 vexabantur
1183 2269 1217 2305 ec
1236 2249 1383 2322 diripieban-

344 2339 416 2390 tur.“
453 2336 494 2389 Ad
513 2336 658 2388 sententiae
676 2336 877 2390 similitudinem
903 2350 1041 2411 comparat
1059 2337 1142 2409 Borg.
1163 2338 1220 2392 cte
1240 2338 1269 2391 in
1288 2332 1382 2396 Veral,

345 2428 392 2476 22:
418 2423 482 2476 Vidi
499 2423 628 2474 collucere
646 2425 734 2475 omnia
747 2424 888 2493 —spoliis
906 2428 1036 2478 sociorum
1054 2436 1138 2498 atque
1156 2428 1313 2479 amicorum.
1348 2419 1380 2475 bd

344 2510 501 2565 senteutiam
529 2512 671 2564 verborum
697 2512 813 2581 spoliare
837 2522 863 2565 et
888 2514 1008 2582 expilare
1035 2532 1187 2585 eorumque
1217 2510 1380 2566 differentiam

345 2600 417 2652 conf.
436 2598 608 2652 Doederlein.
627 2598 684 2652 Lat.
703 2597 804 2668 Synon.
826 2618 853 2651 ιι.
874 2599 990 2672 Etymol.
1011 2603 1056 2654 lV.
1074 2620 1101 2671 p.
1113 2604 1168 2655 34⁰
1185 2621 1227 2673 sq.
1264 2602 1317 2654 Pro
1332 2616 1380 2668 spo·

344 2688 397 2741 lios
415 2686 465 2744 01.
485 2686 505 2740 l.
523 2687 666 2758 exspolias.
702 2687 755 2739 Pro
776 2688 912 2739 aerarium
931 2699 969 2742 est
987 2690 1119 2742 errarium
1137 2689 1167 2741 in
1187 2687 1258 2743 Cod.
1278 2686 1349 2742 Drsd.
1361 2686 1380 2735 l·

345 2773 570 2828 coniunctionem
589 2777 613 2826 si
631 2785 692 2827 ante
710 2777 794 2826 socios
813 2775 941 2829 omittunt
958 2775 1025 2831 Edd.
1045 2796 1102 2847 prc.
1119 2776 1191 2831 Vict.
1211 2778 1283 2832 Rob.
1307 2770 1380 2844 sept.

345 2862 519 2916 Gernbardus
537 2880 598 2916 curn
617 2862 644 2913 in
665 2862 732 2914 eod.
754 2862 849 2917 Duisb.
864 2864 1004 2934 reperisset
1020 2865 1050 2916 si
1068 2867 1206 2917 cerarium
1223 2865 1338 2934 expilat,
1358 2860 1379 2910 in

344 2950 415 3006 Add.
432 2950 498 3003 illud
516 2951 541 3002 si
558 2948 751 3002 restituendum
769 2970 797 3003 se
815 2963 910 3022 putare
929 2952 999 3007 dixit.
1047 2951 1106 3022 Ego
1127 2971 1192 3005 cum
1210 2952 1304 3005 nullus
1318 2947 1379 3021 plant

344 3037 413 3090 liber
429 3038 550 3106 (praeter
568 3035 641 3103 Bas.)
661 3036 797 3102 assentiat,
815 3059 848 3091 eo
867 3060 922 3092 non
942 3059 1021 3111 aegre
1039 3058 1127 3093 careo.
1165 3039 1227 3092 Mc.

415 3122 551 3173 aerarium
568 3122 683 3193 expilas]
713 3126 770 3190 „bb
782 3123 906 3179 Crassum
926 3148 974 3181 suo
994 3140 1019 3182 et
1037 3128 1161 3199 Pompeii
1182 3127 1322 3181 consulatu
1337 3135 1379 3176 ter-

345 3209 382 3260 tio
400 3208 517 3279 rapuisse
535 3210 589 3263 duo
608 3210 690 3265 millia
709 3213 800 3283 ponda
818 3215 878 3268 auri
896 3235 911 3268 e
930 3215 1074 3287 Capitolini
1101 3217 1170 3269 loris
1197 3216 1280 3283 salio,
1310 3213 1379 3267 effe·

344 3296 419 3350 millo
437 3295 474 3349 ibi
493 3297 616 3366 condita,
641 3299 744 3353 Plinius
762 3313 857 3354 auctor
878 3314 916 3357 est
934 3306 999 3375 Cap.
1020 3308 1045 3358 1.
1061 3304 1119 3359 Lib.
1138 3307 1185 3358 33.
1232 3303 1272 3357 Ut
1298 3321 1328 3355 ne
1344 3315 1378 3350 tt·

344 3384 415 3436 rario
434 3383 542 3456 quidem
561 3386 716 3440 abstinuisse
735 3390 844 3456 credas,
864 3392 909 3462 qui
929 3392 974 3445 tali
991 3391 1133 3463 sacrilegio
1150 3411 1179 3444 se
1201 3386 1379 3445 obstrinxerit.“

343 3473 416 3527 Fre.
435 3471 523 3544 Sylv.
560 3474 666 3542 [Monet
685 3475 787 3533 Gernb.
812 3478 864 3533 boc
883 3480 940 3533 eius
957 3479 1194 3534 secundo'factum
1222 3499 1279 3534 esse
1296 3486 1377 3532 conu-

289 3632 300 3645 .
343 3560 407 3626 latu,
426 3559 492 3613 a.U.
511 3564 572 3615 698.
590 3573 619 3615 ut
635 3564 738 3633 scripsit
756 3567 871 3621 Wetcel.
888 3569 921 3621 ad
940 3569 1010 3623 Fast.
1021 3567 1146 3639 Capitol]
1167 3566 1229 3621 Mr.
1266 3562 1378 3634 ‚depilet

343 3647 491 3700 secundum
516 3648 690 3720 Etymologos
722 3664 759 3706 est
784 3655 852 3724 pilos
874 3656 899 3709 ei
924 3657 1026 3721 aufers,
1057 3655 1130 3708 unde
1156 3655 1278 3724 depilare
1300 3648 1379 3704 dieitur

344 3731 464 3784 evellere.
498 3733 552 3785 Per
569 3736 753 3806 metaphoram
772 3743 930 3796 transfertur
948 3744 981 3796 ad
994 3744 1075 3808 bona,
1095 3743 1304 3813 possessionem:
1321 3735 1378 3791 unde

344 3826 382 3869 est
399 3817 541 3886 compilare
560 3819 659 3892 aliquid
686 3834 766 3894 atque
789 3830 909 3896 expilare
934 3830 1051 3902 aliquem
1075 3832 1092 3885 i.
1118 3851 1144 3902 q.
1163 3831 1263 3885 dicitur
1277 3825 1378 3900 peculor‚

344 3902 415 3956 unde
430 3903 574 3972 peculatus
594 3919 619 3961 et
636 3910 816 3979 depeculari.“
851 3918 1029 3989 Wynenb,

411 3995 435 4045 si
453 4003 615 4047 testamenta
634 3998 779 4052 amicorum
797 4014 950 4072 exspectas,
974 4016 1026 4058 aut
1049 4025 1081 4058 ne
1099 4016 1244 4075 exspectas
1268 3998 1376 4077 qutun]

342 4085 534 4143 „Testamenta
551 4096 706 4154 exspectes:
733 4088 863 4144 Fortassis
880 4094 998 4162 expectis
1016 4093 1033 4145 i.
1047 4111 1070 4146 e.
1091 4104 1149 4146 astu
1167 4093 1288 4165 quodam
1305 4097 1377 4143 estor-

273 4230 275 4237 .
343 4188 421 4240 ques,
447 4180 477 4222 ut
500 4188 562 4223 cum
586 4172 699 4227 dicimus
723 4178 837 4230 anulum
861 4190 998 4249 expectere
1017 4181 1049 4232 de
1066 4181 1167 4252 digito,
1196 4179 1300 4251 eritque
1323 4189 1376 4228 con·

341 4256 462 4326 temptim
481 4267 507 4310 et
524 4258 649 4313 invidiose
665 4262 775 4317 dictum.
822 4266 891 4320 Nam
911 4270 932 4320 si
951 4278 1091 4337 exspectes
1111 4267 1242 4338 legimus,
1262 4263 1323 4337 quid
1337 4256 1375 4312 ill

341 4342 431 4395 soluat
449 4344 496 4397 ista
516 4347 608 4402 verba:
626 4361 657 4401 at
675 4352 732 4419 ipse
745 4357 879 4425 ..supponis
896 4355 952 4406 —?
982 4375 1017 4408 an
1035 4356 1056 4408 si
1081 4374 1237 4427 supponere
1261 4352 1331 4415 velit,
1350 4361 1375 4396 ιθ

340 4427 428 4480 minus
445 4431 495 4483 erit
513 4451 585 4488 mors
602 4440 794 4507 exspectanda?
813 4444 886 4513 quod
906 4462 967 4496 vero
982 4442 1068 4497 scelus
1081 4454 1128 4508 est,
1148 4453 1300 4514 exspectare
1311 4445 1374 4491 tene·
