3450 5342
347 656 417 730 132
679 674 850 723 rintuoxt
879 674 1073 723 erorconuu.

346 852 405 895 tura
424 847 450 890 et
467 835 550 907 ipsius
568 833 657 888 delicti
676 846 785 897 eventus
811 833 925 905 spectari
944 833 1035 887 debet:
1065 833 1137 904 quod
1157 844 1195 887 est
1213 833 1304 887 unsui
1327 852 1397 887 com·

345 927 437 988 muni,
457 923 560 994 legibus
578 933 604 975 et
623 922 747 975 institutis
764 922 888 974 omnium
915 920 1069 974 mortalium
1089 931 1314 975 consentaneum:
1343 941 1394 975 ma-

346 1012 458 1086 gnitudo
478 1010 541 1063 lurti
558 1010 644 1080 ipsum
664 1010 743 1063 etiam
764 1021 904 1081 peccatum
924 1020 1011 1080 auget.
1056 1009 1156 1062 Eadem
1175 1020 1214 1063 est
1232 1011 1314 1063 etiam
1333 1011 1395 1065 ratio

345 1099 488 1167 libidinie.“
506 1097 537 1150 H.
554 1096 660 1152 Wott.
704 1097 794 1152 Potest
818 1098 901 1150 videri
926 1097 978 1151 boc
1003 1096 1123 1169 exemplo
1141 1096 1221 1151 allato
1240 1097 1340 1153 Cicero
1356 1116 1395 1151 re·

345 1190 457 1261 sperisse
475 1185 508 1238 ad
533 1184 605 1238 illam
631 1185 758 1239 Herodoti
784 1184 818 1240 de
843 1185 949 1240 Glauco
979 1184 1191 1239 Lacedaemonio
1217 1184 1393 1241 narrationem

346 1277 375 1330 L.
393 1274 438 1327 Vl.
457 1293 480 1328 c.
500 1275 544 1327 86.
563 1273 609 1327 ubi
636 1272 800 1345 sicquidem
819 1272 940 1327 Milesius
971 1273 1042 1344 apud
1063 1271 1212 1340 Glaucum,
1244 1274 1291 1346 qui
1318 1275 1394 1329 iustus

349 1362 569 1436 praedicabatur,
588 1360 724 1414 dimidiam
736 1380 812 1414 suam
830 1359 983 1430 deposuisse
1000 1371 1125 1414 narretur
1135 1359 1288 1431 pecuniam.
1324 1359 1393 1414 Mor-

348 1463 395 1506 tuo
414 1449 460 1503 illo
479 1449 535 1500 riro
554 1447 658 1502 Milesio
677 1448 734 1500 eius
749 1447 796 1500 lilii
816 1458 921 1501 ostensa
938 1457 1018 1512 nota,
1044 1466 1125 1519 quam
1146 1467 1160 1501 a
1178 1447 1287 1503 Glauco
1306 1466 1392 1502 eorum

348 1548 423 1609 pater
441 1547 596 1606 acceperat,
613 1535 763 1606 depositum
783 1546 937 1606 reposcunt.
974 1535 1060 1606 Negat
1070 1533 1190 1588 Glaucus
1207 1535 1358 1589 meminisse
1368 1554 1391 1588 se

347 1625 449 1696 accepti
467 1622 596 1694 depositi,
614 1622 659 1675 sed
684 1641 746 1676 cum
771 1621 811 1674 bis
828 1622 896 1693 agit,
928 1633 957 1675 ut
980 1634 1076 1693 quarto
1104 1640 1195 1674 mense
1214 1621 1340 1687 redeant,
1366 1632 1390 1673 ut

346 1713 377 1766 iis
397 1712 546 1784 depositum
566 1708 674 1777 reddat,
692 1710 712 1762 si
732 1709 954 1763 reminisceretur.
999 1708 1108 1762 interim
1126 1708 1283 1780 Apollinem
1301 1727 1391 1762 consu·

347 1800 390 1865 lit,
417 1810 507 1853 utrum
532 1797 705 1850 iureiurando
737 1798 889 1870 depositum
912 1799 1107 1851 interversurus
1132 1807 1158 1850 et
1185 1796 1213 1849 in
1238 1815 1313 1850 auam
1341 1816 1389 1849 rem

348 1906 524 1942 conversurus
541 1886 582 1939 eit.
617 1883 711 1957 Pythia
730 1885 753 1937 ei
773 1887 931 1957 respondet:
962 1885 991 1937 in
1011 1902 1137 1956 praesens
1163 1883 1274 1956 quidem
1301 1885 1390 1937 sivein

347 1976 426 2029 breve
445 1985 550 2043 tempus
567 1973 670 2044 expedit
688 1992 751 2026 sane
769 1973 804 2026 ita
823 1973 997 2026 iureiurando
1017 1973 1122 2027 sincere
1140 1971 1338 2043 pecuniamque
1354 1971 1390 2022 in-

347 2072 505 2126 tervertere,
524 2058 568 2112 sed
589 2079 643 2113 non
662 2060 773 2114 cessabit
790 2079 897 2132 semper
914 2058 1002 2113 divina
1021 2059 1150 2114 vindicta:
1167 2069 1223 2114 tota
1241 2070 1287 2113 tua
1305 2059 1390 2112 domus

345 2148 473 2202 interibit.
511 2146 593 2215 Quod
613 2147 685 2200 brevi
704 2147 783 2201 etiam
800 2148 903 2201 sactum
922 2158 968 2201 est.
1001 2147 1061 2201 Mr.

418 2245 468 2287 out
479 2245 677 2305 temperantem,
695 2236 797 2306 qui-]
815 2239 1030 2304 „Temporalem
1051 2236 1221 2290 duodecim.“
1241 2235 1313 2290 Ald.
1332 2233 1391 2287 Ma-

347 2332 416 2375 nut.
452 2322 558 2376 Habent
575 2323 653 2376 etiam
673 2332 851 2392 temperatum
869 2321 921 2378 Os.
933 2341 963 2386 ψ.
980 2323 1061 2377 Drsd.
1079 2329 1112 2388 43
1130 2323 1181 2378 Os.
1193 2324 1225 2377 E.
1246 2344 1283 2376 nn
1301 2333 1331 2376 tu
1346 2340 1390 2394 pro

347 2419 406 2462 out.
441 2409 505 2463 Post
522 2420 712 2479 temperantem
738 2410 767 2464 in
794 2410 885 2465 multis
911 2411 979 2466 Edd.
997 2413 1118 2484 sequitur
1135 2431 1210 2464 enm:
1236 2412 1309 2484 quod
1334 2429 1388 2465 cum

347 2513 402 2547 non
420 2493 524 2566 legatur
550 2496 578 2549 in
598 2495 683 2550 Cudd.
710 2497 791 2551 Bern.
813 2497 873 2552 Bas.
898 2497 988 2552 Guell.
1007 2499 1079 2554 Gud.
1098 2500 1130 2554 Α.
1148 2499 1180 2553 Β.
1213 2499 1321 2553 Suerin.
1338 2501 1388 2551 cn.

346 2586 372 2636 1.
390 2588 413 2636 2.
431 2581 497 2636 On.
517 2582 535 2635 l.
555 2583 589 2636 U.
607 2604 632 2651 η.
652 2604 675 2637 o.
696 2604 725 2646 ψ.
744 2585 825 2639 Drsd.
843 2588 936 2641 1—5.
954 2586 1021 2640 Edd.
1042 2608 1098 2659 prr„
1110 2589 1180 2642 Vict.
1197 2584 1385 2642 ManutSullr.

346 2669 418 2723 Petr.
447 2669 509 2723 Par.
526 2690 547 2724 s.
567 2670 583 2723 l.
600 2671 669 2726 [lob.
687 2672 781 2744 Stepb.
797 2674 859 2728 Asc.
878 2678 964 2730 titt:
983 2676 1011 2729 in
1032 2676 1071 2729 bis
1087 2676 1170 2747 igitur
1188 2677 1317 2729 omnibns
1334 2691 1387 2728 cum

347 2777 402 2811 non
421 2758 526 2828 legatur
543 2777 619 2816 eum,
647 2779 704 2813 non
732 2763 838 2817 uncinis
862 2763 943 2816 modo
963 2764 1131 2818 co'drcuimus
1148 2783 1243 2818 vocem
1272 2778 1388 2834 superit-

346 2865 473 2912 ceneam,
503 2846 548 2900 sed
569 2846 648 2918 plane
666 2849 800 2904 eiecimus.
837 2849 868 2902 ln
886 2871 939 2903 una
957 2850 1008 2904 Ed.
1027 2851 1111 2921 Lugd.
1129 2863 1167 2904 est
1186 2870 1223 2903 an
1242 2870 1293 2922 pro
1312 2859 1367 2901 aut.

417 2935 465 3004 qui
482 2952 511 2986 se
529 2963 564 2974 —
582 2936 611 2988 in
628 2937 723 3008 aliqua
741 2937 904 3006 effuderit?]
933 2939 1100 2994 insolentius
1118 2938 1219 2993 dictum
1239 2941 1277 2994 ait
1294 2936 1386 2992 Gemb.

345 3039 400 3072 esse
418 3038 446 3071 se
464 3019 602 3088 effundere
619 3023 648 3075 in
670 3023 818 3092 libidinem,
837 3026 854 3078 i.
874 3045 896 3080 e.
914 3028 971 3080 sine
989 3029 1071 3081 modo
1090 3038 1115 3081 et
1134 3027 1239 3080 ratione
1257 3026 1386 3098 indulgere

343 3105 464 3171 libidini,
483 3107 618 3180 riderique
636 3109 706 3166 banc
721 3111 865 3167 dictionem
885 3115 1009 3168 Ciceroni
1026 3116 1170 3186 placuisse,
1198 3135 1269 3188 quae
1295 3132 1385 3188 prono·

344 3192 456 3246 minine
475 3197 732 3254 accommodaretur.
770 3199 903 3254 Nimirum
929 3203 1103 3256 concinnitati
1127 3201 1179 3257 boc
1197 3203 1272 3258 dedit
1290 3201 1382 3256 Cicero.

344 3280 415 3336 Cum
430 3282 501 3335 enim
521 3285 686 3355 praemiserit
704 3306 732 3340 se
750 3318 784 3328 —
803 3290 982 3355 continuerit,
1014 3291 1164 3363 postulabat
1192 3291 1309 3363 partium
1327 3306 1384 3344 con-

344 3369 458 3424 cinnitas
475 3380 501 3424 et
520 3381 581 3441 apta
596 3372 744 3443 copulatio,
763 3386 793 3429 ut
811 3377 903 3430 eadem
923 3389 1055 3433 structura
1075 3391 1233 3451 pergeretur
1250 3399 1280 3433 se
1297 3408 1330 3421 -
1347 3376 1383 3446 ej-

337 3458 458 3528 suderit.
508 3457 590 3526 Quod
615 3462 664 3514 nisi
684 3462 790 3528 luisset,
819 3466 1070 3520 accommodavisset
1092 3487 1120 3520 se
1147 3465 1246 3521 Cicero
1278 3466 1301 3520 ei
1326 3461 1382 3523 usui

342 3564 397 3617 quo
416 3545 478 3598 dixit
497 3544 574 3612 alibi,
594 3568 616 3602 r.
635 3567 660 3603 c.
677 3570 728 3621 pro
748 3550 824 3605 Coel.
841 3557 866 3608 ⁶.
883 3555 990 3622 effusus
1008 3555 1037 3606 in
1054 3555 1208 3625 largitione,
1227 3555 1315 3608 forma
1331 3569 1382 3624 par

342 3631 411 3694 siva,
440 3631 529 3701 qualia
554 3633 706 3690 asseruntur
724 3641 842 3710 exempla
866 3641 1053 3695 aForcellino
1080 3662 1110 3694 ex
1137 3641 1228 3705 Livio,
1254 3640 1381 3699 Suetonio,

341 3715 445 3767 Tacito.
481 3716 571 3770 Verba
589 3722 682 3789 quise
700 3723 853 3778 exciderunt
878 3727 905 3778 in
925 3728 992 3780 cod.
1010 3728 1060 3781 Os.
1079 3747 1109 3789 ψ.
1135 3729 1165 3780 ln
1190 3729 1273 3783 Drsd.
1289 3732 1314 3782 4.
1331 3735 1381 3780 ante

342 3801 371 3851 in
389 3800 483 3871 aliqua
502 3800 609 3856 additur
627 3816 671 3869 et,
697 3810 784 3863 minus
809 3812 892 3878 bene,
917 3824 942 3867 et
969 3814 1094 3887 languide
1113 3817 1209 3880 etiam,
1242 3817 1272 3870 in
1291 3812 1346 3867 Cn·
1361 3813 1380 3861 1·

341 3895 432 3939 estse
449 3885 593 3954 effuderit,
612 3890 641 3944 in
660 3892 709 3948 Or.
727 3896 758 3950 E.
778 3899 928 3968 offenderit.
974 3905 1093 3957 Verbum
1118 3905 1249 3972 effuderit
1268 3903 1379 3958 omissum

340 3973 423 4028 estin
443 3974 511 4028 eod.
530 3973 601 4030 Gud.
620 3978 650 4035 B.
685 3983 744 4039 Mr.

414 4061 473 4115 Una
491 4063 580 4117 virtus
597 4078 639 4120 est
658 4075 822 4129 consentiens
850 4096 910 4129 cum
936 4080 1041 4131 ratione
1067 4091 1093 4132 et
1112 4091 1246 4150 perpetua
1265 4086 1378 4132 coneten-

339 4150 391 4219 tio]
428 4150 502 4205 Libri
522 4162 576 4208 tam
594 4174 676 4212 manu
702 4163 812 4230 exarati,
840 4166 1004 4237 quam.editi
1023 4166 1066 4220 bic
1091 4186 1186 4221 omnes
1212 4164 1377 4221 consentiunt·

309 4248 313 4254 '
338 4234 402 4305 Quo
432 4239 585 4313 diligentius
603 4255 691 4302 tamen
711 4261 737 4304 et
764 4251 914 4305 accuratius
941 4251 1013 4306 bunc
1036 4238 1127 4309 locum
1148 4256 1285 4328 expendo,
1314 4260 1375 4306 nuto

337 4322 434 4381 clarius
451 4329 516 4383 mibi
535 4332 623 4388 ridere
642 4336 746 4404 videor,
773 4348 801 4389 et
818 4357 874 4392 esse
906 4341 939 4394 ab
972 4342 1097 4413 imperito
1116 4344 1266 4410 adiectum,
1295 4353 1373 4395 notta

334 4406 473 4470 Ciceronis
492 4435 575 4473 manu
594 4423 760 4495 proiectum,
780 4427 1017 4511 scribendumque:
1053 4433 1115 4484 Une
1133 4434 1224 4485 virtus
1243 4440 1299 4492 est,
1323 4441 1374 4477 ⁶⁰¹¹·
