3450 5342
571 668 767 749 rnnanoxon
787 668 808 714 r.
849 666 919 716 cnr.
938 670 973 717 n.
1000 669 1046 716 ur.
1283 642 1333 719 29

278 838 478 903 virtutibus?
531 836 641 916 Quidi
681 836 835 902 aNuma
861 806 1047 918 Pompilio?
1083 836 1234 901 minusne
1255 855 1333 919 gru-

281 979 332 1038 tas
368 974 429 1038 diis
462 974 702 1041 immortalibus
744 973 920 1056 capedines
958 990 999 1038 ac
1038 971 1154 1035 fictiles
1187 970 1333 1039 birnulas

281 1111 400 1189 luisse,
438 1128 537 1191 quam
579 1110 718 1176 tilicatas
756 1110 899 1175 aliorum
937 1112 1069 1189 pateras
1112 1105 1334 1170 arbitramur?

281 1246 406 1335 Omitto
442 1247 604 1327 reliquos:
648 1249 724 1311 sunt
766 1245 854 1311 euim
894 1260 1011 1309 omnes
1043 1258 1141 1325 pares
1171 1242 1259 1306 inter
1291 1256 1338 1319 se,

282 1383 413 1461 praeter
438 1352 634 1464 Superbum.
686 1382 824 1448 Brutum
850 1381 878 1445 si
906 1380 963 1462 qui
989 1381 1102 1459 roget,
1130 1376 1209 1459 qnid
1233 1378 1338 1459 egerit

281 1515 315 1579 in
349 1516 456 1597 patria
491 1518 680 1583 liberanda:
719 1520 747 1584 si
782 1519 855 1602 quis
890 1517 971 1581 item
1004 1514 1149 1595 reliquos
1188 1514 1336 1580 eiusdem

281 1653 412 1717 consilii
445 1655 573 1733 socios,
611 1655 690 1737 quid
732 1656 969 1739 spectaverint,
1003 1652 1083 1735 quid
1116 1654 1218 1718 secuti
1255 1655 1336 1719 sint:

281 1804 363 1851 num
389 1787 462 1866 quis
489 1789 642 1868 exsistet,
670 1791 725 1855 cui
750 1794 921 1873 voluptas,
947 1790 1002 1854 oui
1028 1788 1179 1868 divitiae,
1204 1791 1258 1854 cui
1277 1790 1336 1854 de·

280 1924 401 2004 nique,
437 1927 569 2005 praeter
600 1924 747 1990 officium
779 1924 874 1990 fortis
912 1929 946 1989 et
980 1925 1092 2007 magni
1124 1923 1205 2002 viri,
1244 1925 1337 2006 quic-

281 2075 383 2140 quam
408 2059 498 2123 aliud
520 2063 729 2142 propositum
754 2062 856 2128 fuisse
879 2060 1052 2128 videatur?
1098 2059 1193 2140 Quae
1220 2078 1273 2126 res
1293 2060 1337 2126 ad

281 2214 397 2262 necem
425 2197 593 2263 Porsenae
628 2197 664 2265 C.
699 2200 847 2265 Mu'oium
882 2198 1028 2280 impulit,
1068 2196 1139 2261 sine
1174 2196 1243 2261 ulla
1277 2213 1336 2278 spe

282 2334 396 2398 salutis
421 2336 525 2399 suae?
579 2333 673 2413 Quae
702 2336 752 2400 vis
780 2332 941 2401 Coclitem
979 2335 1096 2398 contra
1130 2348 1246 2396 omnes
1272 2332 1336 2396 bo-

281 2469 382 2534 stium
415 2471 528 2552 copias
563 2472 667 2535 tenuit
706 2473 741 2535 in
774 2475 876 2554 ponte
908 2470 1040 2535 solnm‘t
1086 2486 1172 2550 quae
1207 2472 1336 2552 patrem

281 2603 439 2697 Decium,
465 2621 551 2687 quae
577 2606 683 2670 tilium
708 2606 894 2686 devotavit,
927 2609 1026 2686 atque
1051 2604 1185 2669 immisit
1220 2605 1255 2667 in
1281 2619 1337 2667 ar·

281 2743 390 2804 matas
416 2740 561 2805 bostium
588 2741 727 2822 copias?
780 2739 869 2819 Quid
896 2741 1100 2805 continentia
1127 2738 1161 2805 G.
1186 2740 1338 2816 Fabricii,

283 2876 363 2958 quid
389 2877 530 2941 tenuitas
555 2877 660 2947 victus
682 2867 726 2942 Μ’
753 2877 844 2944 Curii
862 2877 1090 2960 sequebatur?
1150 2873 1237 2953 Quid
1270 2874 1337 2940 duo

282 3014 531 3095 propugnacula
567 3014 647 3079 belli
679 3014 812 3092 Punici,
847 3013 906 3081 Cn.
939 3020 973 3079 et
1002 3015 1038 3079 P.
1065 3012 1255 3097 Scipiones,
1281 3016 1336 3094 qui

283 3152 607 3234 Karthaginiensium
634 3152 812 3219 adveutum
848 3156 1044 3236 corporibus
1084 3155 1152 3220 suis
1177 3156 1336 3220 interclu-

283 3293 429 3360 dendum
450 3295 668 3376 putaverunt?
704 3293 783 3375 quid
808 3293 982 3359 Africanus
1003 3296 1136 3379 major?
1174 3296 1253 3376 quid
1274 3297 1338 3360 mi·

282 3432 372 3497 nori
400 3430 478 3511 quid
501 3431 586 3495 inter
611 3431 733 3496 borum
748 3433 871 3493 aetates
886 3390 1075 3493 interiectus
1093 3428 1199 3495 Gatol
1226 3426 1337 3507 Quid?

281 3566 541 3643 innumerabiles
570 3568 627 3632 alii
654 3560 743 3653 (nam
771 3566 960 3631 domesticis
992 3564 1152 3645 exemplis
1189 3563 1338 3627 abunda·

283 3696 369 3789 mus)
392 3701 615 3781 cogitassene,
645 3678 821 3784 quicquani
855 3702 890 3767 in
920 3702 989 3766 vita
1013 3701 1076 3763 sibi
1107 3700 1337 3782 expetendum,

284 3837 348 3901 nisi
380 3836 471 3919 quod
504 3836 672 3915 laudabile
704 3842 789 3903 esset
822 3844 855 3903 et
887 3830 1119 3920 'praeclarum
1162 3837 1336 3903 videntur?

284 3970 426 4036 Veniant
450 3972 548 4053 igitur
567 3973 620 4038 isti
645 3974 796 4039 irrisores
822 3975 920 4039 buius
955 3976 1115 4041 orationis
1140 3992 1180 4040 ac
1206 3980 1388 4045 senten-nr.
1491 4029 1494 4036 .

285 4103 371 4183 tiae,
396 4108 430 4169 et
453 4106 521 4185 iam
545 4108 598 4173 vel
624 4108 686 4190 ipsi
712 4108 868 4189 iudicent,
895 4114 1006 4177 utrum
1028 4130 1064 4177 se
1091 4104 1212 4177 horum
1233 4113 1337 4175 alicu-

283 4242 353 4323 ius,
375 4244 432 4325 qui
457 4246 653 4310 marmoreis
678 4248 789 4326 tectis,
825 4249 928 4313 ebore
960 4254 992 4313 et
1020 4266 1103 4312 auro
1129 4245 1337 4326 fulgentibus,

285 4380 341 4461 qui
369 4380 489 4463 signis,
516 4382 573 4463 qui
594 4383 732 4463 tabulis,
770 4386 827 4466 qui
853 4385 983 4449 caelato
1018 4398 1101 4446 auro
1131 4386 1164 4445 et
1190 4386 1337 4463 argento,
