3450 5342
598 676 796 725 rantnoxon
825 679 854 724 v.
882 677 952 724 car.
978 678 1026 724 ιιι.
1269 655 1341 733 261

353 851 388 892 et
408 842 509 895 oltoet
529 838 675 892 virtutibus
693 838 871 909 exaggerato]
907 835 997 890 Verba
1029 839 1086 889 Nos
1112 856 1173 890 vero
1190 868 1225 880 -
1243 870 1277 880 -
1296 862 1342 896 nec

287 949 431 998 possumus
449 927 602 982 exciderunt
619 926 646 978 in
664 925 750 978 Codd.
769 923 835 978 01¹.
849 945 874 993 η.
894 943 918 980 o.
938 925 1022 979 oculis
1041 924 1215 978 librariorum
1233 941 1342 999 propter

290 1016 433 1067 verborum
452 1014 650 1067 similitudinem
671 1013 865 1065 aberrantibus.
909 1012 964 1066 Pro
990 1024 1018 1064 et
1037 1013 1112 1065 alto
1132 1010 1199 1066 Cod.
1218 1014 1298 1068 Drsd.
1315 1020 1341 1070 3.

291 1101 370 1154 habet
393 1113 421 1152 et
445 1101 621 1168 exaltato,
656 1119 726 1172 quae
750 1118 797 1151 vox
824 1097 951 1153 Ciceroni
976 1119 1117 1172 nunquam
1144 1112 1183 1155 est
1208 1113 1343 1173 usurpata.

292 1189 427 1244 Adiectiva
446 1190 565 1241 excelsus
575 1199 610 1240 ‘et
628 1189 705 1240 altus
722 1206 801 1258 saepe
819 1187 919 1254 iunxit,
947 1187 1024 1242 cuius
1051 1208 1114 1242 usus
1141 1188 1260 1260 exempla
1279 1190 1345 1245 haec

291 1277 399 1348 collegit
426 1277 649 1349 Borgersius:
677 1275 710 1328 de
728 1275 807 1329 Finn.
826 1275 859 1341 ll,
879 1279 935 1340 14.;
959 1275 1057 1329 Tusce.
1076 1274 1108 1341 ll,
1126 1279 1153 1329 4.
1198 1276 1344 1348 Participio

290 1376 474 1436 exaggeratus
502 1385 564 1418 usus
581 1364 690 1437 quidem
718 1374 758 1416 est
775 1362 838 1417 alibi
858 1382 909 1435 nec
927 1382 989 1416 vero
1007 1363 1086 1434 plane
1106 1375 1135 1418 ut
1154 1376 1245 1419 nostro
1264 1365 1342 1431 loco;

291 1473 313 1504 v.
332 1471 355 1506 c.
377 1452 451 1519 Brut.
469 1456 526 1506 11:
548 1454 657 1505 Catonis
675 1450 820 1503 luminibus
838 1451 976 1503 obstruxit
994 1452 1061 1502 lmec
1079 1453 1160 1524 quasi
1174 1464 1342 1525 exaggerata

290 1540 375 1592 altius
393 1542 490 1594 oratio.
537 1538 664 1594 Ceterum
691 1538 817 1592 scribitur
839 1548 868 1590 et
885 1538 1035 1592 virtutibus
1052 1551 1087 1590 et
1105 1541 1277 1611 exaggerati
1294 1559 1342 1592 su-

290 1647 349 1679 mus
367 1628 395 1679 in
413 1627 480 1681 Cod.
500 1628 621 1690 Cra.1.;
645 1628 674 1679 in
693 1629 750 1680 ca„
767 1633 793 1680 2.
821 1626 872 1681 Ox.
890 1643 920 1689 ψ.
941 1637 967 1680 et
985 1625 1066 1680 Drsd.
1084 1630 1110 1681 4.
1137 1637 1165 1678 et
1190 1627 1339 1680 virtutibus

289 1716 464 1785 exaggerati
498 1733 607 1774 sumum·
627 1715 655 1766 in
674 1712 751 1766 Suer.
769 1713 991 1785 exagregati,
1020 1713 1049 1766 in
1068 1712 1139 1766 Gud.
1159 1712 1192 1767 A.
1210 1731 1342 1784 exaggre-

241 1880 245 1885 Ι
286 1803 366 1873 goti,
385 1801 456 1855 Gud.
475 1801 506 1854 B.
525 1803 685 1873 exaggeote,
703 1800 754 1854 Ox.
773 1801 804 1857 E.
823 1811 1064 1873 exaggregoto.
1100 1799 1162 1859 Mt.

362 1925 539 1995 exaggerato]
556 1923 593 1992 „i.
613 1943 636 1976 e.
653 1923 745 1977 animo
764 1924 796 1977 ad
817 1924 958 1976 maximam
976 1922 1143 1976 altitudinem
1164 1921 1233 1975 elato
1252 1933 1277 1975 et
1296 1923 1341 1993 qui

288 2033 332 2065 res
351 2010 493 2078 humanas,
523 2023 552 2064 ut
570 2011 640 2064 inira
659 2032 685 2064 se
705 2013 816 2084 positas,
846 2021 1008 2065 contemnat.
1054 2010 1100 2064 Est
1127 2010 1209 2080 igitur
1236 2009 1342 2080 elegans

288 2100 410 2172 gradatio
429 2099 511 2153 animi
530 2100 641 2166 excelsi,
667 2100 735 2157 olli,
759 2100 876 2170 denique
902 2099 1041 2153 virtutibus
1064 2097 1239 2169 exaggerati,
1269 2097 1341 2168 quod

289 2191 353 2243 item
372 2199 476 2259 poterat
495 2186 546 2240 dici
564 2187 706 2240 cumulati.
741 2187 787 2241 Est
806 2186 877 2240 enim
897 2204 982 2257 agger
1008 2185 1083 2258 quasi
1101 2203 1225 2251 acervus,
1255 2203 1341 2251 mons,

293 2275 424 2341 cumulus,
443 2287 538 2338 vertex.
574 2273 627 2326 Sed
646 2275 667 2327 si
687 2274 846 2346 producitur
866 2293 922 2326 non
941 2273 1023 2327 modo
1041 2274 1069 2327 in
1089 2272 1185 2340 altum,
1205 2271 1341 2326 sedetiam

289 2364 318 2416 in
338 2363 468 2434 longum,
491 2373 557 2416 tunc
575 2360 605 2414 fit
624 2380 709 2432 agger
727 2361 836 2432 proprie
855 2362 954 2427 dictus,
981 2360 1026 2432 qui
1051 2361 1199 2432 opponitur
1217 2361 1284 2413 mari
1302 2358 1342 2411 al-

290 2450 372 2503 luenti
400 2462 426 2503 et
443 2450 524 2503 fluvio
551 2449 702 2502 exundanti.
753 2450 809 2502 cic.
827 2451 909 2504 Tusc.
927 2447 962 2515 ll,
981 2452 1029 2503 26:
1057 2450 1234 2521 exaggeratio
1259 2448 1342 2502 animi

289 2535 325 2608 [§.
345 2539 416 2604 64.];
435 2538 468 2590 de
489 2535 610 2590 oratione
629 2547 717 2589 autem
738 2538 871 2608 saepius.“
890 2536 1141 2608 Wyttenbach.

362 2660 410 2692 nee
427 2640 550 2693 debemus
568 2660 615 2694 nec
629 2644 792 2710 possumus]
839 2643 893 2696 Pro
920 2662 967 2695 nec
992 2641 1114 2695 debemur
1138 2653 1177 2696 est
1194 2641 1222 2694 in
1241 2640 1291 2694 Ox.
1310 2656 1340 2702 ψ.

289 2728 416 2801 quibus
433 2739 466 2780 et
486 2722 621 2793 debemus,
648 2748 677 2780 ex
701 2728 892 2800 superioribus.
917 2729 998 2782 Drsd.
1017 2733 1043 2782 1.
1070 2729 1168 2800 quibus
1189 2746 1342 2802 possumus,

288 2836 342 2870 non
361 2815 497 2880 debemur,
515 2815 594 2870 Drsd.
615 2835 668 2868 non
686 2816 809 2868 debemus
827 2834 875 2868 nec
890 2835 1049 2886 possumus,
1066 2815 1161 2869 Duisb.
1178 2834 1226 2867 nec
1243 2830 1343 2884 porso-

289 2924 364 2962 mus,
382 2923 429 2956 uec
448 2903 578 2958 debemur.
616 2903 657 2956 Ad
677 2923 700 2957 v.
718 2914 885 2976 exaggerato
903 2904 975 2959 Fre.
992 2903 1082 2976 Sylv.
1100 2904 1180 2958 haec:
1197 2903 1233 2971 „i.
1252 2922 1275 2955 e.
1294 2921 1342 2952 cu-

290 2993 404 3048 mulato.
439 2989 523 3045 Stoici
550 2991 622 3044 enim
648 2992 755 3065 virtutes
782 2993 818 3045 ita
838 2993 909 3045 inter
938 3012 965 3045 se
985 3012 1116 3047 connexas
1135 3011 1190 3045 esse
1208 2989 1340 3054 dicebant,

288 3090 319 3132 ut
341 3098 420 3132 nemo
438 3097 519 3132 unam
539 3077 636 3133 habere
655 3081 750 3151 possit,
771 3080 836 3151 quin
860 3080 954 3134 habeat
972 3080 1119 3153 reliquas.‘⁸
1154 3079 1213 3133 Mr.

322 3201 325 3207 ·
362 3194 394 3235 tu
410 3202 488 3252 posse
512 3194 539 3235 te
565 3184 674 3252 dicito,]
703 3187 788 3239 Codd.
813 3185 864 3238 Or.
882 3185 913 3238 E.
939 3186 1019 3250 Drsd.
1038 3191 1064 3239 2.
1109 3186 1176 3238 Sed
1200 3196 1231 3237 tu
1253 3202 1341 3255 posse.

287 3269 384 3324 Duisb.
406 3275 463 3337 Tu,
482 3270 511 3322 si
526 3272 662 3339 possis,
679 3273 821 3328 edicito.
856 3273 937 3327 Face·
953 3274 986 3326 ad
1005 3295 1027 3325 v.
1050 3277 1090 3326 Tu
1110 3272 1292 3344 explicandam
1311 3273 1338 3325 in

287 3369 380 3411 annot.
398 3357 471 3410 addit
489 3360 640 3423 „Crassestf
666 3357 726 3411 ΜΓ.
757 3422 759 3429 y

363 3463 524 3532 quoniam
550 3460 655 3533 quidem
676 3467 782 3533 potest]
819 3465 857 3517 lta
885 3464 954 3516 edidi
978 3483 1039 3518 cum
1065 3464 1129 3527 Or..
1158 3484 1219 3518 cum
1239 3465 1341 3519 Gernh.

284 3552 402 3610 ediderit
418 3551 533 3623 quand
539 3571 554 3604 o
572 3553 692 3624 quidem,
712 3572 774 3606 cum
793 3552 861 3604 Edd.
880 3565 920 3606 sat
939 3551 1043 3619 multis,
1063 3549 1148 3605 Codd.
1167 3551 1265 3620 paucis
1307 3551 1341 3605 Et

285 3643 387 3696 habent
404 3640 529 3712 quoniam
546 3640 726 3711 septendecim
746 3640 806 3693 Aldi
824 3641 922 3709 (unus,
941 3639 1180 3705 duodevicesimus,
1197 3651 1244 3718 ᾖ,
1269 3642 1341 3711 quod

286 3727 568 3801 compendiumvarie
593 3728 645 3800 legi
664 3730 780 3800 potest),
812 3748 906 3783 omnes
930 3728 995 3782 Oxx.
1021 3729 1155 3803 itemque,
1173 3746 1204 3789 ut
1228 3734 1339 3800 videtur,

287 3816 398 3872 Gruteri
417 3815 546 3883 Palatini,
566 3815 638 3870 Gud.
656 3822 681 3871 t.
701 3823 726 3872 2.
746 3818 840 3872 Duisb.
859 3817 918 3888 (sed
938 3818 1035 3872 omisso
1055 3820 1174 3891 quidem)
1192 3823 1251 3876 Cra.
1270 3825 1295 3875 1.
1314 3828 1339 3875 2.

287 3904 368 3958 Drsd.
387 3910 412 3958 2.
431 3907 456 3958 3.
476 3908 502 3958 4.
530 3909 557 3959 5.
580 3905 649 3962 Edd.
674 3927 731 3978 pro.
759 3910 828 3963 Vict.
851 3908 945 3960 Lamb.
970 3905 1055 3961 suffr.
1083 3907 1155 3961 Petr.
1180 3907 1246 3962 Oxx.
1270 3911 1339 3964 Ven.

288 3995 369 4046 1492.
388 3995 467 4046 1514.
486 3992 566 4047 Hdlh.
586 3993 635 4048 Ed.
660 4013 703 4066 ap.
722 3994 808 4048 Meus.
826 3995 893 4048 Dav.
914 3995 979 4066 Arg.
1003 3994 1089 4066 Lugd.
1105 3995 1166 4048 Par.
1185 3999 1265 4050 1512.
1285 3995 1340 4049 Co·

287 4070 344 4132 lon.
362 4078 439 4134 Grut.
459 4079 546 4134 Gron.
564 4080 644 4153 Borg.
663 4081 759 4137 Graev.
778 4084 861 4138 Verb.
881 4082 952 4136 Oliv.
970 4082 1035 4135 Ern.
1054 4080 1131 4136 Scltz.
1156 4083 1227 4137 Tbn.
1252 4084 1339 4138 Wetz.

287 4171 411 4241 Pergunt
428 4169 492 4224 01¹.
511 4171 531 4224 l.
553 4193 578 4241 η.
597 4192 621 4226 o.
639 4190 669 4236 ψ.
688 4171 761 4225 Gud.
782 4173 812 4226 Β.
832 4171 892 4225 Cra.
912 4177 938 4226 1.
957 4172 1037 4226 Drsd.
1057 4178 1081 4226 2.
1100 4176 1126 4227 4.
1146 4172 1236 4225 debere
1255 4185 1288 4225 te
1308 4194 1339 4226 ne

287 4260 314 4312 d.
334 4277 397 4312 cum
415 4258 483 4312 Edd.
503 4261 574 4313 Crat.
600 4260 674 4314 Man.
692 4261 753 4315 Ald.
774 4265 851 4321 1517.
878 4262 939 4315 Asc.
957 4264 1053 4326 1511.;
1079 4259 1169 4312 debere
1195 4278 1239 4312 me
1263 4280 1295 4313 ne
1315 4263 1342 4317 d.

287 4346 361 4399 Gud.
382 4348 427 4411 A,
455 4346 544 4400 debere
569 4359 601 4400 te
625 4367 683 4399 nec
700 4350 806 4400 etiam
825 4350 850 4404 d.
880 4347 930 4401 Ox.
950 4347 997 4410 E.;
1022 4348 1113 4399 debere
1137 4368 1201 4401 non
1226 4347 1276 4401 Or.
1294 4347 1340 4414 U.;

288 4433 371 4487 Drsd.
391 4436 416 4487 3.
434 4444 466 4485 te
484 4434 575 4487 debere
594 4455 659 4487 non
679 4437 792 4500 dixerim
811 4435 890 4491 Drsd.
906 4439 930 4489 1.
949 4434 1040 4487 debere
1059 4445 1090 4485 te
1109 4454 1173 4488 non
1193 4437 1340 4499 dixisti,
