3450 5342
356 627 404 704 32
689 653 862 702 rursuoxa
891 652 1084 703 sroxconuu.

354 834 419 868 num
444 832 494 886 pro
517 811 612 864 bonum
629 831 704 875 esaa‚·
748 812 850 866 nuliam
873 823 962 867 autem
988 811 1088 867 habent
1118 813 1226 867 latinam
1255 813 1407 886 inscriptio·

354 923 433 968 nem,
458 911 565 973 praeter
588 911 658 967 tres,
676 919 743 972 quas
759 901 889 968 diximus,
917 901 969 955 Ed.
993 920 1048 973 pro.
1076 901 1151 972 Mog.
1169 905 1250 956 1155.
1294 902 1405 955 Sufsridi

353 991 425 1044 Petri
444 1001 470 1042 et
487 988 599 1041 Huberi.
636 987 730 1060 Neque
747 989 858 1044 latinam
878 1009 966 1062 nequo
988 1008 1116 1061 graecam
1135 988 1235 1044 babent
1254 988 1321 1042 Oxx.
1336 991 1356 1045 1.
1364 1009 1403 1056 oq

352 1079 424 1133 solus
444 1076 495 1130 Ox.
509 1077 557 1132 N.:
586 1076 666 1145 Quod
681 1076 771 1129 enim
788 1078 929 1130 honestum
946 1078 983 1129 sit
1003 1076 1170 1129 dicebant
1193 1076 1224 1127 id
1248 1077 1337 1128 solum
1363 1076 1402 1129 bo-

353 1186 418 1220 num
436 1184 507 1232 esse3
525 1165 635 1218 Ascens.
645 1167 732 1219 151οι
750 1165 829 1235 Quod
845 1164 932 1217 solum
942 1165 1083 1217 honestum
1102 1163 1211 1216 bonum:
1230 1163 1252 1214 F
1254 1182 1312 1217 aee.
1321 1162 1371 1217 Ed.
1378 1168 1399 1216 1.

350 1257 429 1326 (nam
448 1252 536 1324 prima
555 1251 675 1318 exbibet,
693 1251 766 1323 quod
782 1270 832 1305 nos
850 1251 981 1320 edimus):
1000 1251 1079 1322 Quod
1096 1253 1236 1303 bonestum
1254 1252 1301 1315 sit,
1320 1251 1351 1300 id
1362 1269 1400 1302 so·

350 1344 407 1395 lum
416 1341 512 1394 bonum
526 1350 589 1394 est.
606 1338 713 1392 Latinas
724 1338 912 1412 inscriptiones
920 1359 981 1394 cum
993 1338 1042 1392 Or.
1053 1338 1158 1394 uncinis
1169 1336 1337 1392 inclusimus.
1349 1337 1377 1389 Μ
1383 1358 1400 1390 r.

370 1466 372 1471 ·
426 1433 542 1486 Veneror,
565 1447 598 1481 na
616 1429 671 1496 cut]
696 1425 784 1481 Codd.
809 1427 876 1482 Oxx.
900 1427 932 1483 E.
951 1428 971 1481 l.
996 1427 1029 1481 N.
1051 1445 1081 1492 ψ.
1106 1427 1142 1482 U.
1178 1424 1237 1481 Cra.
1257 1431 1283 1481 1.
1300 1430 1327 1482 3.
1351 1428 1398 1481 duo

351 1516 479 1583 Gruteri,
496 1515 577 1568 Drsd.
596 1520 620 1569 2.
636 1518 664 1569 4.
683 1518 709 1569 5.
746 1514 827 1569 Besii.
845 1514 918 1570 Gud.
935 1514 968 1570 B.
986 1513 1017 1570 C.
1035 1514 1141 1570 Sueriu.
1156 1514 1225 1569 Edd.
1241 1518 1311 1573 Ven.
1326 1519 1398 1570 1181.

351 1609 433 1663 1491.
451 1603 501 1660 Ed.
519 1603 599 1657 Hdib.
616 1624 636 1657 s.
654 1602 673 1656 1.
689 1614 716 1657 et
734 1623 758 1657 a.
779 1604 848 1657 Ven.
861 1607 942 1659 1511.
962 1604 1050 1676 Lugd.
1061 1616 1088 1659 et
1098 1605 1210 1660 Daveut.
1220 1610 1301 1662 1515.
1320 1606 1398 1660 Paris.

351 1698 431 1749 15111.
450 1694 516 1765 Arg.
533 1695 614 1747 1515.
632 1690 732 1745 babent
749 1709 841 1745 vereor
857 1701 982 1747 tamen.
1017 1692 1138 1764 Pergunt
1156 1692 1221 1748 Oxx.
1240 1693 1274 1746 E.
1291 1693 1312 1747 1.
1331 1693 1363 1746 N.
1372 1710 1396 1754 ψ.

350 1802 384 1836 ne
402 1783 562 1853 cuiquam.
598 1779 670 1833 Tum
689 1778 749 1834 Cra.
768 1785 794 1834 2.
813 1779 895 1834 Drsd.
913 1784 939 1833 2.
957 1791 1094 1848 nostrum,
1117 1801 1167 1854 pro
1186 1791 1316 1834 nestrum.
1344 1779 1396 1834 Mr.

350 1870 450 1939 „Liber
466 1867 568 1922 Metelli
586 1879 613 1922 et
629 1867 686 1921 Pal.
703 1886 745 1939 pr.
769 1871 867 1922 Vereor
884 1877 1013 1933 tomen,
1030 1888 1062 1922 ne
1078 1870 1136 1933 cui,
1169 1868 1243 1942 qnod
1274 1888 1330 1923 non
1349 1869 1396 1922 dis·

350 1959 432 2032 plicet
450 1956 613 2010 Gulielmio:
638 1967 768 2029 tanquam
794 1957 911 2028 abrupte
935 1977 1022 2029 usque
1046 1957 1106 2012 heio
1124 1957 1241 2029 incipiat.
1292 1955 1356 2011 Mox
1372 1957 1395 2009 in

351 2047 447 2101 eodem
466 2045 621 2100 adnotatum
640 2055 712 2111 erat,
733 2045 806 2096 alias
823 2045 996 2102 exoticorum.
1015 2045 1088 2117 quod
1102 2045 1174 2099 idem
1192 2044 1293 2116 reperit
1311 2045 1338 2097 in
1354 2063 1395 2096 suo

349 2133 499 2200 Sustridus,
519 2133 670 2205 probatque
685 2131 750 2187 item
768 2130 946 2200 Gulielmius,
965 2134 1094 2204 quoniam
1106 2133 1141 2188 ita
1154 2152 1249 2187 omnes
1267 2131 1395 2204 peregrini

349 2223 555 2276 nominaremur
571 2219 729 2274 Romanis.“
747 2218 930 2274 Gruterus.
967 2220 1010 2275 De
1026 2222 1173 2287 sententia,
1198 2221 1276 2276 cuius
1298 2221 1326 2274 in
1352 2221 1396 2274 bac

348 2311 527 2384 disputatione
545 2306 643 2363 Cicero
660 2307 780 2361 defendit
799 2308 951 2376 veritatem,
970 2309 1092 2381 pluribus
1108 2309 1180 2365 idem
1196 2309 1264 2364 locis
1281 2308 1396 2381 loquitur

349 2421 372 2456 r.
390 2401 470 2455 c.De
488 2398 547 2453 011.
566 2400 593 2464 3,
611 2399 657 2451 13.
683 2395 780 2451 Tusce.
800 2398 877 2463 5,15
902 2407 929 2451 et
946 2399 990 2452 30.
1008 2397 1042 2452 de
1059 2399 1139 2453 Finn.
1157 2399 1183 2464 3,
1201 2399 1227 2452 8.
1257 2396 1294 2451 ib.
1314 2415 1338 2450 e.
1354 2400 1394 2449 15.

347 2488 404 2542 Lib.
422 2492 450 2556 4,
468 2491 503 2542 15
521 2495 547 2541 et
565 2485 628 2539 2b.“
643 2482 703 2537 Mr.

418 2579 462 2628 Ex
479 2573 628 2626 Stoicorum
646 2573 791 2642 bominum]
829 2573 896 2642 „Sic
915 2573 1078 2646 quindecim.
1119 2574 1199 2628 Unus
1222 2593 1255 2627 ex
1278 2578 1394 2626 Socra-

347 2668 497 2717 ticorum
515 2661 665 2718 bominum,
682 2680 753 2716 unus
770 2663 1011 2715 exactioorum
1028 2662 1178 2727 bominum,
1200 2681 1273 2715 unus
1288 2660 1393 2714 exoti-

346 2769 459 2806 corum
475 2750 618 2803 bominum.
654 2748 793 2805 Exoticum
811 2762 902 2806 autem
920 2761 974 2819 est,
1000 2750 1129 2823 quiequid
1147 2750 1323 2822 peregrinum
1352 2758 1393 2802 est

345 2839 448 2895 Nonius
465 2858 495 2892 ex
513 2837 619 2892 Plauto.
661 2838 753 2892 Placet
778 2839 936 2892 Stoicorum.
985 2837 1048 2892 Non
1074 2837 1147 2891 euim
1170 2838 1205 2891 de
1228 2836 1394 2891 Graecorum

345 2929 484 2993 omnium,
502 2926 528 2978 id
548 2937 587 2979 est
605 2925 811 2997 peregrinorum
829 2925 988 2993 bominum,
1017 2925 1241 2998 disputationibus
1262 2925 1326 2980 iicet
1352 2942 1393 2977 ae·

344 3017 450 3086 ripere:
467 3012 541 3083 quod
559 3011 604 3065 alii
621 3011 795 3066 arbitrantur.
832 3011 886 3066 Sed
904 3012 958 3067 bne
976 3013 1091 3085 disputat
1102 3012 1198 3068 Cicero
1217 3013 1392 3069 eStoioorum

345 3103 472 3156 duntaxat
495 3099 632 3153 sententia.
650 3110 731 3171 atque
751 3099 830 3153 etiam
845 3099 890 3154 illa
909 3101 966 3172 ipsa
985 3112 1107 3170 tantum,
1136 3120 1206 3174 quae
1230 3120 1284 3155 nen
1299 3098 1393 3157 Stoicis

343 3190 408 3262 ipsis
433 3188 548 3260 probare
573 3186 731 3241 facillimum
749 3198 800 3254 est,
827 3188 902 3261 quod
930 3208 1011 3260 supra
1044 3189 1136 3243 disit.“
1162 3187 1391 3259 AdeManut.

343 3276 490 3335 „Homines
507 3275 593 3328 rarius
609 3274 709 3328 dieitur
725 3274 759 3328 de
775 3276 869 3342 scetis,
889 3295 972 3348 quarn
990 3276 1024 3331 de
1043 3276 1210 3331 nationibus:
1235 3275 1315 3332 veluti
1338 3276 1390 3331 Ro·

342 3363 416 3416 mani
434 3361 570 3429 homines,
590 3359 688 3415 Graeci
705 3360 849 3416 homines·
876 3363 910 3417 Et
934 3375 1024 3418 autem
1044 3363 1231 3430 Graecismus,
1256 3362 1390 3426 ondam

226 3465 227 3468 ’
342 3445 424 3523 ἀπῆρε
451 3461 478 3506 at
505 3450 594 3504 minus
618 3450 691 3522 apud
717 3450 826 3505 eosdem
851 3451 979 3523 frequens
1003 3461 1042 3506 est
1068 3447 1206 3513 φιλόσοφος
1223 3447 1390 3521 ἄνθρωπος’·

342 3539 450 3611 Wytt.

343 3640 350 3654 ·
422 3631 465 3679 Ex
495 3627 645 3680 Stoicorum
670 3627 816 3694 bantinum]
845 3625 915 3681 Cod.
942 3625 1014 3680 Gud.
1037 3625 1069 3681 Β.
1099 3625 1178 3679 babet
1207 3626 1387 3701 antiquorum,

340 3714 419 3768 Drsd.
439 3719 464 3767 2.
482 3714 669 3766 historicorum
686 3713 766 3783 (sic),
793 3715 889 3769 Duisb.
913 3715 1092 3779 exoticorum‚
1118 3714 1163 3768 oui
1180 3714 1240 3769 voci
1258 3716 1287 3769 in
1306 3734 1387 3786 marg.

340 3801 503 3873 adscriptum
529 3812 580 3854 est:
610 3803 811 3873 peregrinorum
840 3802 881 3857 rel
908 3803 1047 3856 odibilium
1078 3801 1225 3874 [cogitabat
1249 3802 1386 3874 glossator,

339 3889 433 3942 doctus
450 3887 567 3955 scilicet,
584 3888 618 3941 de
637 3908 700 3943 rone
717 3892 881 3960 exosorumJ:
899 3890 934 3945 al.
951 3909 984 3942 ex
1002 3895 1168 3961 Stoycurum.
1214 3890 1386 3945 Marklandus

339 3982 368 4035 in
392 3976 468 4030 Notis
485 3975 519 4030 ad
536 3975 666 4045 Statium,
685 3977 757 4051 Sylv.
775 3981 810 4046 V,
828 3985 855 4034 2.
874 4000 901 4052 p.
914 3983 976 4033 213.
995 3979 1036 4050 (p.
1051 3982 1114 4035 311.
1133 3978 1175 4033 ed.
1192 3978 1323 4049 Dresd.),
1339 3996 1386 4050 pro

337 4066 488 4120 Stoicorum
506 4065 640 4118 bantinum
675 4067 794 4140 scripsit,
821 4067 903 4140 plane
919 4067 1064 4138 legendum
1082 4068 1276 4121 otiosorum
1302 4067 1386 4120 Ιιοηιὶ-

337 4173 414 4219 num,
441 4151 525 4207 literis
540 4153 721 4226 transpositis,
746 4174 798 4209 nee
821 4172 885 4209 xero
905 4173 1070 4226 quemquam
1094 4154 1265 4209 obedientem
1288 4154 1385 4210 babuit.

226 4218 237 4237 ἢ
336 4243 394 4294 Vox
413 4242 547 4295 bominum
571 4242 645 4296 abest
670 4240 774 4296 acod.
796 4241 856 4295 Bas.
873 4241 1030 4295 Proximum
1055 4262 1108 4295 non
1133 4243 1229 4298 excidit
1260 4243 1290 4297 in
1319 4241 1384 4303 Cod.

336 4325 387 4381 Ox.
406 4347 429 4380 o.
466 4329 538 4381 Tum
556 4328 638 4394 Drsd,
655 4333 681 4383 4.
701 4339 728 4382 et
745 4333 770 4383 5.
789 4328 934 4382 babentes
952 4347 1008 4380 meo
1027 4348 1208 4384 consensu.
1245 4330 1306 4384 Mr.

406 4416 583 4484 Deprompta]
602 4415 652 4483 „tn
669 4416 781 4489 antiquo
800 4414 867 4469 Cod.
886 4415 993 4470 invenio
1011 4418 1140 4489 scriptum
1159 4420 1314 4490 disputata,
1331 4434 1386 4473 uon
