3450 5342
352 659 426 733 278
678 678 850 729 raasson
879 677 1075 727 srorconurs.

350 844 402 896 sibi
419 853 509 895 autem
532 841 634 893 nullius
652 851 738 893 essen!
757 840 853 892 conscii
873 840 985 909 culpae,
1004 837 1086 889 alicui
1101 837 1244 908 facinoris
1266 857 1401 892 munuscu-

352 931 408 981 Ium
427 948 479 982 non
499 927 687 996 repudiarunt.
724 927 782 979 Ms.

421 1019 451 1069 Si
470 1025 632 1070 testamenta
652 1015 714 1082 etc]
752 1012 820 1067 cod.
832 1016 923 1066 (21.1.
942 1023 1165 1076 testamentum.
1193 1011 1285 1067 codd.
1301 1013 1400 1068 Gudui.

351 1105 430 1160 Drsd.
450 1109 474 1158 1.
487 1107 512 1157 3.
530 1100 590 1157 Cra.
608 1108 633 1156 2.
650 1111 790 1172 exspectes
808 1104 953 1153 stoicorum
975 1101 1082 1171 quidem
1104 1101 1225 1169 (omissis
1252 1101 1338 1154 verbis
1357 1111 1399 1152 out

350 1213 383 1245 ns
400 1197 553 1262 exspectas)
572 1189 630 1243 Cra.
649 1193 674 1242 1.
693 1189 773 1243 Drsd.
791 1194 816 1243 5.
842 1189 988 1241 amicorum
1013 1176 1157 1258 exspectas
1186 1189 1296 1260 quidem
1317 1188 1398 1257 (omis-

350 1280 384 1333 sis
403 1279 495 1332 iisdem
514 1277 614 1343 verbis,
633 1296 702 1348 quae
724 1277 820 1330 desunt
838 1277 919 1341 eliam
938 1275 967 1327 in
986 1274 1058 1330 Gud.
1075 1275 1107 1328 B.
1128 1275 1211 1330 Dssd.
1228 1281 1257 1332 4.
1275 1276 1330 1344 (hic
1347 1296 1397 1347 per·

350 1367 388 1436 gir
406 1374 468 1417 out
485 1366 542 1439 ipse
557 1364 715 1433 supponis);
733 1363 805 1417 Gud.
827 1362 860 1416 Α.
878 1362 958 1417 habe!
977 1374 1004 1416 ιε
1021 1363 1111 1433 ipsum
1130 1383 1184 1436 pro
1201 1366 1271 1430 ipsc.
1307 1365 1396 1419 Desum

349 1454 412 1505 irem
430 1450 480 1504 iria
499 1451 546 1503 isla
574 1450 653 1503 verba
682 1451 710 1504 in
729 1449 795 1504 On.
814 1449 847 1506 E.
864 1450 885 1504 Ι.
905 1449 938 1503 Ν.
957 1448 991 1503 U.
1037 1450 1092 1503 Pro
1117 1460 1203 1522 atquc
1222 1453 1302 1520 ipsc
1324 1452 1394 1504 estin

350 1538 439 1592 ors.
456 1539 570 1595 Drsd.1.
585 1544 610 1591 2.
629 1538 706 1592 Suer.
725 1548 808 1609 atquc
826 1538 896 1607 ipsu,
914 1538 942 1591 iu
961 1536 1012 1590 Ox.
1026 1536 1060 1591 U.
1080 1548 1165 1610 utque
1183 1539 1274 1601 ista,
1298 1540 1325 1591 in
1341 1537 1394 1590 On.

350 1648 375 1694 p.
394 1646 418 1682 c.
437 1637 474 1678 αι
493 1629 562 1696 ipsc,
582 1637 611 1679 ιιι
629 1637 668 1680 εει
688 1626 716 1678 iu
735 1625 803 1680 Edd.
823 1627 894 1680 Vici.
911 1625 996 1679 Susis.
1022 1625 1094 1679 Ρειε.
1121 1625 1193 1678 ssoh.
1215 1625 1311 1697 steph.
1328 1625 1393 1679 Face.

349 1714 446 1769 Olivet.
465 1714 583 1768 Gronov.
621 1713 757 1768 Ominum
776 1715 855 1767 etiam
876 1714 955 1767 verba
975 1722 1025 1764 aut
1043 1730 1076 1764 us
1094 1704 1242 1782 exspectas
1259 1713 1326 1768 Edd.
1342 1724 1392 1766 ιειι.

349 1805 420 1856 Crat.
439 1802 499 1855 Ald.
518 1807 597 1857 1511.
624 1805 685 1857 Asc.
704 1806 784 1857 1511.
804 1814 830 1856 ει
848 1806 928 1856 1523.
957 1811 983 1854 ει
1011 1819 1080 1853 unua
1108 1799 1179 1852 liber
1203 1799 1267 1853 MS.
1293 1799 1391 1853 Graevii.

348 1890 401 1944 Sed
420 1891 448 1944 in
467 1891 535 1943 Edd.
554 1891 650 1957 Hdlb„
669 1891 736 1944 Dav.
761 1910 803 1961 ap.
823 1889 924 1953 Meus,
951 1890 1021 1942 ven.
1039 1890 1118 1941 1412.
1138 1891 1219 1941 1514
1246 1889 1307 1942 Par.
1325 1890 1390 1941 1511.

348 1983 427 2033 1512.
445 1978 512 2049 Arg.
528 1979 614 2048 Lugd.
633 1989 672 2031 εει
691 1979 826 2047 expetis
844 1988 896 2029 out
915 1995 947 2027 no
964 1985 1113 2044 expetas
1133 1975 1251 2046 quidem.
1279 1975 1307 2027 in
1320 1973 1390 2027 codd.

348 2064 407 2118 Crz.
427 2068 451 2118 1.
470 2069 496 2118 2.
517 2067 646 2136 scriptum
666 2075 704 2117 εει
722 2063 927 2118 habundantes.
970 2060 1001 2114 ln
1022 2062 1070 2115 Ed.
1092 2062 1195 2115 Zwicc.
1220 2062 1361 2117 Forceiiiui
1373 2081 1389 2113 s

348 2173 368 2207 v.
387 2146 470 2223 atquc
495 2172 521 2222 p.
539 2156 601 2206 111.
637 2153 736 2205 dicitur
766 2164 850 2223 utque
878 2151 906 2204 h.
930 2151 946 2203 Ι.
974 2149 1038 2220 poni
1064 2168 1116 2221 pro
1143 2150 1324 2220 quinetiam,
1345 2150 1389 2201 imo

348 2240 449 2308 posius,
469 2240 528 2293 coli.
547 2241 603 2293 Cic.
624 2241 657 2294 de
675 2241 759 2312 Legg.
779 2239 825 2304 lll,
844 2242 890 2304 14,
907 2242 952 2293 32.
970 2238 1038 2308 ibiq.
1057 2235 1139 2290 Goer.
1161 2237 1253 2291 Beier.
1271 2239 1305 2290 ad
1321 2236 1388 2290 offic.

347 2324 510 2390 l‚10.extr.
535 2339 561 2380 ει
579 2331 622 2381 11.
648 2348 705 2398 pcc.
730 2327 799 2382 Add.
829 2326 927 2380 Hsndii
953 2324 1067 2379 Turseli.
1084 2322 1105 2376 I.
1125 2345 1151 2394 p.
1171 2328 1226 2380 461
1245 2344 1287 2397 sq.
1304 2324 1388 2378 Gerar.

347 2414 380 2466 ad
400 2413 458 2468 Cic.
477 2414 509 2467 de
530 2414 588 2470 Off.
606 2413 639 2482 ll,
659 2419 701 2471 23.
721 2436 747 2487 p.
766 2419 827 2471 261.
866 2414 908 2468 Ad
926 2436 948 2468 v.
967 2413 1133 2466 abundantis
1153 2413 1189 2467 cs.
1210 2411 1271 2467 Cic.
1287 2412 1349 2466 Phil.
1361 2410 1386 2474 11,

348 2507 391 2570 21,
409 2507 452 2558 66.
489 2503 545 2556 Mr.

416 2593 445 2643 Α
452 2601 465 2643 ι
482 2592 538 2661 ipse
556 2594 710 2662 supponisr]
748 2591 813 2657 „sir
832 2592 884 2645 iam
904 2591 969 2643 olim
989 2589 1143 2643 Victoriana
1161 2602 1189 2643 ει
1207 2588 1302 2643 luntas
1316 2606 1387 2640 aem·

347 2679 438 2749 plaria.
475 2679 522 2734 Sic
540 2681 673 2751 Longius,
693 2679 739 2751 qui
757 2681 837 2734 eliam
856 2679 952 2732 diserte
973 2678 1009 2731 isa
1030 2677 1108 2742 citat,
1143 2696 1196 2733 nec
1214 2677 1293 2731 aliter
1316 2693 1386 2728 mem·

345 2770 446 2821 branae
458 2769 526 2838 patri
541 2769 684 2822 consultae.
706 2767 787 2821 Unde
803 2768 886 2838 igilur
898 2766 965 2821 istud
982 2764 1112 2818 aliorunrr
1131 2777 1245 2837 atquc
1263 2767 1318 2834 ipsc
1329 2760 1386 2812 -?“

345 2854 493 2909 Gronov.
529 2855 613 2924 Satis,
633 2858 746 2927 opinor,
765 2855 906 2909 Gronovio
926 2873 1083 2927 responsum
1102 2866 1141 2908 eu
1163 2854 1192 2909 in
1213 2866 1306 2908 annot.
1322 2870 1386 2923 supe·

344 2944 422 2997 siore.
457 2943 516 2997 Με.

413 3040 554 3098 exspectas
582 3041 633 3083 aut
658 3050 691 3083 ne
718 3042 858 3101 exspectas
878 3033 1008 3106 quidem]
1040 3030 1082 3085 Ad
1109 3042 1276 3085 structuram
1300 3029 1386 3084 conicit

343 3115 425 3186 Borg.
444 3114 502 3170 Cic.
520 3117 587 3169 Phil.
605 3117 626 3184 l,
646 3122 676 3172 iz
694 3124 728 3171 In
746 3121 843 3175 libellis
862 3142 890 3176 ss
910 3142 964 3174 uuo
983 3131 1094 3173 auctore
1111 3120 1290 3188 prolatis,
1308 3137 1342 3169 uc
1356 3134 1385 3166 ne

340 3203 497 3270 prolatis
516 3208 578 3276 qui
585 3207 667 3273 dem,
684 3209 733 3261 sad
749 3212 937 3262 tautummodo
955 3209 1045 3262 dictis.
1067 3236 1100 3248 -
1139 3205 1210 3261 cod.
1228 3206 1334 3260 Suerin.
1349 3206 1386 3258 ha·

343 3291 401 3344 bet:
428 3290 593 3348 abundantis
610 3297 690 3367 signo
709 3310 774 3349 sunt
803 3297 986 3370 coegeritis?
1019 3295 1100 3349 Drsd.
1119 3299 1144 3349 4.
1163 3299 1190 3348 5.
1217 3297 1298 3366 signu
1315 3295 1385 3365 piu.

342 3378 392 3433 0¹.
409 3397 437 3442 ψ.
457 3400 508 3451 pro
526 3401 563 3434 on
581 3384 684 3439 exhibet
702 3398 762 3441 aut.
781 3386 810 3438 Μ
821 3407 842 3440 r.
888 3386 938 3454 „In
959 3407 981 3438 v.
999 3393 1141 3454 exspectas
1159 3382 1225 3436 Ιειει
1245 3379 1385 3455 siguificalio

341 3466 424 3521 odiosi
444 3469 579 3538 desiderii,
599 3484 629 3526 ut
642 3492 704 3527 curn
722 3474 837 3527 dicimus
850 3486 1008 3544 exspectare
1024 3481 1134 3524 mortem
1147 3472 1296 3525 alicuius*
1309 3471 1329 3522 F
1335 3486 1386 3522 scr.

340 3554 423 3608 Recte
440 3557 477 3609 ad
497 3557 639 3613 lectionem
657 3563 769 3630 (etipse
788 3566 854 3633 (pro
874 3572 982 3635 atque
1002 3563 1072 3631 ipsc)
1091 3559 1157 3613 Ero.
1178 3573 1288 3615 monet:
1314 3557 1386 3625 „maie

339 3654 379 3695 ct.
398 3645 419 3696 si
438 3647 486 3696 scd
503 3660 584 3712 essel,
610 3648 749 3701 serrem“:
781 3662 818 3704 εει
846 3651 920 3704 enim
942 3651 1021 3722 plane
1051 3649 1101 3702 alia
1126 3650 1163 3701 vis
1189 3650 1344 3702 adversativa
1363 3645 1385 3694 iu

339 3732 403 3795 scd,
422 3752 504 3802 quam
522 3735 550 3786 in
569 3755 633 3789 voce
650 3748 690 3792 αι,
726 3738 785 3789 Mr.

409 3819 526 3870 Animus
552 3821 665 3874 hominis
690 3824 764 3874 diues
783 3825 846 3892 etc]
886 3825 1043 3892 „Sententia
1064 3837 1102 3878 eat
1128 3825 1203 3896 apud
1229 3821 1384 3894 Xenoph.in

338 3902 461 3976 Sympos.
481 3924 504 3959 c.
522 3907 568 3962 lv.
587 3906 611 3979 5.
630 3913 680 3975 34;
708 3911 771 3964 item
791 3915 863 3984 apud
886 3915 1034 3982 Senecam,
1060 3914 1110 3986 Ep.
1131 3919 1175 3968 92.
1206 3927 1233 3968 ει
1252 3913 1383 3967 Lucianurn

338 3993 364 4044 in
384 3993 453 4046 Diai.
472 3995 553 4050 Μοει.
572 3999 620 4051 xl.
647 4020 672 4070 p.
696 4004 757 4055 319.
782 4003 842 4070 [Ed.
862 4004 1009 4058 Hernsresb.
1029 4015 1054 4056 ει
1073 4003 1146 4071 Reiz.
1164 4002 1198 4056 T.
1217 4002 1269 4068 l.]⁴‘
1294 4001 1383 4070 Wyit

337 4079 403 4134 Cod.
424 4084 503 4138 Drsd.
515 4088 541 4138 4.
561 4087 659 4141 omitti!
677 4090 803 4158 hominis,
824 4093 897 4163 quod
912 4093 939 4144 in
960 4111 1044 4163 marg.
1062 4091 1184 4144 additum
1204 4103 1250 4145 εει.
1271 4089 1382 4143 Cra-U.

336 4168 433 4224 habent
452 4173 535 4224 arcio
555 4194 605 4245 pro
626 4195 708 4237 οπως
735 4179 809 4250 prior
835 4181 905 4232 solet
925 4179 1073 4251 appellari,
1103 4180 1239 4251 posterior
1265 4174 1382 4248 appellari

335 4262 457 4325 possit.
495 4261 564 4315 Gud.
585 4266 616 4316 Α.
635 4265 715 4320 Drsd.
732 4270 757 4319 1.
777 4271 801 4320 3.
816 4269 899 4337 plena
919 4271 964 4321 sit.
1014 4268 1070 4322 Pro
1088 4269 1197 4322 iasonem
1222 4267 1338 4323 Gud.B.
1358 4264 1380 4313 1⁴1¹

337 4364 418 4409 We,
437 4349 512 4401 cuius
532 4354 631 4405 erroris
650 4374 729 4408 causa
747 4357 891 4411 manifesta
912 4370 959 4411 εει.
1007 4357 1061 4409 Pro
1081 4357 1173 4411 videbo
1199 4369 1237 4412 εει
1258 4358 1343 4410 videro
1358 4350 1378 4402 in

337 4431 405 4484 (lod.
421 4435 497 4488 Sues.
519 4452 542 4492 ει
562 4461 614 4493 var.
630 4441 720 4513 Magn.
740 4446 849 4510 „Video¹
869 4459 1004 4519 quonrror.
1040 4444 1113 4499 Alias
1131 4446 1232 4501 uidam.
1258 4445 1377 4498 Lucanus:
