3450 5342
384 666 458 741 320
710 688 883 741 rinnon
911 688 1106 739 sromouuu.

382 865 541 924 corruptum
569 851 734 906 emeritum.
773 848 922 922 Equidem,
952 862 982 906 ut
1009 852 1093 906 lateat
1111 852 1186 923 quod
1212 865 1271 920 ext,
1297 853 1432 909 admodum

383 941 483 1006 miror,
514 934 585 993 illam
615 939 798 1010 exemplorum
812 939 888 1010 quani
906 939 1062 1010 congeriem
1091 942 1239 1012 probatem
1269 962 1328 998 exce
1356 944 1432 999 Geru-

381 1029 483 1094 bardo,
504 1047 565 1082 cum
585 1026 649 1080 nibil
668 1026 747 1099 plane
766 1027 877 1098 probet,
905 1038 931 1081 et
957 1027 1037 1098 plane
1061 1026 1148 1081 aliena
1168 1029 1201 1083 xit
1225 1050 1241 1084 a
1266 1030 1332 1088 loco
1345 1046 1432 1099 nostro,

371 1098 490 1191 'quando
508 1116 617 1188 quidem
636 1115 674 1169 vel
690 1134 773 1186 prope
790 1135 810 1169 x.
829 1116 936 1168 circiter
953 1115 1088 1186 aignilicat
1104 1118 1186 1189 quusi
1211 1119 1298 1173 rebux
1315 1141 1431 1175 numera·

380 1209 413 1261 tia
430 1204 602 1277 appositum,
628 1203 667 1256 vel
686 1202 881 1275 comparationi
901 1201 1023 1268 inservit,
1052 1204 1091 1257 vel
1109 1224 1188 1259 uxum
1209 1207 1337 1261 vocabuli
1357 1209 1431 1261 minus

381 1295 484 1367 proprii
502 1292 541 1346 rel
562 1290 650 1345 minue
668 1290 756 1345 usitati
775 1301 888 1344 excusat.
931 1289 1064 1361 Borgerxii
1082 1311 1146 1345 vero
1165 1293 1311 1364 explicatio
1337 1313 1428 1347 merum

380 1394 417 1435 ext
436 1391 633 1440 commentum,
653 1396 742 1448 neque
761 1377 813 1431 ulla
833 1377 937 1431 ratione
956 1378 1089 1449 probabili
1109 1379 1222 1434 tultum:
1252 1380 1331 1435 locut
1353 1393 1427 1437 auten

382 1488 412 1522 ex
429 1469 519 1522 Laelio
538 1469 570 1521 ad
591 1466 697 1520 tertium
718 1465 757 1518 rel
777 1465 925 1519 secundum
943 1484 1041 1537 genno,
1068 1486 1138 1538 quae
1157 1467 1244 1521 modo
1264 1468 1427 1540 exposuimus,

381 1557 504 1631 pertinet.
546 1555 654 1623 Quare,
690 1566 721 1608 nt
748 1554 928 1625 significarem
955 1554 1019 1607 mibi
1046 1555 1156 1626 probari
1181 1574 1242 1609 non
1268 1575 1347 1627 posse
1373 1554 1425 1608 illud

381 1645 462 1717 quoni
479 1664 574 1716 parum
593 1654 655 1715 apte
673 1643 803 1711 additum,
821 1642 928 1696 uncinis
945 1641 1055 1697 incluti:
1073 1643 1133 1697 eatis
1152 1642 1245 1714 placet
1265 1662 1373 1696 onena
1387 1663 1425 1695 rm

380 1751 449 1797 cere,
469 1750 632 1804 quamquam
652 1750 702 1784 nec
720 1729 773 1784 boc
792 1750 807 1785 a
827 1731 959 1785 Cicerone
974 1730 1126 1809 proiectum
1145 1730 1278 1787 existimo.
1315 1732 1373 1786 Mr.

452 1821 539 1873 noceri
555 1829 646 1889 potest
656 1820 678 1886 ς]
716 1818 816 1885 „Liber
833 1818 867 1870 ad
886 1817 921 1871 1).
930 1817 1067 1872 Trudonix
1084 1828 1111 1872 et
1128 1817 1193 1872 item
1209 1818 1280 1874 alter
1293 1819 1347 1874 boc
1357 1819 1422 1873 molo

379 1909 491 1962 babent:
510 1908 613 1959 minime
632 1906 712 1979 quani
728 1905 817 1957 noceri
830 1914 934 1974 potent,
962 1924 1046 1977 neque
1073 1905 1244 1978 naufragio,
1275 1924 1324 1960 nee
1347 1911 1421 1961 incer·

381 1998 425 2050 dio
441 1996 600 2056 amittiturr
619 1994 718 2067 quanti
733 2003 776 2045 ext
794 1993 966 2046 aestimanda
984 1994 1089 2060 virtue,
1108 2011 1180 2064 quae
1196 2013 1287 2066 neque
1305 1995 1371 2065 eripi
1386 2012 1420 2047 mc

380 2085 481 2154 corripi
493 2094 600 2153 potent,
628 2101 676 2135 nec
693 2082 1035 2135 testamentumetc.“
1060 2079 1137 2135 Gar.
1156 2080 1265 2154 bang.
1310 2081 1419 2135 Similiter

380 2184 471 2226 noxter
488 2170 546 2224 Crn.
567 2176 592 2222 2.
619 2171 692 2241 quod
717 2169 742 2220 ei
763 2170 899 2241 Βοιωτίη.
917 2170 1006 2222 noceri
1034 2187 1087 2221 non
1101 2178 1204 2238 potest.
1230 2188 1319 2241 neque
1341 2168 1419 2239 onufr.

380 2276 492 2329 neque
509 2259 561 2312 ino.
579 2256 734 2308 omittitur:
762 2256 861 2328 quanti
886 2266 929 2308 eat
948 2257 1053 2310 aeetim.
1076 2256 1184 2315 virtue.
1211 2276 1284 2329 quae
1305 2277 1353 2310 neo
1366 2257 1419 2325 eripi

376 2352 513 2412 potest,
539 2361 586 2394 nec
609 2352 799 2412 tempestatum
816 2353 866 2396 etc.
903 2343 970 2396 eod.
989 2344 1068 2398 Drxtl.
1086 2348 1117 2400 4:
1145 2348 1239 2399 noceri
1261 2358 1353 2417 potent
1369 2364 1418 2398 noa

380 2429 530 2500 naufragio
547 2439 723 2496 mutatur,
741 2429 839 2502 quanti
851 2439 893 2482 eet
912 2431 1017 2487 cestim.
1030 2433 1128 2499 virtue,
1147 2452 1219 2505 quoe
1236 2453 1285 2488 neo
1302 2437 1368 2506 eripi
1382 2450 1416 2487 mc

378 2519 479 2588 rurripi
491 2529 590 2587 potest.
628 2516 701 2572 Gud.
719 2517 751 2571 Α.
774 2518 862 2569 noceri
877 2528 969 2587 potent
992 2536 1076 2591 neque
1094 2520 1191 2592 manfr.
1209 2540 1297 2594 neque
1314 2520 1415 2575 incendio

378 2608 476 2679 quanti
491 2617 532 2659 ert
550 2606 731 2659 existimando
749 2605 838 2658 virtut
856 2623 927 2677 quoe
944 2624 992 2657 neo
1007 2607 1076 2677 eripi
1091 2626 1140 2660 neo
1157 2609 1264 2679 subripi
1279 2621 1368 2680 potest
1382 2624 1415 2661 rut

377 2705 567 2766 tempestatum
587 2713 634 2746 nec
661 2705 741 2761 temp.
765 2693 886 2762 perturb.
916 2704 1050 2747 mutatur.
1086 2695 1154 2749 cod.
1173 2697 1256 2751 Drad.
1276 2704 1301 2753 2.
1329 2698 1414 2752 nertin.

377 2784 465 2835 virtue
483 2793 550 2847 eet,
577 2782 656 2835 Drsd.
675 2786 701 2836 5.
721 2783 824 2834 oestirrx.
850 2793 893 2835 eet
911 2783 1008 2836 virtue.
1050 2784 1131 2839 Dred.
1153 2789 1179 2838 5.
1206 2787 1310 2841 omittit
1335 2788 1414 2838 virtut.

378 2870 474 2922 Noceri
490 2870 586 2938 porei
593 2880 606 2920 t
623 2869 721 2922 babent
739 2889 781 2921 sex
800 2869 860 2922 Atti
883 2882 909 2925 et
927 2871 1060 2925 Gruterus
1076 2872 1105 2925 in
1120 2871 1249 2927 lemmate
1273 2886 1364 2928 annot.
1378 2891 1413 2926 nec

377 2977 438 3011 rero
463 2958 491 3009 in
518 2968 649 3011 contextu.
686 2955 752 3009 Oxx.
770 2957 801 3015 Ε,
824 2978 849 3027 p.
876 2959 1057 3011 existimanda
1081 2979 1132 3030 pro
1157 2962 1340 3015 aestimando.
1378 2960 1412 3014 Su

376 3044 437 3098 Aldi
455 3055 483 3097 ut
503 3063 566 3106 nos;
585 3053 638 3096 trea
655 3043 719 3094 virt.
737 3054 793 3109 eat,
812 3043 868 3098 duo
884 3056 926 3098 eet
943 3047 1007 3102 virt.
1026 3045 1081 3099 duo
1100 3066 1156 3100 om.
1181 3057 1241 3114 eet,
1267 3069 1337 3102 unus
1353 3048 1412 3102 babet

376 3133 474 3202 quanti
490 3131 580 3199 pretii.
615 3128 674 3182 Mr.

446 3235 493 3268 nec
510 3217 577 3285 eripi
594 3235 642 3269 nec
660 3217 773 3286 surripi]
810 3217 891 3290 Borg.
909 3219 1001 3273 laudat
1019 3219 1076 3274 Cic.
1105 3222 1184 3275 Verr.
1201 3223 1251 3289 lV,
1271 3228 1321 3278 60:
1350 3239 1412 3296 qum

374 3307 398 3358 ai
422 3305 482 3376 quia
507 3305 576 3356 clam
600 3305 798 3374 surripiat,
829 3317 880 3357 aut
903 3309 1038 3377 eripiat
1066 3310 1168 3378 pulum.
1213 3313 1293 3365 Verr.
1321 3307 1411 3366 Acuti.

375 3391 432 3445 Lib.
449 3391 471 3458 l,
488 3396 520 3445 4:
538 3392 584 3443 cui
602 3412 663 3445 reue
681 3421 717 3432 -
735 3402 787 3443 out
805 3392 909 3444 occulte
926 3396 1023 3447 curri
1025 3397 1076 3464 pi,
1094 3407 1146 3448 nut
1165 3399 1274 3468 impurae
1290 3404 1356 3471 eripi
1364 3418 1411 3470 pot·

373 3481 417 3534 eit.
461 3479 543 3534 Plura
562 3481 649 3546 dabit,
680 3490 804 3533 accurate
832 3479 970 3547 dictincta,
995 3482 1168 3538 Doederlein.
1193 3486 1253 3541 bat.
1279 3487 1378 3559 Synon.
1394 3503 1411 3536 u.

373 3566 489 3639 Etymol.
508 3567 540 3623 T.
559 3568 605 3620 lV.
626 3587 651 3637 p.
671 3570 732 3620 123.
769 3567 824 3620 Pro
841 3584 889 3619 noo
907 3596 942 3607 -·
960 3588 1008 3620 nec
1026 3569 1076 3623 Ox.
1088 3570 1118 3624 Ε.
1137 3571 1217 3626 babet
1238 3594 1366 3646 raeque-
1378 3592 1411 3624 m·

373 3675 443 3726 que‚·
462 3654 575 3709 alterum
594 3675 641 3708 nec
658 3657 755 3708 omittit
773 3654 822 3708 Ox.
840 3673 871 3717 ψ.
906 3656 1013 3711 Habent
1028 3659 1132 3728 surripi
1147 3664 1268 3729 poenit
1295 3663 1340 3716 Ex.
1357 3660 1411 3732 Eyb.

373 3753 398 3794 et
416 3760 469 3794 var.
489 3743 582 3812 Magn.
600 3763 643 3813 ap.
663 3742 806 3795 Orellium.
842 3743 908 3797 Post
924 3746 1026 3814 surripi
1046 3755 1137 3814 potest
1161 3748 1240 3802 multi
1266 3749 1328 3803 editi
1350 3746 1412 3800 addi·

372 3840 429 3883 tum
447 3826 547 3880 babent
565 3847 701 3899 unquam
721 3829 830 3882 retinuit
850 3829 969 3896 Geruli„
987 3832 1093 3886 uncinis
1110 3833 1221 3888 inclusit
1231 3826 1356 3900 Orelliux,
1371 3832 1412 3884 ab·

373 3934 427 3970 erse
445 3915 551 3970 volebat
569 3914 717 3969 Bentleius:
742 3935 792 3987 ego
812 3920 924 3990 expunxi
946 3939 1008 3973 cum
1026 3919 1078 3973 Ed.
1096 3919 1182 3985 Tbn..
1213 3941 1278 3977 cum
1301 3921 1365 3977 absit
1386 3919 1410 3972 ab

371 4003 497 4058 omnibus
516 4004 639 4074 (Xl'lll.)
658 4004 733 4070 Atti,
752 4005 832 4060 Bern.
850 4007 909 4061 Rae.
929 4008 1020 4062 Guels.
1037 4009 1132 4062 Duisb.
1152 4008 1219 4064 Oxx.
1234 4011 1266 4064 E.
1281 4012 1299 4064 l.
1314 4009 1347 4063 U.
1359 4026 1410 4068 Μ·

372 4088 430 4142 Cre.
449 4094 474 4143 2.
495 4093 520 4144 3.
539 4091 619 4144 Drxd.
639 4095 663 4144 1.
683 4098 707 4146 2.
726 4095 750 4146 3.
770 4098 795 4147 4.
815 4098 840 4147 5.
861 4094 934 4148 Gud.
955 4096 986 4149 Α.
1004 4096 1035 4151 Β.
1052 4095 1121 4152 Eud.
1140 4117 1199 4168 pre.
1217 4098 1269 4152 Ed.
1288 4119 1332 4170 xp.
1341 4096 1410 4150 Men
1503 4108 1504 4135 ³

370 4175 449 4230 Hdtb.
475 4180 542 4233 Ven.
564 4183 839 4235 149214811514.
867 4184 927 4237 Asc.
947 4187 1027 4238 1511.
1053 4183 1138 4256 bang.
1165 4186 1229 4240 Par.
1248 4190 1328 4241 15111.
1345 4187 1409 4239 llll
1501 4196 1504 4224 ¹

370 4265 449 4320 1543.
468 4284 531 4318 cum
550 4266 612 4321 Par.
628 4287 647 4319 s.
657 4287 680 4320 a.
699 4269 765 4340 Arg.
778 4270 862 4340 bugd.
882 4272 951 4325 Vict.
966 4272 1034 4325 Rob.
1045 4271 1138 4343 Stepb.
1152 4302 1189 4313 -
1208 4274 1303 4347 Pergit
1312 4272 1408 4327 Drebl·

370 4367 439 4418 quae
452 4370 569 4424 nunqu
578 4373 595 4404 a
604 4374 628 4405 m
642 4357 800 4428 naufragio,
813 4377 830 4409 n
839 4378 929 4430 unqu
938 4378 990 4411 om
1003 4360 1134 4427 incendio,
1148 4381 1203 4433 qua
1213 4363 1350 4435 anaphora
1362 4375 1408 4413 eor

373 4445 462 4486 rector
473 4435 554 4508 aliqui
565 4443 700 4495 exornavit
712 4441 880 4500 Ciceronem.
907 4448 964 4498 Neo
981 4448 1100 4500 incendio
1118 4451 1195 4505 abext
1215 4453 1344 4513 abono·
1359 4446 1407 4501 Μ’·
1503 4466 1504 4469 ’
