3450 5342
590 687 785 741 rsrsooxor
809 691 831 737 ι.
869 689 938 738 ese.
957 689 1005 737 ιιι.
1284 669 1334 742 77

284 861 330 902 tur
340 872 348 908 ,·
370 849 451 903 Drsd.
466 850 493 900 4.
513 857 695 916 amputamus
712 866 761 900 uos
785 847 847 901 illos
865 850 1007 921 cogito-sse.
1025 848 1128 901 -sibi
1146 867 1203 901 esse
1220 869 1279 920 exp.
1299 881 1333 893 -

282 938 359 988 laud.
374 949 470 987 esset
488 945 516 987 et
532 934 632 1004 praeci.
653 935 807 997 uidereturs
826 923 945 994 Drsd.5.
960 941 1099 990 Putamus
1117 955 1170 987 uon
1189 937 1280 1008 quidq.
1297 939 1333 989 il-

281 1023 323 1075 los
341 1026 369 1075 in
395 1025 454 1076 uita
477 1021 528 1074 sibi
550 1039 610 1090 exp.
639 1023 773 1092 cogitasse
795 1049 829 1062 -
850 1023 925 1078 laud.
943 1034 1012 1077 esset
1032 1043 1086 1089 -sss
1113 1021 1180 1076 Cod.
1201 1022 1275 1074 Voss.
1293 1025 1336 1076 84.

283 1109 394 1180 (Borg.)
412 1110 544 1181 cogitasse
563 1110 649 1180 quicq.
668 1109 698 1160 in
715 1110 775 1163 situ
792 1109 845 1162 sibi
861 1129 919 1167 esse
934 1129 995 1180 esp.
1015 1139 1048 1150 —
1069 1111 1185 1165 ridetur.
1205 1110 1281 1160 Voss.
1295 1112 1337 1161 to.

284 1195 393 1267 (Borg.)
409 1214 446 1248 cu
464 1197 597 1269 cogitasse
616 1197 645 1250 in
664 1197 722 1248 uite
740 1197 828 1268 quisq.
847 1198 898 1250 sibi
915 1216 975 1265 exp.
991 1218 1063 1264 esse,
1086 1199 1140 1252 nisi
1164 1197 1237 1269 quod
1259 1196 1335 1257 laud.

283 1294 309 1334 et
328 1284 497 1351 praeclarum
513 1294 603 1348 esset,
619 1284 791 1337 videntur
808 1284 895 1355 (unde
913 1305 963 1340 nos
981 1287 1132 1358 recepimus
1157 1285 1268 1339 verbum
1294 1305 1337 1338 ex-

284 1372 420 1439 tremum).
461 1371 511 1426 Ed.
530 1390 587 1443 pre.
611 1388 648 1423 an
673 1372 806 1442 cogitasse
832 1373 975 1444 quicquam
999 1383 1130 1442 putamus
1153 1402 1189 1413 -
1207 1369 1337 1425 videtur?

283 1458 366 1511 Paris.
384 1479 405 1511 s.
424 1479 459 1511 cn:
477 1477 514 1511 ou
530 1469 661 1528 putamus
680 1477 834 1530 quemquem
858 1461 953 1512 luorum
978 1461 1111 1531 cogitasse
1135 1461 1280 1533 quicquam
1299 1488 1334 1500 -

283 1544 359 1600 lead.
378 1556 446 1599 esset
460 1556 487 1597 et
502 1547 676 1615 praeclarum
693 1546 839 1600 uideretur.
876 1546 944 1602 Edd.
963 1548 1073 1602 Mediol.
1097 1553 1177 1603 1492.
1196 1553 1281 1604 1514:
1301 1567 1337 1600 an

283 1632 416 1701 cogitasse
433 1633 577 1704 quiequam
598 1643 730 1701 putemus
757 1634 785 1685 iu
811 1634 872 1684 vita
898 1635 949 1687 sibi
969 1638 1163 1705 expetendum,
1188 1638 1241 1691 uisi
1265 1637 1338 1708 quod

281 1717 471 1771 laudabilior
488 1719 540 1788 (sic
557 1719 694 1784 beet-sole
712 1719 779 1790 Arg.
797 1724 878 1775 1515.
895 1722 1077 1775 laudabilius:
1098 1723 1216 1796 reliquae
1235 1725 1334 1776 leuda-

281 1803 347 1864 bite)
365 1814 435 1856 esset
454 1816 481 1856 et
496 1806 669 1874 praeclarum
683 1807 852 1883 'videreturl
887 1809 1016 1881 Reliquae
1034 1821 1095 1865 vett.
1113 1811 1257 1883 pleraeque
1276 1821 1336 1864 ante

281 1891 377 1945 Lerni).
398 1893 536 1945 laudabile
561 1912 644 1949 esse.
688 1895 719 1946 Ιιι
740 1893 834 1948 Lemb.
852 1898 924 1950 1566
950 1908 1002 1950 estc
1034 1899 1166 1970 cogitasse
1189 1899 1336 1970 quidquam

278 1987 413 2046 putemus
430 1979 460 2031 irs
478 1981 537 2032 uita
556 1979 607 2032 sibi
624 1999 697 2049 exp„
715 1981 769 2033 nisi
787 1983 859 2052 quod
877 1983 1014 2035 laudabile
1037 2003 1094 2037 esse
1113 1996 1139 2036 et
1163 1985 1336 2054 praeclarum

282 2065 440 2119 videretur?
476 2067 544 2121 Edd.
567 2066 640 2122 Cret.
662 2067 736 2123 Man.
757 2068 850 2140 Magn.
879 2068 940 2124 Cer.
965 2070 1057 2143 steph.
1082 2071 1144 2126 Ald.
1161 2075 1240 2126 1511.
1257 2075 1335 2127 1551.

282 2174 319 2205 on
336 2165 466 2224 putamus
478 2175 636 2226 quemquam
654 2156 749 2208 beruas
766 2158 900 2226 cogitasse
919 2159 1062 2230 quicquum
1080 2159 1109 2212 in
1123 2151 1152 2215 u.
1167 2180 1189 2214 s.
1206 2177 1265 2228 exp.
1284 2157 1337 2209 uisi

282 2262 308 2312 q.
326 2242 346 2297 l.
365 2260 421 2294 esre
436 2252 464 2294 et
480 2262 524 2312 pr.
543 2243 701 2296 videretur?
730 2243 791 2298 ΑΜ.
810 2248 891 2299 1548.
911 2245 990 2299 ΒοιιΙ.
1019 2250 1066 2299 Aa
1090 2247 1223 2317 cogitasse
1248 2247 1335 2318 quicq.

278 2341 412 2400 putantur
430 2333 458 2384 ire
477 2354 500 2388 ν.
519 2352 541 2387 s.
562 2351 622 2400 exp.
642 2360 676 2371 -
695 2342 721 2385 et
739 2334 777 2385 sic
795 2332 875 2386 etiam
893 2332 985 2387 Herw·
1005 2332 1281 2394 Csm.Paris.1553·
1300 2361 1334 2371 ··
1405 2403 1413 2413 .

283 2419 354 2474 Cum
373 2420 466 2475 Lemb.
483 2421 585 2476 leniunt
602 2420 634 2473 Η.
652 2419 739 2473 wolf.
752 2419 999 2476 esculentum.
1020 2450 1054 2461 -
1085 2423 1186 2477 Victor.
1217 2431 1243 2474 et
1269 2420 1337 2473 Rob.

284 2507 378 2578 steph.
396 2528 432 2561 an
451 2510 584 2580 cogitasse
603 2511 746 2580 quicquam
762 2510 791 2561 ie
809 2510 870 2561 uita
888 2509 940 2562 siti
955 2527 1097 2577 esserum,
1115 2508 1168 2561 nisi
1180 2508 1253 2579 quod
1260 2508 1335 2580 laud.

281 2607 309 2648 et
327 2616 369 2667 pr.
386 2598 531 2652 videretur.
566 2595 646 2649 Grut.
665 2606 691 2651 et
707 2594 795 2649 Gron.
813 2596 902 2662 idem,
919 2596 964 2650 sed
984 2595 1083 2650 omisso
1099 2604 1244 2664 putamus,
1264 2595 1335 2665 quod

282 2683 454 2738 restituerunt
477 2683 573 2738 Graev.
601 2683 667 2736 Ero.
696 2684 778 2736 Verb.
806 2695 832 2738 et
856 2685 910 2750 sic,
929 2685 974 2755 qui
1000 2703 1047 2737 eos
1072 2681 1155 2737 secuti
1179 2692 1255 2745 sunt,
1285 2682 1336 2734 niu'

283 2771 359 2844 quod
376 2770 478 2826 Geruli.
497 2784 523 2827 et
541 2773 628 2826 Nobb.
647 2770 754 2824 uncinis
771 2770 940 2836 incluserunt
958 2790 1014 2824 esse
1033 2782 1094 2842 post
1111 2769 1257 2823 laudabile.
1277 2768 1335 2821 Ab·

283 2859 347 2912 iecit
362 2870 494 2928 paternus
510 2858 643 2925 Orellius,
661 2877 722 2913 cum
743 2879 757 2911 a
775 2858 866 2912 multis
883 2860 1036 2924 omittetur,
1058 2857 1102 2911 stit
1120 2856 1236 2913 hebeent
1250 2865 1336 2925 puto-

282 2948 378 3009 bimus,
388 2958 559 3017 putemusne‚
571 2958 695 3017 putasne,
702 2958 823 3018 putesne,
832 2958 859 3001 et
869 2946 960 3018 paullo
971 2956 1032 3001 ante
1043 2945 1100 3000 Cic.
1109 2944 1206 2999 scribat
1218 2954 1335 3012 putore·

281 3047 358 3088 runt.
369 3065 401 3076 -·
419 3037 474 3090 Pro
493 3056 539 3090 sue
556 3035 743 3089 emendatione
762 3035 851 3088 tautae
863 3034 986 3105 Borg.sd
1000 3032 1065 3086 illud
1075 3031 1168 3103 Quid?
1185 3031 1275 3085 locum
1283 3029 1335 3082 Pa·

282 3123 341 3176 rsd.
359 3124 392 3188 V,
410 3129 441 3178 2:
459 3123 552 3195 Quid?
575 3127 630 3177 ium
646 3125 698 3176 illa
714 3125 851 3193 cupiditas
862 3151 906 3176 -.
924 3122 1007 3190 Quod
1027 3121 1134 3176 extrusit
1144 3138 1189 3171 varr
1208 3129 1234 3172 et
1250 3128 1334 3187 puta-

281 3213 402 3268 mus‚in
420 3231 453 3266 eo
472 3224 594 3267 auctores
610 3213 690 3267 habet
715 3212 802 3266 Codd.
821 3213 1012 3278 Vossianom
1039 3229 1155 3282 quorum
1180 3226 1235 3260 uno
1261 3225 1334 3259 rece-

282 3300 373 3370 pimus
388 3318 451 3352 eum
468 3319 502 3352 eo
517 3301 656 3366 uidentur,
674 3320 730 3354 esse
748 3313 838 3355 sutem
855 3301 933 3370 ejecit
952 3311 1012 3371 post
1030 3297 1095 3362 sibi,
1114 3316 1176 3351 cnm
1194 3295 1250 3348 suis
1266 3297 1333 3346 Vos·

283 3385 380 3439 siams:
398 3405 430 3436 ue
448 3386 565 3456 denique
583 3398 642 3457 post
660 3389 792 3458 cogitasse
811 3407 862 3460 ego
882 3389 971 3460 recepi
997 3406 1025 3442 ex
1045 3385 1112 3440 Cod.
1131 3385 1226 3438 Duisli.
1270 3381 1333 3453 Quo

280 3475 355 3528 iacto
375 3473 480 3538 locum,
500 3485 631 3545 qnantum
648 3473 706 3526 fieri
724 3475 826 3545 potuit,
845 3487 967 3529 sanetum
987 3475 1115 3528 existimo.
1151 3471 1192 3522 Ad
1205 3467 1334 3540 loquendi

280 3560 430 3616 formulam
450 3561 522 3613 conl.
540 3559 590 3614 Or.
608 3580 659 3632 pm
677 3559 770 3615 Coelio
789 3565 839 3615 tt:
866 3564 944 3615 Nilsil
968 3565 997 3615 in
1016 3564 1075 3614 vita
1092 3558 1266 3628 expetendum
1282 3574 1331 3623 pu·

281 3661 367 3712 toret,
384 3648 439 3700 nisi
455 3650 528 3721 quod
544 3660 612 3702 esset
626 3669 685 3701 eum
704 3650 785 3701 laude
803 3661 831 3702 et
850 3671 911 3703 cum
927 3652 1062 3720 dignitate
1079 3649 1258 3703 coniunctum.
1278 3642 1332 3696 Mn

358 3738 476 3789 Veniant
497 3737 588 3807 igitur
618 3737 667 3791 isti
690 3738 823 3807 irrisores]
849 3741 986 3803 „Veniant
1018 3738 1066 3791 isti
1093 3736 1181 3806 igitur
1205 3732 1332 3786 irrisores.

282 3822 426 3888 undecim,
448 3825 563 3877 Veniant
582 3826 664 3878 istius
683 3827 770 3897 igitur
786 3828 925 3892 irrisores,
949 3827 1032 3881 duo.“
1051 3824 1122 3879 Ald.
1140 3822 1227 3877 Man.
1261 3818 1334 3873 Cod-

282 3911 352 3964 Pitb.
374 3913 491 3964 Veniant
508 3913 595 3983 igitur
614 3915 735 3967 irrisores
753 3917 834 3968 istius
851 3916 1010 3973 oratioriis,“
1029 3912 1147 3967 Graev.
1193 3909 1261 3962 Cum
1282 3927 1331 3959 un·

283 3999 371 4053 decim
390 3999 441 4052 illis
458 3999 563 4054 Aldinis
581 4002 670 4056 iecere
685 4004 723 4056 sit
749 4002 852 4057 Gernh.
878 4002 1030 4056 Editionem
1049 3999 1134 4070 Lugd.
1153 4000 1237 4059 1555,
1261 4011 1332 4046 eam·

284 4107 337 4159 que
350 4087 472 4141 exhihere
487 4089 536 4141 isti
553 4091 648 4161 igitur.
674 4091 747 4144 idem
766 4092 848 4144 refert
863 4091 954 4144 abesse
968 4091 1016 4144 isti
1034 4090 1067 4144 ab
1092 4087 1194 4159 aliquot
1211 4082 1271 4136 edd.
1290 4100 1331 4132 ve·

283 4176 396 4229 teribus:
415 4195 503 4248 neque
521 4196 686 4250 magnopere
705 4199 774 4250 opus
783 4199 815 4231 eo
833 4198 889 4232 esse
908 4178 1043 4232 existimat.
1078 4176 1137 4246 Ego
1156 4172 1267 4226 eandem
1288 4187 1331 4218 vo·

283 4282 342 4316 cem
361 4264 452 4318 abesse
471 4265 521 4317 vidi
542 4284 558 4317 a
577 4266 667 4319 multis
684 4266 752 4321 Edd.
770 4279 797 4321 et
814 4268 900 4321 tribus
918 4265 1004 4320 codd.
1021 4263 1132 4316 nostris:
1160 4259 1206 4312 sed
1225 4268 1330 4312 tuentur

282 4371 341 4405 eam
360 4372 402 4405 ser
417 4351 504 4406 codd.
521 4351 587 4405 On.
604 4353 699 4407 Dnisb.
729 4354 836 4408 Suerin.
856 4352 916 4407 Cre.
935 4356 960 4407 3.
984 4350 1064 4403 Drsd.
1082 4354 1108 4402 2.
1126 4351 1153 4402 5.
1179 4364 1241 4400 cum
1265 4345 1333 4404 Edd.

280 4441 342 4494 Asc.
363 4443 442 4493 1511.
460 4437 492 4490 Η.
512 4438 599 4491 Wott.
625 4438 693 4492 Vict.
718 4440 789 4494 nob.
813 4439 905 4510 Steph.
932 4437 1008 4491 Cem.
1027 4435 1106 4490 Grut·
1135 4445 1161 4488 et
1187 4446 1246 4506 post
1271 4454 1330 4490 eum
