3450 5342
594 699 794 751 rinauoxon
821 701 866 751 tv.
892 698 963 749 uer.
988 698 1023 746 n.
1267 677 1335 749 191

290 874 347 918 tus.
383 860 455 914 Tum
475 860 539 915 011.
559 861 589 913 E.
608 859 629 914 l.
643 860 677 914 U.
696 880 721 929 η.
737 860 762 914 ei
779 870 811 911 tu
829 878 864 912 es
885 858 966 919 ot'm‘a,¹
987 858 1067 911 Drsd.
1079 860 1105 913 5.
1122 859 1146 911 si
1164 869 1195 911 tu
1216 862 1281 915 rivis
1298 882 1342 920 es.

291 950 370 1004 Drstl.
386 953 412 1003 4.
431 950 457 1001 in
476 967 550 1020 seqq.
569 949 667 1001 civitas
685 966 737 1001 non
755 955 859 1000 esset.
895 944 955 1001 Mr.
1332 958 1334 962 '

361 1041 443 1089 Potes
459 1046 551 1088 autem
569 1054 625 1089 esee
647 1046 679 1089 tu
698 1034 775 1101 civis]
811 1037 960 1101 „Potest
981 1044 1072 1088 autem
1090 1051 1146 1087 esse
1164 1033 1246 1098 rivis,
1264 1051 1342 1089 unus.

291 1127 371 1177 Potes
389 1133 482 1176 autem
506 1141 562 1176 esse
590 1123 672 1190 civis,
700 1132 837 1194 quattuor.
885 1126 976 1174 Putes
999 1132 1091 1175 eutem
1121 1132 1149 1175 te
1172 1122 1256 1175 civem
1278 1141 1346 1187 ease,

291 1217 443 1282 quattuor.“
468 1209 542 1265 Ald.
562 1209 592 1263 M
600 1230 650 1265 an.
686 1207 755 1265 Cod.
781 1207 841 1265 en.
859 1214 884 1262 2.
909 1212 992 1263 Potes
1017 1219 1109 1263 autem
1133 1220 1165 1263 tu
1191 1210 1258 1265 civis
1279 1227 1345 1266 esse.

290 1297 396 1352 Suerin.
415 1304 503 1352 Putas
524 1309 616 1350 eutem
634 1308 661 1349 te
678 1297 760 1349 civem
778 1315 842 1351 esse.
880 1297 960 1351 Drsd.
980 1300 1005 1352 1.
1024 1300 1049 1354 3.
1082 1301 1165 1351 Potes
1191 1307 1283 1351 eutem
1300 1316 1343 1349 an

288 1405 345 1437 esre
363 1387 436 1442 civis.
473 1386 552 1440 Drsd.
569 1390 595 1440 4.
616 1390 700 1439 Putes
725 1396 817 1439 eutem
835 1403 893 1438 esse
911 1385 990 1441 cives.
1027 1384 1107 1438 Drsd.
1125 1389 1151 1440 5.
1177 1389 1263 1438 Putes
1291 1403 1345 1436 uu·

290 1485 343 1526 tem
361 1493 417 1529 esse
435 1475 502 1527 civis
519 1485 560 1528 tu.
598 1473 665 1530 cod.
685 1473 757 1527 Gud.
776 1473 807 1528 B.
818 1491 846 1543 p.
864 1492 892 1529 n.
910 1491 967 1527 ease
985 1473 1076 1530 civem.
1113 1474 1173 1527 Mr.

360 1566 442 1616 Potes
465 1572 558 1614 autem
575 1580 649 1614 esse
668 1573 707 1614 tu
727 1561 817 1630 eivis,]
837 1561 903 1626 On,
937 1560 1027 1617 neseio
1051 1561 1139 1626 unde,
1163 1560 1237 1615 dedit
1258 1565 1341 1615 Potes

239 1637 247 1647 ’
288 1662 381 1703 eutem
400 1661 438 1702 tu
456 1668 532 1702 esse
550 1649 632 1714 civis,
651 1668 732 1720 quem
751 1649 894 1703 verborum
913 1649 1044 1714 ordinem,
1067 1668 1115 1720 per
1129 1667 1157 1702 se
1175 1667 1230 1705 nun
1248 1669 1344 1720 repro-

289 1737 424 1804 bandum,
443 1737 471 1789 in
492 1735 568 1790 nullo
586 1754 637 1807 ego
656 1736 725 1790 libro
744 1736 848 1809 reperi,
875 1747 981 1807 praeter
999 1735 1049 1789 ud.
1068 1737 1192 1804 Teubn,
1220 1757 1288 1809 quae
1313 1756 1342 1790 er

287 1827 345 1880 eius
364 1825 484 1896 exemplo
512 1824 614 1877 videtur
632 1844 760 1896 expressa.
805 1822 934 1895 Sequitur
960 1823 987 1877 in
1015 1822 1082 1879 cod.
1102 1824 1151 1879 Ox.
1172 1842 1201 1888 ψ.
1225 1843 1274 1894 per
1293 1843 1343 1894 pro

286 1923 405 1982 propter,
423 1912 479 1965 sine
497 1912 580 1965 dubio
598 1932 628 1966 ex
646 1932 788 1984 perperam
807 1911 877 1967 lecto
895 1913 1043 1984 scripturae
1060 1912 1230 1985 compendio.
1268 1910 1342 1967 Con-

289 1999 350 2052 ieeit
368 2009 457 2051 tamen
474 2017 536 2067 per
554 2017 631 2071 quem
650 2018 705 2052 esse
724 1999 868 2071 legendum
886 2000 938 2054 Th.
956 1999 1104 2056 Bentleius:
1125 2011 1231 2073 praeter
1248 2018 1343 2054 neces-

288 2086 399 2139 sitatem.
438 2087 467 2138 Ιιι
487 2086 554 2140 cod.
573 2089 631 2140 en.
650 2093 676 2141 2.
694 2087 825 2160 sequitur:
857 2089 1005 2161 aliquando
1021 2087 1094 2141 ista
1120 2107 1172 2143 nen
1193 2089 1255 2159 suit
1274 2088 1342 2140 eivi-

289 2183 342 2227 tas.
380 2173 459 2228 Drsd.
479 2177 504 2227 t.
523 2177 549 2230 2.
568 2175 716 2247 aliquando
734 2178 863 2249 nonfuit
890 2178 1006 2238 civitam
1032 2176 1113 2231 Drstl.
1130 2178 1155 2234 4.
1181 2176 1249 2248 aliq.
1274 2177 1341 2231 civi-

289 2270 523 2320 taenoneeset.
560 2261 619 2319 ΜΡ.

362 2352 399 2400 Et
417 2369 458 2400 me
475 2351 603 2404 exulem
622 2363 671 2404 teo
688 2353 792 2405 nomine
810 2353 945 2423 appellas]
983 2353 1128 2418 „Exsulem
1146 2353 1220 2407 abest
1237 2354 1270 2407 ab
1289 2371 1341 2406 un·

290 2435 393 2501 decim,
411 2437 439 2490 in
459 2458 576 2509 quorum
595 2440 700 2493 duobus
718 2440 847 2494 additum.
888 2446 945 2492 Tuo
961 2441 1080 2495 nomine:
1098 2439 1116 2493 i.
1130 2460 1153 2494 e.
1176 2440 1249 2511 quod
1269 2440 1296 2493 in
1316 2451 1341 2494 te

289 2525 393 2595 potius,
414 2546 495 2597 quam
515 2526 542 2578 in
562 2546 605 2579 me
624 2528 756 2583 convenit.
803 2528 885 2596 Quod
911 2527 981 2580 iufra
1001 2527 1132 2598 probatur
1150 2526 1342 2598 argumentis.⁴‘

290 2613 365 2665 ΑΙὸ.
384 2613 471 2668 Man.
515 2615 594 2679 „Vox
620 2615 738 2667 exsulem
762 2616 865 2669 abesta
893 2615 983 2670 multis
1010 2613 1085 2669 libris
1111 2633 1194 2667 manu
1212 2613 1343 2684 scriptis.“

289 2704 321 2753 C.
347 2702 452 2771 bang.
498 2699 655 2768 „Quattuor
673 2701 735 2754 libri
760 2713 860 2756 veteres
885 2721 941 2758 non
966 2701 1065 2759 habeut
1090 2720 1182 2759 vocem
1207 2700 1340 2752 exsulem:

287 2805 403 2857 eamque
422 2787 539 2859 bangius
557 2786 698 2843 delendam
717 2799 821 2843 ceusetz
847 2790 891 2845 cui
910 2790 1048 2845 assentior.
1076 2788 1230 2845 Lambin.
1282 2788 1341 2856 [Est

289 2873 408 2927 enimin
428 2873 476 2926 Ed.
495 2873 601 2928 Graevii
620 2875 671 2930 boc
689 2878 809 2931 additum
828 2878 861 2932 ad
881 2889 974 2933 annot.
993 2877 1098 2948 bangii:
1121 2888 1222 2944 ‚,reete,
1241 2875 1270 2928 ni
1289 2874 1340 2928 fal·

288 2963 331 3015 lor
338 2965 372 3021 ¹⁶:
392 2963 464 3034 quod
483 2983 538 3016 non
559 2975 598 3018 est
616 2964 642 3017 in
662 2964 711 3019 Ed.
729 2966 815 3021 Andr.
827 2965 931 3020 Sebotti
949 2965 1052 3035 (Frcol.
1067 2962 1278 3023 Wecbel.lbl.'t.
1291 2962 1338 3032 4.),

288 3070 319 3102 es
338 3069 389 3121 qua
409 3051 561 3105 exhibemus
578 3064 682 3108 annott.
700 3053 808 3126 Langii,
828 3054 891 3126 quia
911 3054 1000 3108 minus
1018 3053 1157 3125 inquinata
1177 3062 1216 3107 est
1243 3070 1340 3122 opera-

288 3155 350 3190 rum
368 3139 518 3205 erroribus,
538 3159 619 3211 quam
638 3140 807 3210 Graeviana.]
827 3172 860 3183 -
904 3147 984 3210 „Tuo
1000 3143 1103 3197 nomino
1126 3141 1143 3194 i.
1166 3160 1189 3194 e.
1214 3159 1269 3213 quo
1289 3159 1339 3193 no·

288 3225 361 3279 mine
380 3237 408 3280 tu
435 3227 611 3298 appellandus
638 3247 674 3282 es.
721 3228 807 3282 Suum
834 3229 907 3282 enim
932 3229 1050 3285 exsilium
1076 3228 1172 3285 Cicero
1197 3245 1338 3298 nunquam

288 3311 406 3383 appellat
423 3313 572 3367 exsilium.“
589 3313 663 3368 Fre.
684 3314 775 3386 Sylv.

358 3411 386 3451 et
405 3419 444 3451 me
463 3410 511 3452 tuo
531 3401 634 3451 neruine
651 3400 800 3469 appellas,]
824 3401 886 3468 „lta
911 3401 939 3453 in
956 3400 1081 3455 Lambini
1098 3399 1178 3453 Mss.
1204 3411 1339 3469 quattuor,

285 3489 373 3546 tribus
397 3487 463 3540 Pall.
493 3498 520 3540 et
545 3485 655 3540 totidem
682 3485 755 3539 Guil.
813 3486 1003 3540 interiecerant
1032 3485 1171 3557 magistelli
1195 3488 1341 3542 exsulem.“

284 3577 423 3631 Gruter.
466 3573 530 3640 „Me
549 3573 668 3644 appellas
686 3572 815 3639 exsulem,
845 3570 919 3644 quod
938 3589 1039 3625 nomeu
1057 3572 1167 3642 proprie
1187 3570 1255 3624 inte
1274 3590 1341 3625 eou-

287 3663 384 3718 renit.“
402 3662 441 3713 W
448 3673 506 3732 ytt.
548 3660 655 3715 Habent
673 3659 738 3716 011.
756 3660 788 3714 E.
808 3661 826 3713 Ι.
848 3660 882 3713 U.
904 3680 929 3730 η.
947 3678 977 3722 ψ.
996 3659 1076 3713 Drsd.
1096 3664 1121 3714 5.
1147 3677 1239 3715 vocem
1260 3679 1340 3713 exsu-

286 3752 351 3806 lem.
370 3769 422 3804 nec
440 3770 502 3803 vero
522 3750 617 3804 eodem
637 3749 712 3812 loco,
733 3769 788 3821 quo
806 3748 874 3802 Edd.
894 3760 969 3814 vett,
987 3749 1032 3803 sed
1051 3760 1113 3804 ante
1131 3750 1270 3820 appellar;
1294 3752 1340 3805 sed

288 3838 315 3890 in
334 3837 414 3891 Drsd.
426 3843 451 3893 5.
471 3837 569 3909 legitur
580 3839 763 3907 appellabas.
800 3839 863 3892 Post
882 3857 921 3890 me
938 3838 1037 3892 babent
1055 3839 1173 3891 exsulem
1191 3838 1339 3897 Dente.

288 3927 347 3978 cn.
368 3928 393 3980 3.
430 3926 553 3979 Enotarit
571 3925 620 3980 Or.
647 3946 676 3980 ex
693 3927 747 3980 suis
764 3939 791 3980 et
815 3947 854 3980 me
873 3927 1005 3993 exsulem,
1033 3945 1062 3979 es
1091 3924 1158 3980 Cod.
1186 3927 1244 3981 Bas.
1271 3928 1339 3984 Edd.

288 4030 348 4081 pre.
368 4010 416 4065 Ed.
435 4033 478 4084 ap.
496 4013 582 4066 Meus.
600 4015 672 4069 Crat.
692 4014 767 4069 Man.
783 4015 876 4087 Magn.
895 4014 987 4068 Lamb.
1006 4013 1092 4067 Suffr.
1112 4015 1184 4069 Petr.
1205 4015 1268 4068 ball.
1284 4017 1339 4069 Ha·

287 4099 352 4152 bent
370 4099 440 4155 idem
459 4113 565 4155 nostrae
592 4113 652 4156 vett.
677 4103 834 4175 pleraeque,
854 4113 962 4174 excepta
987 4102 1054 4154 Rob.
1081 4101 1189 4173 steph„
1216 4121 1283 4172 quae
1310 4102 1338 4155 in

288 4187 423 4258 plerisque
442 4190 624 4243 Victorianam
648 4193 777 4262 sequitur.
823 4192 887 4246 Post
912 4189 1059 4245 Gruterum
1086 4209 1116 4242 ex
1143 4188 1240 4242 nostris
1262 4188 1341 4244 babet

288 4293 348 4326 earn
367 4276 479 4346 glossam
499 4277 553 4330 sola
573 4277 623 4330 Ed.
647 4279 740 4344 Facu,
766 4299 795 4331 ex
820 4278 895 4333 libris
913 4277 1007 4332 Orellii
1037 4276 1086 4332 Ed.
1106 4276 1176 4329 Hub.
1202 4277 1247 4330 sed
1276 4288 1337 4333 ante

287 4362 419 4431 appellus.
461 4362 513 4418 Th.
534 4364 649 4436 denique
669 4365 757 4420 Bentl.
781 4387 810 4420 es
838 4367 1008 4421 coniectura:
1031 4374 1059 4415 et
1083 4383 1122 4415 me
1146 4365 1278 4417 exulem
1298 4376 1335 4419 tu

287 4449 392 4502 nonum
411 4452 548 4521 appellas:
574 4451 664 4523 quod,
690 4454 710 4505 si
739 4451 851 4507 latinum
877 4463 930 4518 est,
963 4449 1101 4504 Ciceronis
1119 4462 1191 4504 certe
1216 4465 1336 4507 nonest.
