3450 5342
341 661 413 734 126
662 681 835 730 ransnoxn
862 680 1055 729 sroreonuu.

338 846 369 895 ti
376 846 410 911 s].
429 861 490 895 sane
509 859 562 912 qua
583 858 689 892 sensum
710 839 826 906 [volebat
846 839 919 911 quod
938 840 1109 906 adsensum]
1133 848 1222 909 potest
1248 850 1388 913 utrumqne

337 932 440 986 abesse:
460 928 504 982 sed
523 927 669 999 elegantius
687 939 726 980 est
744 928 851 997 culpam
870 946 933 981 cum
951 926 997 981 tali
1014 925 1140 981 adiuncto
1170 946 1185 978 e
1212 928 1297 981 verbo
1316 948 1386 999 supe·

338 1019 430 1072 riori.“
449 1016 527 1070 Ern.
563 1014 683 1068 Servavit
700 1025 790 1068 tamen
810 1015 837 1067 in
857 1014 986 1067 contextis
1004 1012 1070 1067 Ern.
1096 1014 1266 1067 transeundi.
1312 1014 1385 1067 Dele-

338 1115 432 1159 serunt
459 1103 511 1158 hoc
534 1102 710 1173 gerundium,
738 1112 798 1173 post
823 1100 984 1167 Graevium,
1013 1100 1180 1155 Facciolatus
1203 1101 1263 1171 (sed
1292 1102 1320 1155 in
1344 1102 1384 1154 Ed.

337 1193 423 1265 prima
441 1190 564 1260 servavit)
585 1201 612 1244 et
629 1189 679 1243 Or.
697 1187 886 1255 Gernhardus,
914 1188 960 1260 qui
977 1187 1043 1242 nibil
1062 1208 1190 1254 monens,
1216 1201 1289 1244 certe
1309 1189 1384 1244 Grae-

337 1282 386 1349 vii,
404 1278 548 1334 Facciolati
566 1276 626 1348 (qui
645 1277 734 1346 inepte
750 1275 811 1330 addi
832 1277 865 1330 ab
881 1274 938 1329 aliis
964 1276 1124 1329 transeundi
1141 1275 1219 1344 dixit)
1245 1287 1271 1329 et
1289 1276 1384 1330 Ernesti

337 1367 443 1422 iudiciis
459 1364 525 1419 nibil
544 1365 576 1417 de
594 1382 643 1416 suo
664 1362 764 1416 addens
789 1363 907 1416 ediderat
926 1363 1073 1435 vulgatam,
1102 1362 1130 1417 in
1156 1363 1298 1419 Addendis
1321 1365 1383 1417 iubet

337 1452 415 1508 uncis
432 1451 534 1506 includi
552 1449 617 1503 illud
637 1449 816 1516 Gerundium,
835 1449 978 1522 additque:
997 1450 1092 1518 „ldem
1106 1462 1235 1505 statuerat
1247 1450 1382 1507 teuent

337 1543 366 1595 in
385 1538 468 1605 notis,
486 1537 579 1593 sedin
597 1537 828 1591 emendationibus
846 1537 957 1590 mutavit
974 1539 1141 1592 sententiam.
1179 1540 1214 1592 At
1233 1537 1382 1591 transeundi

338 1628 419 1698 culpa
437 1624 549 1697 intelligi
566 1625 640 1679 iubet
658 1623 729 1678 aliud
742 1624 837 1696 culpae
856 1644 942 1697 genus
960 1625 1051 1679 abillo
1066 1625 1295 1697 distinguendum,
1315 1644 1381 1697 prae·

338 1728 379 1771 ter
397 1712 469 1787 quod
486 1712 570 1784 Stoici
588 1722 689 1785 negant
706 1731 761 1766 esse
785 1713 908 1767 alterum.
955 1714 1081 1780 Accedit,
1110 1714 1200 1784 quod,
1230 1714 1381 1785 praeceden-

337 1805 407 1857 tibus
420 1801 504 1854 verbis
516 1819 574 1853 cum
587 1801 667 1852 semel
680 1801 830 1866 transieris,
847 1801 900 1856 hoc
911 1801 1082 1855 Gerundium
1095 1811 1133 1854 est
1151 1799 1317 1855 molestius-‘⁸
1333 1801 1380 1854 Mn.

409 1892 446 1942 od
473 1889 625 1960 aagendam
659 1888 777 1957 culpam]
814 1888 906 1942 Deleri
937 1908 1000 1943 cum
1030 1888 1080 1942 Or.
1106 1888 1294 1958 interpositum
1326 1886 1380 1940 illud

339 1977 506 2029 transeundi.
543 1974 615 2029 Dixit
635 1973 744 2047 quidem
762 1974 845 2046 Borg.
872 1974 978 2045 placere
1004 1975 1053 2028 sibi
1073 1975 1178 2028 Ernesti
1207 1976 1379 2030 coniecturam

338 2064 520 2119 transeuntis:
547 2063 676 2134 quoniam
699 2062 842 2135 Participia
872 2063 1020 2117 alibrariis
1048 2082 1126 2134 saepe
1152 2063 1380 2134 permutanturin

339 2153 486 2208 Gerundia.
533 2151 594 2205 Vid.
612 2148 753 2204 Ruhnken.
771 2151 804 2203 ad
822 2151 905 2206 Rutil.
922 2152 990 2225 Lup.
1017 2173 1044 2223 p.
1062 2156 1087 2205 4.
1114 2153 1194 2205 conf.
1213 2153 1249 2205 de
1265 2151 1327 2205 Sen.
1343 2154 1387 2217 te,

340 2239 377 2311 [§.
395 2243 452 2309 14.]
471 2239 518 2294 ubi
536 2238 602 2292 Ern.
621 2257 650 2291 ex
670 2236 737 2291 cod.
755 2237 812 2291 Ert.
830 2258 882 2311 pro
899 2241 1027 2293 moriendi
1044 2239 1157 2293 restituit
1175 2239 1299 2291 morienti
1304 2260 1312 2290 .·
1328 2242 1380 2291 Iam

338 2350 432 2383 sensus
451 2326 614 2380 morienti
632 2326 800 2398 eliquisesse
815 2333 931 2396 potest.“
968 2327 1021 2381 Sed
1035 2326 1138 2380 Ernest.
1152 2326 1219 2381 haec
1238 2325 1379 2381 coniectura

339 2419 391 2471 iam
411 2417 523 2470 refutata
542 2424 579 2467 est
602 2432 617 2465 a
637 2411 797 2467 Gernlrardo
823 2413 858 2467 ad
885 2412 961 2466 illum
989 2415 1077 2485 ipsum
1096 2414 1206 2467 Catonis
1236 2433 1272 2466 m.
1291 2413 1378 2476 locum,

339 2523 427 2575 neque
440 2522 498 2556 eam
510 2501 611 2556 curarit
624 2499 652 2552 in
666 2519 712 2553 sua
728 2499 844 2553 editione
860 2500 892 2554 R.
911 2500 1081 2556 Klotzius.
1110 2501 1208 2554 Nostro
1219 2513 1307 2556 autem
1321 2500 1380 2563 loco,

340 2609 504 2663 quamquam
523 2609 578 2642 non
597 2589 688 2659 inepte
706 2587 850 2643 adderetur
869 2590 1046 2654 transeuntis,
1070 2588 1134 2641 mihi
1153 2599 1245 2641 tamen
1263 2588 1379 2643 abiicien-

340 2678 404 2732 dum
424 2681 507 2738 visum
526 2688 563 2731 est
580 2676 647 2730 illud
666 2674 835 2743 vocabulum,
855 2676 928 2748 quod
940 2677 1045 2731 uncinis
1063 2676 1169 2730 inclusit
1183 2676 1293 2730 iubente
1302 2675 1378 2729 Gem-

339 2768 423 2821 bardo
448 2766 575 2825 Nobbins.
623 2763 707 2817 Abest
733 2762 804 2817 enim
831 2765 992 2817 transeundi
1016 2764 1095 2817 etiam
1123 2783 1137 2816 a
1162 2763 1231 2817 Cod.
1261 2763 1329 2816 Gud.
1344 2762 1378 2826 A..

340 2855 367 2906 in
386 2852 473 2907 cedd.
492 2850 617 2906 Drsd't.
634 2860 661 2903 et
678 2854 704 2904 3.
723 2849 827 2903 inverso
847 2851 942 2903 ordine
964 2852 1088 2905 scribitur
1098 2852 1205 2920 culpam
1224 2850 1377 2912 transeundi,

340 2942 455 3011 denique
474 2939 502 2990 in
522 2936 591 2990 cod.
609 2938 667 2989 Cra.
686 2941 711 2989 2.
732 2937 768 2989 ita
788 2936 920 2990 intrusum
938 2950 977 2991 ost
995 2939 1082 2992 alieno
1100 2938 1176 3005 loco,
1204 2949 1234 2992 ut
1252 2938 1377 2991 manifesto

340 3035 466 3096 appareat
485 3022 598 3093 glossam
620 3041 634 3074 e
653 3022 776 3092 margine
794 3022 821 3075 in
837 3035 988 3077 contextum
1007 3026 1143 3097 irrepsisse
1160 3045 1324 3079 sermonem:
1347 3035 1376 3077 est

340 3112 412 3163 enim
430 3110 481 3162 ibi:
501 3110 539 3158 od
555 3108 707 3179 aagendam
725 3109 832 3177 culpam
849 3110 920 3161 ntltit
932 3113 1052 3179 pertinet
1071 3115 1292 3168 transeundi.
1314 3112 1363 3166 Mr.

409 3202 525 3250 Peccnre
542 3205 611 3246 certe
630 3194 693 3245 licet
711 3196 827 3264 nominc]
866 3196 954 3262 „cod
983 3198 1122 3253 Pithoean.
1172 3203 1238 3270 Qui
1244 3220 1261 3252 a
1282 3217 1376 3272 peceare

340 3288 435 3336 certe.“
454 3281 571 3335 Graev.
609 3280 764 3347 „Sententia
789 3277 947 3342 calvinianos
966 3296 991 3338 et
1016 3297 1087 3339 extra
1106 3305 1217 3340 omnem
1236 3300 1377 3342 controver-

339 3373 422 3438 siam,
448 3372 492 3424 sed
516 3366 727 3440 α’προςδιόνυσος.
782 3369 850 3422 Nam
878 3391 1000 3442 peccasse
1027 3393 1105 3439 eum,
1140 3376 1186 3446 qui
1211 3376 1281 3430 duos
1303 3392 1376 3446 passus

339 3459 472 3514 transierit
495 3460 592 3525 lineas,
618 3458 783 3513 conceditur.
828 3458 857 3512 ld
883 3472 972 3514 autem
997 3462 1149 3532 quaeritur,
1179 3483 1214 3516 an
1232 3464 1289 3517 eius
1305 3474 1376 3516 trans·

339 3548 437 3619 gressio
456 3560 527 3603 tanta
544 3548 591 3613 sit,
610 3559 709 3617 quanta
728 3546 812 3612 illius,
833 3547 879 3618 qui
899 3549 1028 3602 ducentos
1047 3549 1219 3619 processit?“
1238 3550 1270 3603 ll.
1288 3546 1376 3602 Woll.

340 3636 417 3702 „lloc
436 3656 484 3707 per
502 3655 530 3687 se
548 3644 640 3705 aptum
661 3645 687 3687 et
705 3634 878 3704 perspicuum
898 3636 1004 3690 subiicit
1022 3635 1117 3689 Cicero
1136 3635 1232 3690 callide
1257 3648 1282 3690 et
1299 3644 1375 3688 orato·

340 3723 393 3786 rie,
414 3722 488 3791 quasi
507 3721 540 3773 ad
559 3719 705 3773 sanandam
731 3720 851 3789 proxime
877 3722 1056 3776 antecedentis
1081 3720 1143 3776 dicti
1170 3720 1373 3776 absurditatem.“

340 3809 448 3879 Wytt.
485 3806 552 3859 Cod.
577 3806 656 3858 Drsd.
674 3810 700 3859 4.
725 3804 804 3860 habet
834 3810 933 3860 nernini
958 3811 1029 3865 licet.
1077 3809 1168 3880 Pergit
1200 3809 1269 3864 cod.
1296 3806 1374 3862 Duisb.

340 3894 521 3964 Quicquid
543 3903 635 3944 nutem
658 3895 800 3950 nonlicet.
847 3895 969 3968 Sequens
992 3896 1023 3948 id
1047 3897 1122 3949 abest
1145 3915 1160 3948 a
1186 3895 1255 3950 Cod.
1283 3892 1375 3949 Suerin·

341 3992 366 4034 et
392 3998 448 4032 uno
466 3979 535 4033 Aldi.
560 3980 627 4034 cod.
656 3980 706 4035 Ox.
723 3981 755 4036 E.
788 4002 850 4037 cum
869 3983 949 4037 Drsd.
968 3988 994 4037 2.
1020 3982 1119 4037 habent
1141 3984 1172 4034 id
1197 3985 1230 4034 in
1257 3985 1305 4036 lroc
1326 3996 1376 4032 nno»

340 4067 421 4122 Drsd.
440 4070 465 4119 1.
484 4070 509 4121 3.
528 4068 577 4120 hoc
594 4088 647 4123 uno
664 4069 701 4124 id.
738 4069 810 4126 Gud.
830 4072 863 4124 A.
887 4082 995 4123 tenetur
1019 4091 1081 4124 uno.
1125 4070 1204 4126 Unus
1223 4072 1285 4125 Atdi
1311 4067 1376 4121 baltei

340 4156 375 4207 in
393 4156 443 4206 lroc
461 4174 528 4220 uno,
547 4154 645 4209 omisso
663 4157 700 4211 id.
736 4157 796 4210 Mc.

414 4243 447 4292 Id
463 4243 512 4295 ltoc
529 4246 592 4312 uno]
629 4244 717 4311 „Tota
744 4244 800 4297 eius
828 4244 866 4296 vis
890 4254 915 4296 et
936 4244 1003 4297 ratio
1026 4245 1054 4296 in
1083 4243 1135 4298 hoc
1158 4245 1238 4297 unice
1266 4237 1375 4296 consistit.

340 4327 393 4379 Alii
413 4325 509 4382 tollunt
526 4336 603 4383 nno.“
621 4331 718 4385 Face.
756 4328 833 4396 Quos
851 4329 923 4383 dicat
940 4350 993 4382 uno
1012 4329 1119 4398 tollere,
1133 4352 1189 4385 non
1210 4330 1292 4385 video.
1319 4322 1374 4379 Edd·

342 4423 429 4478 certe,
450 4432 517 4482 quae
535 4417 568 4469 ad
587 4435 697 4470 manum
711 4426 788 4482 sunt,
807 4433 902 4468 omnes
920 4415 1018 4471 habent
1037 4437 1095 4471 eam
1114 4436 1221 4472 rocem:
1247 4434 1296 4469 nec
1316 4407 1375 4464 mul·
