3450 5342
657 651 851 700 rananoxos
878 653 923 700 vr.
950 652 1020 700 car.
1039 654 1074 701 n.
1309 631 1384 708 265

336 821 499 885 nerandas
535 819 799 902 diripiendasque
820 820 1039 900 provincias:
1083 821 1138 901 qui
1174 824 1386 904 expulsiones

336 957 538 1035 vicinorum,
579 956 634 1036 qui
672 955 846 1021 latrocinia
862 956 905 1031 ,in
933 957 1038 1036 agris,
1078 957 1134 1038 qui
1165 974 1241 1020 cum
1275 960 1387 1038 servis,

337 1110 414 1156 cum
439 1095 581 1172 libertis,
617 1111 693 1158 oum
727 1092 899 1159 clientibus
934 1094 1127 1173 societates,
1163 1096 1220 1176 qui
1252 1112 1387 1176 posses-

336 1233 446 1296 siones
478 1250 618 1312 vacuas,
668 1221 725 1315 qui
764 1232 1022 1315 proscriptiones
1057 1233 1290 1313 locupletium,
1332 1235 1388 1314 qui

335 1369 453 1434 caedes
479 1370 753 1451 municipiorum,
781 1370 838 1452 qui
862 1370 954 1434 illam
980 1368 1106 1434 Sullani
1119 1373 1278 1454 temporis
1298 1390 1388 1438 mes-

337 1521 407 1570 sem
432 1504 642 1583 recordetur,
679 1504 735 1585 qui
772 1506 968 1569 testamenta
993 1505 1157 1582 subiecta,
1193 1508 1250 1588 qui
1275 1510 1388 1574 subla-

336 1646 387 1707 tos
413 1644 463 1704 tot
483 1641 646 1718 homines,
674 1641 730 1721 qui
747 1640 889 1721 denique
914 1643 1026 1706 omnia
1048 1643 1188 1720 venalia,
1215 1645 1387 1724 delectum,

335 1778 522 1854 decretum,
545 1776 706 1854 alienam,
732 1794 826 1841 suam
853 1779 1066 1857 senteutiam,
1093 1746 1214 1859 forum,
1241 1781 1387 1861 domum,

336 1931 471 1993 vocem,
498 1914 681 1988 silentium;
708 1913 781 1995 quis
807 1914 896 1978 bunc
922 1932 990 1979 non
1017 1919 1109 1997 putet
1133 1918 1300 1998 confiteri,
1325 1920 1387 1983 sibi

338 2052 486 2133 quaesito
513 2066 597 2132 opus
619 2050 716 2113 esse?
744 2048 797 2113 cui
823 2052 934 2114 autem
958 2051 1109 2131 quaesito
1130 2069 1213 2133 opus
1237 2055 1287 2133 sit,
1315 2056 1387 2136 quis

338 2167 483 2272 unquam
509 2191 597 2253 bunc
631 2205 710 2252 vere
736 2186 855 2251 dixerit
889 2187 1045 2252 divitem?
1097 2189 1226 2256 Etenim
1257 2192 1387 2259 divitia-

338 2349 412 2396 rum
437 2330 561 2393 fructus
583 2330 617 2392 in
643 2327 740 2409 copia
766 2332 833 2392 est:
864 2328 995 2409 copiam
1026 2333 1135 2393 autem
1162 2329 1307 2397 declarat
1331 2348 1387 2397 sa··

335 2470 430 2533 tietas
454 2484 565 2530 rerum
589 2468 687 2545 atque
701 2464 920 2540 abundantia;
946 2481 1047 2544 quam
1071 2470 1107 2528 tu
1124 2467 1281 2546 quoniam
1302 2486 1389 2533 nun·

337 2618 437 2683 quam
463 2617 658 2680 assequere,
686 2617 858 2681 nunquam
893 2600 1031 2664 omnino
1058 2618 1093 2665 es
1123 2600 1252 2667 futurus
1286 2603 1388 2669 dives.

335 2742 449 2807 Meam
475 2741 586 2803 autem
612 2738 770 2819 quoniam
798 2738 972 2820 pecuniam
999 2738 1199 2819 contemnis,
1237 2743 1268 2804 et
1301 2746 1389 2807 recte

337 2873 396 2965 (est
429 2879 517 2943 enim
551 2877 593 2942 ad
626 2878 716 2958 vulgi
749 2878 941 2959 opinionem
975 2876 1170 2941 mediocris:
1212 2876 1255 2941 ad
1288 2881 1389 2959 tuam,

337 3016 446 3079 nulla:
483 3014 525 3079 ad
549 3032 673 3093 meam,
700 3011 861 3104 modica3)
900 3015 941 3078 de
968 3032 1022 3079 me
1048 3015 1170 3094 silebo,
1207 3016 1247 3080 de
1274 3036 1309 3082 re
1336 3020 1388 3082 lo·

337 3173 430 3237 quar.
483 3153 517 3218 Si
547 3153 713 3218 censenda
746 3153 842 3218 nobis
877 3156 974 3232 atque
1010 3153 1214 3219 aestimanda
1246 3172 1299 3218 res
1338 3155 1388 3234 sit,

336 3295 446 3355 utrum
481 3289 614 3352 tandem
648 3288 752 3369 pluris
793 3290 1003 3352 aestimemus
1044 3290 1218 3369 pecuniam
1261 3290 1387 3370 Pyrrhi,

334 3441 436 3506 quam
461 3422 614 3486 Fabricio
641 3421 759 3498 dabat,
793 3438 836 3485 an
851 3464 853 3469 -
869 3421 1107 3485 continentiam
1132 3421 1294 3497 Fabricii,
1334 3425 1390 3503 qui

333 3563 427 3626 illam
453 3558 628 3640 pecuniam
653 3556 872 3638 repudiabat?
906 3559 1017 3621 utrum
1042 3575 1160 3622 aurum
1195 3555 1387 3633 Samnitum,

334 3717 376 3763 an
403 3712 605 3778 responsum
634 3685 688 3760 Μ’.
723 3693 835 3761 Curii?
866 3695 1082 3761 hereditatem
1113 3696 1147 3760 L.
1182 3696 1303 3774 Paulli,
1345 3712 1387 3760 an

332 3833 562 3900 liberalitatem
587 3834 752 3911 Africani,
779 3834 834 3914 qui
859 3833 929 3898 eius
956 3833 1145 3898 hereditatis
1174 3832 1214 3911 Q.
1237 3833 1389 3898 Maximo

334 3974 428 4038 tratri
453 3976 581 4054 partem
612 3988 708 4035 suam
737 3971 923 4034 concessit?
976 3971 1065 4036 Haec
1093 3971 1262 4052 profecto,
1300 3988 1384 4049 quae

334 4114 410 4174 sunt
452 4124 655 4173 summarum
697 4107 873 4185 virtutum,
919 4107 1021 4188 pluris
1058 4107 1262 4172 aestimanda
1301 4112 1385 4185 sunt,

335 4262 434 4325 quam
460 4245 534 4322 illa,
574 4248 761 4325 quaesunt
792 4244 962 4324 pecuniae.
1016 4241 1097 4320 Quis
1123 4243 1220 4322 igitur
1247 4235 1284 4326 (si
1312 4244 1385 4322 qui-

335 4381 429 4460 dem,
453 4381 669 4462 utquisque,
694 4382 781 4462 quod
804 4382 937 4464 plurimi
963 4383 1024 4458 sit,
1051 4379 1234 4462 possideat,
1268 4384 1314 4448 ita
1338 4385 1389 4448 di-
