3450 5342
347 689 473 736 xxxvttt
526 683 764 733 ettotnttorstttts
789 681 831 728 att
855 679 1024 728 CICERONIS
1051 679 1236 728 etnsuoxt.

346 868 430 920 quum
450 858 537 900 tamen
557 844 582 896 id
602 843 635 895 ad
652 861 710 894 eam
729 838 907 910 suspicionem
927 838 1025 892 ducere
1044 851 1069 892 et
1079 840 1194 910 potuerit
1213 836 1414 913 utrumquem-⁴

346 957 398 1006 que
417 945 443 987 et
462 931 600 997 debuerit,
625 941 654 983 ut
671 928 728 982 steri
757 946 833 999 posse
851 926 1024 992 existimaret,
1055 946 1142 998 neque
1161 926 1281 981 Graecas
1311 948 1395 999 neque

345 1024 450 1077 Latinas
467 1019 651 1088 inscriptiones
669 1037 683 1068 a
704 1015 836 1070 Cicerone
854 1034 910 1067 esse
928 1014 1057 1080 adiectas,
1076 1014 1121 1068 sed
1141 1014 1232 1068 omnia
1252 1035 1295 1068 sex
1315 1017 1394 1069 Para·

344 1111 409 1164 dosa
428 1109 558 1163 continuo
577 1124 631 1157 esse
648 1102 768 1174 legenda.
805 1101 833 1153 ld
852 1112 923 1156 certe
941 1120 1037 1173 magna
1056 1102 1261 1174 inscriptionum
1280 1115 1308 1158 et
1328 1104 1392 1158 bati-

344 1216 440 1251 narum
457 1206 484 1249 et
493 1193 660 1247 Graecarum
676 1190 860 1262 discrepantia,
875 1190 1028 1243 Latinarum
1047 1190 1126 1243 etiam
1138 1191 1266 1257 absentia,
1284 1192 1314 1245 in
1326 1192 1391 1245 mul-

344 1287 376 1338 tis
394 1284 473 1338 etiam
493 1280 658 1334 Graecarum
682 1278 818 1332 suadebat.
866 1277 969 1346 Quodsi
995 1277 1183 1332 Grammaticis
1207 1278 1301 1333 deberi
1326 1281 1392 1334 dicas

343 1369 528 1441 inscriptiones
545 1378 685 1438 utrasque,
707 1365 793 1419 verius
817 1365 919 1423 dictum
948 1365 1012 1420 erit:
1040 1367 1207 1437 Degustobis
1231 1386 1321 1438 genus
1348 1369 1392 1419 hoc

343 1456 564 1508 exercitationum
581 1472 688 1518 eorum,
707 1450 805 1525 quibus
822 1453 866 1504 uti
884 1453 1025 1517 consuevi,
1044 1472 1127 1524 quum
1144 1472 1191 1515 eo,
1210 1473 1281 1524 pune
1302 1455 1391 1507 ‹dcun-

343 1555 391 1596 tur
408 1546 437 1595 in
454 1543 552 1596 scholis
570 1537 712 1605 decessi,
740 1541 779 1590 ad
802 1550 925 1592 nostrum
953 1541 1002 1592 lroc
1020 1540 1168 1593 oratorium
1193 1543 1337 1612 transfero
1353 1542 1390 1591 di-

342 1632 418 1684 cendi
432 1648 533 1702 genus:
553 1629 569 1682 i.
581 1649 604 1681 e.
624 1628 782 1699 Degustabis
800 1626 851 1681 hoc
870 1627 959 1681 libello
977 1627 1042 1681 illud
1062 1627 1281 1682 exercitationum
1300 1647 1388 1700 genus,

342 1739 397 1790 quo
416 1719 611 1772 enuntiationes
633 1714 785 1788 generales,
812 1715 962 1768 cuiusmodi
988 1727 1050 1768 sunt
1074 1714 1228 1768 Stoicorum
1248 1712 1390 1785 Παράδοξα

342 1805 451 1874 (denteri
479 1805 550 1859 enim
580 1824 641 1859 cum
666 1804 795 1856 Turnebo
821 1802 977 1856 Adversarr.
996 1802 1053 1868 XX,
1073 1806 1115 1855 ΙΙΙ.
1144 1802 1330 1872 interpreteris
1353 1821 1388 1866 ea,

341 1915 410 1966 quae
427 1895 460 1948 de
478 1906 534 1948 toto
552 1893 643 1964 aliquo
661 1911 759 1963 genere
778 1890 956 1957 disserantur,
975 1889 1055 1943 nullis
1072 1890 1284 1961 circumscriptis
1303 1908 1389 1959 perso·

341 1985 398 2048 nis,
419 1981 496 2044 locis,
514 1979 690 2048 temporibus,
724 1997 807 2049 quum
827 1983 913 2036 dicere
940 1977 967 2029 in
1000 1977 1136 2031 rhetorum
1167 1976 1264 2033 scbolis
1283 1977 1387 2048 proprie

340 2069 392 2121 sint
410 2065 576 2138 quaestiones
594 2065 732 2133 infinitae,
751 2065 890 2135 oppositae
900 2063 1105 2136 hypothesibus,
1124 2065 1140 2118 i.
1149 2084 1172 2118 e.
1190 2065 1387 2136 quaestionibus

341 2155 490 2222 definitis:)
520 2171 574 2223 quo
592 2151 675 2222 igitur
699 2153 778 2205 etiam
798 2151 1018 2224 philosophorum
1038 2152 1234 2206 enuntiationes
1257 2153 1389 2222 generales

340 2241 533 2295 transferantur
550 2239 583 2291 ad
603 2239 750 2292 oratorium
776 2239 882 2293 dicendi
909 2259 994 2312 genus
1021 2252 1083 2312 apte
1106 2239 1285 2294 includendae
1303 2240 1330 2293 iu
1348 2239 1387 2293 lo-

339 2348 429 2383 renses
446 2327 581 2381 orationes
603 2328 674 2381 etin
692 2330 836 2381 senatorias
854 2330 1012 2395 sententias,
1038 2339 1118 2400 atque
1146 2327 1287 2382 ineruditis
1312 2327 1386 2380 etiam

339 2416 491 2471 bominibus
510 2415 673 2487 probandae.
723 2416 758 2469 At
777 2417 832 2488 ipsa
851 2418 964 2471 tbesium
983 2417 1084 2483 forma,
1112 2435 1164 2487 qua
1180 2417 1255 2468 nudo
1275 2415 1322 2469 ista
1342 2431 1386 2484 po·

339 2504 488 2571 nuutur‘),
517 2523 566 2575 per
584 2523 659 2556 suam
677 2515 801 2556 naturam
822 2504 930 2575 propria
950 2516 988 2557 est
1006 2504 1116 2569 sobolis,
1142 2503 1228 2555 aliena
1245 2503 1279 2554 ab
1300 2512 1386 2554 orato·

338 2594 379 2646 rio
397 2611 511 2664 genere,
535 2591 568 2644 ad
588 2592 660 2664 quod
681 2589 774 2644 Ostsed
793 2594 819 2645 in
839 2592 891 2647 boc
906 2592 995 2646 libello
1018 2591 1114 2645 Cicero
1133 2591 1264 2644 transfert.
1309 2589 1384 2656 „lam

338 2700 412 2746 „uno
431 2679 494 2732 mibi
514 2691 621 2745 tenore,
640 2679 728 2752 inquit
746 2679 991 2751 Morgensternius,
1015 2680 1074 2751 lege
1092 2690 1177 2734 totum
1197 2678 1337 2732 Ciceronis
1353 2676 1385 2729 li-

337 2767 471 2835 „bcllum‚
490 2767 575 2821 missis
592 2767 759 2838 singulorum
779 2768 981 2822 Paradosorum
999 2768 1081 2822 titulis
1100 2779 1126 2820 et
1144 2767 1254 2821 Graecis
1271 2779 1298 2820 et
1316 2765 1384 2818 Lati-

335 2857 404 2922 „nis
446 2855 550 2909 Senties
570 2858 718 2909 oratorium
737 2855 818 2923 illud,
838 2856 911 2928 quod
930 2855 1036 2909 Tullius
1052 2857 1227 2928 sequebatur,
1246 2853 1384 2907 artificium

335 2953 479 3010 „auctum,
498 2960 648 3012 nexumque
667 2943 838 3011 continuum,
857 2943 968 3015 singulis
986 2943 1102 2997 thesibus
1120 2962 1176 2995 uon
1193 2942 1386 3013 interruptum:

335 3047 411 3100 „non
431 3027 517 3080 multo
536 3027 621 3098 magis
637 3039 709 3082 certe
727 3028 903 3095 desiderabis,
929 3049 1009 3103 quam
1035 3033 1063 3084 in
1090 3050 1214 3084 sermone
1231 3029 1385 3101 Damasippi

335 3114 427 3187 „apud
445 3113 585 3167 Horatium
596 3114 647 3182 ”),
664 3115 710 3169 ubi
730 3117 815 3170 oratio
834 3119 867 3171 ab
884 3118 938 3172 alio
957 3119 1141 3190 disputationis
1159 3118 1246 3189 capite
1264 3119 1298 3172 ad
1318 3117 1385 3172 aliud

334 3213 554 3272 „transcurrens,
575 3202 654 3256 etiam
672 3205 734 3256 satis
750 3224 828 3276 saepe
846 3215 885 3259 est
902 3205 1043 3279 abrupta.“

407 3291 437 3342 lu
459 3289 593 3361 plerisque
616 3289 679 3343 milri
700 3293 808 3363 quidem
833 3313 925 3347 verum
953 3295 1045 3348 vidisse
1061 3295 1129 3348 visus
1148 3306 1186 3348 est
1207 3293 1246 3345 rir
1265 3293 1383 3348 doctissi-

335 3396 407 3430 mus:
431 3378 459 3430 in
487 3376 537 3431 bac
560 3397 622 3430 sero
647 3379 679 3432 de
702 3380 923 3452 inscriptionibus
941 3382 1134 3454 disputatione,
1162 3382 1283 3454 quamvis
1309 3393 1383 3435 acuta

332 3466 376 3520 illa
397 3477 423 3520 et
440 3466 534 3533 docta,
554 3466 582 3519 in
601 3478 683 3521 totam
704 3479 776 3522 certe
794 3470 850 3522 eius
871 3471 1028 3525 sententiam
1048 3471 1160 3542 pedibus
1183 3471 1222 3522 ire
1247 3489 1304 3523 non
1323 3488 1384 3541 pos-

283 3577 289 3584 ·
333 3573 400 3607 sum.
436 3554 533 3608 Libens
559 3556 658 3609 accedo
677 3557 710 3622 ei,
729 3557 849 3611 Latinam
870 3558 1037 3612 Graecorum
1055 3559 1255 3612 Paradosorum
1274 3575 1385 3613 conver-

333 3643 434 3695 sionem
454 3642 551 3694 dicenti
577 3662 631 3696 non
657 3642 738 3695 rideri
763 3663 778 3696 a
804 3643 936 3699 Cicerone
959 3646 1097 3700 adiectam.
1144 3645 1243 3700 Brutus
1270 3656 1341 3699 certe
1359 3653 1385 3695 et

334 3729 489 3799 quicunque
514 3727 595 3780 homo
617 3731 755 3789 Romanus
774 3730 892 3784 lecturus
915 3729 972 3787 erat
994 3734 1067 3787 bunc
1093 3735 1227 3801 libellum,
1255 3753 1312 3787 non
1340 3731 1383 3786 tali

333 3814 427 3885 egebat
445 3814 549 3867 auxilio.
587 3815 648 3868 Non
666 3817 746 3870 fuisse
765 3819 866 3874 additas
884 3841 898 3874 a
916 3820 1048 3877 Cicerone
1064 3822 1252 3894 inscriptiones
1269 3821 1384 3884 Latinas,

333 3920 417 3973 quum
436 3921 465 3954 es
491 3921 582 3954 earum
609 3905 724 3957 absentia
752 3907 790 3958 sel
820 3908 976 3977 omissione,
1004 3923 1059 3964 tum
1086 3931 1114 3963 ex
1142 3929 1236 3964 earum
1260 3910 1384 3963 varietate

333 3999 405 4044 recte
428 3990 580 4061 suspiceris:
610 3992 722 4045 eandem
750 4013 811 4048 sero
839 3998 1018 4068 suspicionem
1045 4017 1100 4050 non
1126 3996 1235 4069 probari
1261 3998 1383 4068 possein

331 4077 459 4146 Graecis,
478 4088 506 4131 ut
519 4078 605 4145 dicas,
631 4079 750 4134 Graecae
770 4086 841 4154 quod
861 4085 889 4138 in
909 4085 997 4138 multis
1016 4085 1090 4138 libris
1108 4085 1202 4138 desunt
1220 4105 1234 4136 a
1249 4084 1383 4137 Cicerone

337 4217 544 4228 ———--—----

384 4297 426 4376 J)
445 4299 562 4371 Respicit
579 4303 612 4355 ad
633 4305 711 4357 verba
729 4305 824 4357 Parad.
845 4305 887 4368 ΙΙΙ,
907 4310 939 4355 2:
966 4303 1049 4355 Nuda
1067 4303 1123 4355 isto
1142 4305 1166 4355 si
1183 4321 1284 4374 ponas,
1309 4302 1382 4354 iudi-

332 4370 516 4504 eun;*prrplia
530 4373 606 4455 sint.
622 4393 675 4425 non
687 4375 778 4446 facile
794 4384 919 4444 possunt.

466 4439 577 4512 ntellrgtt
595 4443 685 4498 Horat.
705 4444 792 4498 Serm.
811 4445 842 4510 ΙΙ,
862 4447 888 4498 3.
