3450 5342
407 635 456 711 48
737 656 912 705 rnsnoxa
939 654 1133 704 aroiuonuu.

407 842 467 875 mo:
494 837 564 893 quas
580 817 711 871 matis
728 817 824 870 nentis
841 816 948 868 incluso
965 834 1013 867 asc
1032 813 1189 867 awrtolium
1206 831 1253 866 nec
1273 812 1387 866 &orum
1405 833 1457 867 ηια-

406 908 485 962 nibus
501 906 666 978 labefactari
684 904 787 976 queunt
804 914 832 956 st
850 913 884 955 at
902 902 1072 956 monentibus
1094 913 1204 972 praesto
1230 913 1315 966 sunt,
1342 903 1388 953 ito
1408 904 1455 973 fu-

405 999 509 1070 gientcs
526 1014 579 1048 non
594 995 728 1047 dentum.
746 1023 782 1034 -
813 992 856 1046 Ad
874 1013 898 1044 v.
916 992 1057 1061 utopinm·
1075 991 1149 1045 Fre.
1168 990 1327 1062 Sylviusz
1355 991 1454 1058 „Nectit

407 1096 480 1140 certo
500 1083 606 1148 Cicero,
624 1101 660 1135 an
678 1081 846 1146 fueritllias,
865 1079 918 1151 qui
935 1078 964 1132 id
981 1078 1157 1149 responderit.
1192 1078 1334 1148 Diogenes
1353 1077 1452 1149 quiden

406 1173 527 1228 baeatus
544 1172 614 1225 libro
631 1173 652 1224 l.
671 1170 711 1242 (p.
723 1174 757 1224 at
776 1190 815 1242 sq.
834 1169 886 1223 Ed.
905 1166 1001 1221 Colon.
1020 1169 1115 1234 1515.)
1131 1166 1223 1220 scribit
1239 1165 1371 1231 Prienen,
1393 1165 1454 1218 Tbe-

406 1264 541 1316 banorum
561 1257 705 1324 coloniam,
725 1277 809 1329 quarn
824 1277 840 1310 a
858 1275 921 1327 rege
940 1255 1063 1327 Halyatte
1082 1255 1258 1320 obsideretur,
1277 1254 1382 1309 Biantis
1396 1274 1453 1308 cou-

407 1348 465 1402 silio
483 1347 622 1400 liberatam
641 1345 742 1399 luisset·
766 1343 906 1398 Ciceronis
925 1362 991 1396 asro
1015 1344 1175 1398 senoentiam
1193 1342 1254 1397 Val.
1273 1343 1346 1397 Max.
1364 1361 1451 1416 sequu-

407 1448 450 1490 tus
467 1436 542 1488 estt‘.
569 1434 661 1488 Reiert
678 1434 752 1487 idern
767 1432 871 1487 Seneca
888 1431 923 1485 de
940 1430 1092 1502 Tranquill.
1112 1430 1202 1486 Animi
1221 1430 1254 1495 ll,
1274 1434 1299 1485 5.
1326 1431 1410 1496 (sire,
1430 1438 1452 1481 ut

408 1524 472 1576 item
490 1523 588 1579 dicitur
604 1521 649 1576 bic
665 1521 742 1590 liber,
760 1522 795 1575 de
811 1520 976 1576 Constantia·
986 1519 1149 1591 Sapientis):
1168 1519 1214 1572 sed
1227 1517 1267 1571 ibi
1279 1517 1399 1591 Stilponi
1414 1516 1451 1570 tri-

407 1611 578 1665 buitur-taso
595 1611 739 1677 mutantia,
756 1628 817 1663 non·
831 1609 983 1664 Bianrt.-
1006 1607 1110 1678 „Quod
1129 1605 1227 1660 Cicero
1245 1605 1344 1660 addita
1355 1617 1389 1657 ut
1405 1606 1451 1674 opi·

406 1720 463 1763 aar,
481 1700 507 1752 id
527 1718 560 1753 eo
579 1699 681 1767 factum
699 1699 811 1764 ridetur,
832 1697 906 1768 qnod
924 1697 997 1750 idern
1014 1697 1116 1750 sactum
1135 1694 1179 1748 alii
1198 1694 1324 1747 tribuunt
1334 1691 1449 1764 Stilpoui,

407 1788 564 1860 pbilosopbo
582 1787 728 1858 Megarico,
743 1785 798 1857 :qui
817 1784 903 1856 patria
920 1783 1104 1855 sna'Msgaris
1121 1802 1137 1835 a
1154 1781 1294 1837 Demetrio
1308 1779 1449 1835 Poliorceta

407 1889 570 1949 expugnata,
595 1875 666 1929 idem
685 1875 792 1938 lecerit,
816 1885 849 1927 ut
866 1885 905 1926 est
923 1873 995 1945 apud
1011 1870 1188 1926 Plutarchum
1205 1869 1233 1922 in
1249 1869 1312 1922 Vita
1331 1865 1450 1922 Demetrii

406 1965 478 2018 etin
497 1964 566 2016 libro
583 1963 618 2015 de
636 1961 803 2017 Educatione
820 1960 982 2013 Puerorum.
1026 1960 1088 2014 Fuit
1113 1970 1204 2014 autern
1224 1958 1326 2026 Priene
1354 1976 1406 2010 una
1428 1974 1450 2007 ex

407 2051 551 2103 duodecim
569 2050 681 2104 urbibus
701 2048 807 2113 loniae,
835 2058 995 2120 quamtum
1014 2058 1209 2120 expugnaverat
1226 2045 1349 2118 Alyattes
1364 2045 1450 2116 Lydiae

407 2141 480 2190 renl‘
501 2139 696 2210 Wyttenb.¹
718 2137 800 2205 Quod
819 2149 908 2190 autern
920 2137 1009 2190 'rerba
1027 2149 1059 2189 ut
1070 2139 1171 2206 opinor
1188 2136 1223 2188 ita
1242 2134 1357 2205 explicat
1374 2131 1450 2186 11ῦώ-

406 2225 483 2295 ling„
500 2225 576 2296 quasi
595 2224 743 2278 Cicero-de
763 2245 796 2278 eo
815 2225 990 2292 dubitaverit,
1000 2236 1091 2279 utrum
1110 2224 1171 2277 Bias
1189 2224 1215 2276 in
1234 2233 1338 2294 septem
1357 2221 1450 2293 sapien·
1489 2281 1492 2289 1

408 2312 478 2365 tibur
496 2313 683 2366 numerandus
698 2314 739 2380 sit,
757 2333 809 2368 nec
826 2333 871 2380 ne,
888 2314 916 2366 id
934 2323 991 2367 tucn
1011 2312 1120 2385 quidem
1139 2310 1250 2382 intelligi
1266 2311 1307 2364 sic
1326 2304 1450 2379 possetsl

408 2401 436 2453 in
454 2400 529 2454 libris
547 2414 628 2466 esset,
654 2413 741 2457 utest
759 2403 788 2455 in
807 2401 857 2456 Ox.
876 2402 978 2474 liqui,
1002 2412 1035 2453 ut
1054 2405 1146 2470 opinor
1165 2428 1207 2453 -.
1241 2398 1297 2452 Sed
1315 2399 1349 2452 de
1368 2398 1450 2451 Biante

408 2507 463 2541 non
482 2488 635 2560 ambigitur,
653 2491 698 2543 sed
718 2491 751 2542 de
769 2489 918 2543 Periandro
938 2502 963 2544 et
981 2491 1104 2562 Mysone,
1124 2507 1241 2560 quorum
1261 2488 1308 2561 qui
1328 2482 1450 2541 nnumin

408 2589 508 2648 septem
529 2589 685 2644 numerant,
708 2579 822 2632 alterurn
841 2577 978 2630 omittunt.
1022 2576 1082 2629 Vid.
1098 2577 1119 2630 l.
1136 2577 1166 2629 F.
1185 2575 1318 2629 Buddei
1341 2575 1449 2629 Dissertt.

406 2675 479 2732 acto,
498 2685 567 2737 quae
585 2665 919 2737 inscribuntur-:Sapientia
931 2667 1061 2719 Veterum
1078 2663 1104 2719 b.
1116 2684 1139 2717 e.
1157 2663 1236 2717 Dicta
1252 2675 1356 2734 septem
1375 2662 1449 2716 Grae·

408 2751 465 2806 ciae
480 2756 638 2826 sapientum.
655 2755 753 2822 Halae,
773 2758 859 2809 162⁹:
883 2774 1000 2827 quarunt
1018 2753 1094 2808 tertia
1113 2751 1204 2807 est-de
1220 2751 1334 2818 Riante,
1350 2749 1449 2822 septima

407 2841 441 2896 de
459 2842 608 2911 Periandro
624 2846 653 2897 'et
670 2843 793 2914 Myrone.
828 2843 909 2897 ΜΓ..
933 2878 937 2883 -

478 2932 533 3001 Qui
550 2941 709 2982 numeratur
725 2932 760 2981 in
777 2930 907 2999 sepem]
933 2929 1011 2983 Unus
1029 2941 1133 2984 tanturn
1152 2927 1219 2983 Cod.
1238 2928 1301 2982 Aldi
1319 2929 1395 2982 Man.
1410 2927 1449 2980 ba·

407 3017 489 3069 bebat
512 3017 547 3067 in
572 3028 687 3085 septena,
711 3017 808 3089 reliqui
826 3036 921 3071 ornnes
937 3017 1008 3071 inter
1025 3029 1138 3088 septem:
1166 3017 1211 3069 sed
1228 3016 1355 3070 lababat
1373 3012 1448 3070 Ost

408 3123 471 3159 cum
489 3102 562 3155 Gud.
581 3103 614 3155 A.
633 3103 728 3157 Duisb.
746 3104 852 3159 Suerin.
871 3106 929 3159 Bas.
950 3105 999 3159 Ed.
1018 3117 1067 3160 ret.
1086 3126 1127 3177 ap.
1141 3105 1228 3159 Meus.
1242 3105 1323 3158 lldlb.
1337 3126 1357 3159 s.
1369 3106 1419 3158 let
1431 3121 1448 3154 a.

408 3192 479 3244 Vict.
502 3191 573 3244 Rob.
596 3190 689 3264 Stepb.
714 3202 740 3246 et
764 3192 905 3265 Cubsng.
922 3232 924 3239 ·
941 3194 979 3247 lta
998 3195 1069 3247 enirn
1088 3191 1270 3246 H.Woll1usz
1294 3197 1346 3258 „In
1363 3201 1449 3263 septen

408 3277 440 3332 C.
457 3278 589 3350 bangius,
618 3290 647 3334 ut
666 3282 699 3334 sit
716 3281 901 3351 Graecismus,
929 3286 955 3335 ἓν
971 3295 1028 3341 τοῖς
1045 3280 1112 3334 iord
1129 3282 1168 3334 rel
1189 3276 1274 3332 ἑτῶν
1291 3281 1366 3336 ἑπτά.
1407 3275 1448 3332 blii

407 3367 520 3437 [etipse
537 3366 569 3419 ll.
588 3368 685 3437 Wolt]
704 3371 776 3422 inter
793 3382 909 3442 septem,
926 3370 971 3425 alii
990 3373 1061 3424 inter
1079 3381 1178 3440 septem
1196 3370 1349 3438 sapientes:
1366 3380 1393 3422 et
1408 3384 1448 3438 pro

407 3465 567 3506 numeratur
583 3455 628 3508 alii
646 3470 835 3512 enumcrare
863 3460 936 3533 quod
960 3459 1133 3530 depravatum
1151 3457 1270 3511 iudico.“
1288 3458 1372 3512 -Posi
1386 3455 1448 3508 Gru-

333 3551 338 3562 ‘
407 3552 494 3595 terum
513 3561 607 3597 omnes
624 3544 662 3599 in.
698 3545 752 3600 Sed
770 3559 944 3600 eriumrctcr
961 3549 1061 3601 babent
1078 3547 1147 3598 Edd.
1168 3556 1227 3598 vett.
1245 3544 1361 3612 multae,
1384 3555 1448 3598 uter

407 3629 503 3683 uostris
521 3631 603 3694 Paris»
621 3634 702 3686 15⁰7.
721 3633 787 3705 Arg.
805 3639 884 3690 1515.
902 3634 987 3708 bugd.
1008 3640 1086 3690 1515.
1104 3636 1166 3688 Par.
1186 3635 1267 3688 1512.
1287 3634 1376 3686 Venn.
1391 3633 1448 3686 14⁹2

407 3718 532 3768 arata
568 3717 623 3771 Sed
642 3730 714 3773 recte
725 3719 915 3777 Graevius:
937 3725 994 3791 „Ex
1012 3723 1159 3777 Pitboeano
1177 3719 1246 3774 Cod.
1266 3721 1391 3793 rescripsi
1403 3720 1450 3774 sint

406 3800 579 3855 metatione
604 3808 652 3874 qai
677 3822 887 3865 numeratur
908 3812 941 3865 -in
959 3824 1068 3884 septem.
1104 3811 1172 3864 Nam
1189 3828 1347 3863 enumerare
1364 3811 1393 3863 ln
1408 3807 1450 3862 bn

407 3906 485 3941 sensu
511 3909 567 3943 non
591 3891 709 3948 invenies
730 3897 803 3967 apud
821 3899 906 3952 ullum
925 3901 1015 3954 bonae
1033 3912 1111 3953 notae
1130 3898 1276 3968 aetatisque
1290 3898 1449 3969 scriptorem,

408 3975 454 4026 sed
471 3995 611 4033 numerare
630 4001 680 4053 pro
698 3984 850 4054 aestiina're,
871 3987 981 4056 babere,
1000 3989 1104 4042 millies.
1139 3985 1196 4041 Cio.
1216 3986 1237 4039 1.
1255 3985 1289 4038 ad
1307 3985 1449 4040 fanumst:

406 4065 657 4135 Itaqusrotainm
676 4074 829 4142 sapientum
847 4076 961 4141 civium,
986 4077 1151 4148 quolam-me
1168 4085 1271 4126 eterra
1294 4084 1324 4125 et
1349 4086 1449 4126 nurse·

409 4154 486 4204 '⁰²5
511 4155 586 4214 ⁹⁶10,
604 4185 648 4199 -·
663 4162 799 4213 sententio
818 4190 851 4205 -
871 4173 981 4215 mutata
998 4181 1055 4217 esse
1074 4163 1169 4224 deba,-
1197 4161 1234 4214 ib.
1253 4161 1314 4228 Xll,
1334 4165 1368 4213 2:
1397 4156 1449 4211 reli·

406 4259 480 4310 quot,
498 4271 530 4283 ·-
548 4244 654 4313 ignosce
672 4247 744 4312 mihi,
763 4249 788 4300 si
805 4268 858 4303 noa
876 4269 1013 4302 numero
1031 4251 1204 4310 consularem
1224 4249 1284 4314 Vll,
1299 4250 1332 4300 12
1350 4265 1390 4299 me
1407 4261 1451 4295 ou·

406 4336 459 4378 tem
478 4340 591 4401 uterque
609 4344 733 4387 numerat
749 4341 857 4390 'sacrif‘
901 4335 1029 4390 Ceterum
1054 4350 1104 4408 'pro
1126 4345 1287 4390 numeratur
1313 4345 1353 4389 est
1377 4327 1451 4386 nomi·

406 4424 490 4466 natur
512 4417 540 4469 in
561 4415 646 4472 codd.
666 4417 725 4475 Cra.
746 4427 772 4477 1.
790 4435 816 4479 et
833 4423 913 4480 Drsd.
930 4429 955 4480 5.
997 4427 1061 4482 Post
1078 4420 1308 4496 septem-additur
1325 4422 1451 4492 sapenos
