3450 5342
343 659 418 735 328
751 679 917 729 excussus
946 681 982 726 u.

342 863 434 915 saepe,
462 854 518 897 tum
540 859 601 894 vero
620 839 747 904 manime,
773 837 882 910 quando
906 855 1046 908 personam
1074 837 1257 895 iureconsulti
1283 843 1392 896 sustines.

341 930 422 985 Unde
437 930 520 996 illud,
540 947 656 1000 quaeso,
674 927 702 979 in
720 926 834 998 Topicis
852 925 1016 997 exemplum:
1038 925 1157 990 Mulier,
1177 928 1224 978 cni
1243 930 1288 980 vir
1307 928 1394 982 bono-

341 1038 412 1072 rum
428 1016 619 1088 possessionem
639 1014 752 1085 legavit,
771 1014 839 1069 etc?
858 1013 999 1085 Usurpant
1016 1011 1068 1066 hoc
1086 1029 1190 1067 nomen
1209 1034 1307 1069 sacrae
1325 1017 1391 1070 etiarn

341 1107 452 1161 litterae.
498 1102 545 1156 Sic
569 1101 640 1156 enim
665 1101 737 1155 dives
763 1102 835 1172 apud
855 1101 955 1155 Lucam
975 1104 1019 1168 ta,
1039 1103 1083 1154 tt.
1115 1101 1193 1156 dicit:
1222 1102 1316 1172 ψυχή,
1339 1105 1392 1168 lyrae

341 1190 429 1248 noller*
446 1186 562 1257 ἀγαθὰ
580 1196 681 1251 κείμενα
699 1193 735 1249 εἰς
753 1191 799 1260 lep
817 1186 909 1242 notet.
927 1188 977 1242 uisi
1002 1206 1052 1258 pro
1069 1187 1172 1241 decoro
1198 1209 1334 1260 personae
1350 1191 1391 1242 hoe

341 1284 442 1337 dictum
461 1277 607 1348 putaverise
626 1277 673 1330 Est
691 1287 781 1332 tamen
801 1298 894 1332 rursus
914 1274 986 1353 apud
1005 1275 1236 1341 eundemtttat:
1257 1279 1390 1347 μνήσθητι,

341 1389 382 1421 οτι
399 1364 525 1429 ἀπέλαβες
543 1363 577 1415 roi
596 1360 615 1416 α’
620 1364 715 1429 rodei
730 1382 785 1421 σου,
823 1363 876 1417 Sed
896 1364 961 1435 quid
980 1363 1081 1417 misceo
1094 1382 1170 1417 sacra
1192 1366 1335 1437 profanis?
1350 1365 1389 1418 Al-

341 1455 436 1509 cinous
453 1460 577 1515 testatur,
602 1449 690 1521 ipsum
711 1451 853 1506 Platonem
879 1450 946 1504 haec
970 1450 1038 1503 bono
1056 1449 1228 1519 nominasse,
1259 1452 1307 1505 sed
1331 1451 1387 1504 bono

342 1539 477 1594 mortalia.
513 1537 625 1591 invaluit
642 1538 732 1610 itaque
750 1540 779 1592 in
804 1540 885 1592 rebus
903 1538 1061 1592 monialibus
1083 1539 1333 1610 Peripateticorum
1354 1538 1387 1591 lo·

342 1625 441 1699 quendi
459 1624 542 1690 ratio,
561 1643 590 1676 ex
610 1623 680 1695 vulgi
702 1626 831 1678 nimirum
850 1644 956 1680 errore:
980 1644 1061 1696 quem
1080 1638 1227 1698 postquam
1248 1628 1330 1681 semel
1345 1628 1385 1680 oh·

340 1713 432 1779 tinuit,
461 1710 612 1783 philosophi
630 1711 756 1783 deinceps
781 1713 925 1766 emendare
950 1713 1131 1784 nequicquam
1158 1703 1276 1768 fuerunt
1301 1713 1384 1777 conati,

340 1813 379 1856 tot
397 1802 516 1855 videlicet
546 1799 722 1873 opinionibus
748 1801 818 1854 inter
847 1820 875 1854 se
899 1800 1081 1854 dissentientes
1105 1820 1157 1854 nec
1185 1802 1236 1854 sibi
1263 1803 1325 1873 ipsis
1346 1819 1384 1870 per

339 1889 430 1942 omnia
449 1897 608 1943 constantes.
644 1886 776 1958 suggillat
794 1901 885 1942 autem
904 1901 1063 1960 personatus
1076 1888 1183 1942 Stoicus
1203 1889 1383 1960 Peripatetico·

339 1994 399 2026 rum
418 1965 589 2042 divisionem,
610 1974 660 2046 ,qui
688 1973 756 2027 bono
781 1975 809 2032 iu
828 1975 878 2029 tria
903 1993 1002 2047 genera
1026 1976 1161 2043 dividunt,
1190 1988 1221 2030 ut
1251 1976 1302 2030 alia
1327 1975 1382 2028 bono

339 2061 391 2115 sint
408 2063 505 2126 animi,
523 2062 574 2116 alia
591 2062 722 2131 corporis,
741 2062 792 2116 alia
806 2064 959 2134 fortunae,
988 2084 1056 2136 quae
1075 2064 1169 2118 divisio
1189 2065 1265 2136 apud
1285 2064 1380 2133 Peripa·

297 2149 300 2152 ’
338 2148 479 2202 teticorum
499 2149 650 2222 principem
667 2160 747 2204 exstat
764 2149 835 2203 libro
853 2151 1011 2205 Ethicorum
1030 2153 1135 2222 primo:

577 2272 685 2334 luade,
704 2270 798 2324 οἷον
774 2295 797 2325 οι
816 2276 900 2340 φίλοι,
921 2281 964 2328 και
982 2297 998 2345 t
1017 2277 1065 2345 τῆς
1082 2278 1215 2346 πατρίδος
1233 2275 1378 2338 εὐδαιμονία,

340 2333 456 2401 α’γαθᾶ
474 2343 552 2410 τριχῆ
578 2347 622 2393 καὶ
640 2367 653 2394 ο
646 2339 792 2432 uloirpc.

339 2413 552 2494 sertaqulemle·
613 2472 616 2480 Ι
663 2412 789 2506 puppe,
806 2432 847 2466 τα
860 2419 906 2478 μὶν
925 2417 1073 2506 κυριώτατα
1091 2414 1274 2478 salsedinem
1293 2412 1378 2482 α’γαθᾰ,

341 2477 435 2542 γόμενα
455 2483 484 2534 δὲ
510 2478 558 2534 roi
580 2523 639 2571 m,
664 2481 716 2537 οἷον
734 2507 751 2554 η
769 2489 815 2548 ptr
832 2487 1051 2576 δικαιοσύνη,
1070 2485 1150 2556 sulp

437 2572 439 2576 ·
664 2555 845 2650 φρόνησις,
872 2555 952 2609 noil‘
935 2579 950 2627 η
957 2556 1126 2644 *ἀνδρείῳ
1152 2563 1198 2611 καὶ
1224 2581 1241 2627 η
1271 2577 1377 2628 cuppo-

612 2636 630 2648 “’
665 2623 760 2696 σύνη,
779 2633 824 2679 uni
841 2626 876 2679 rei
894 2631 1013 2682 τοιαῦτα.

664 2700 813 2783 εἶῶμαμ
800 2695 851 2749 0er
824 2697 907 2750 oero'
931 2697 1037 2761 κάλλος,
1066 2705 1110 2750 καὶ
1135 2695 1152 2768 ἡ
1183 2697 1282 2765 εὐεξία,
1307 2693 1378 2764 solii

664 2763 751 2833 dyeia,
770 2774 815 2820 καὶ
832 2767 850 2838 ἦ
868 2771 950 2835 ἰσχύς.

409 2885 441 2938 Et
459 2888 621 2939 Aristoteles
646 2889 755 2959 quidem
775 2890 844 2944 hanc
870 2892 1000 2944 diaeresin
1021 2890 1053 2944 ad
1072 2891 1217 2946 Platonem
1245 2907 1377 2957 auctorem,

338 2970 357 3020 si
376 2970 480 3025 La‘e'rtio
499 2973 647 3040 credimus,
666 2976 756 3029 relert.
793 2978 852 3031 Alia
871 2980 1006 3032 bonorum
1025 2979 1118 3032 divisio
1138 2992 1177 3035 est
1197 2985 1271 3055 apud
1282 2984 1377 3038 Stoicos.

338 3057 491 3127 Appingam
510 3069 537 3111 et
560 3059 644 3130 ipsam
664 3081 693 3113 ex
718 3064 836 3119 melioris
855 3078 934 3121 notae
952 3067 1122 3132 auctoribus,
1151 3067 1288 3124 Cicerone
1313 3070 1376 3124 nimi-

339 3159 414 3205 rum,
443 3142 475 3195 A.
495 3142 583 3197 Gellio
603 3158 629 3200 et
646 3147 770 3220 Diogene
788 3152 908 3207 Laertio:
937 3154 1040 3208 missam
1070 3156 1174 3210 interea
1206 3160 1308 3214 faciens
1324 3178 1376 3221 eam,

339 3247 407 3299 quae
425 3248 439 3281 a
458 3227 554 3285 Stoicis
571 3253 600 3285 ex
618 3233 758 3292 Diametro
783 3240 967 3313 Peripateticis
994 3243 1164 3315 opponitur,
1192 3267 1247 3319 qua
1274 3247 1376 3301 dividunt

337 3311 371 3364 rei
389 3312 481 3381 ἀγαθά
499 3321 543 3378 εἷς
552 3317 586 3372 rei
604 3320 672 3375 envoi
690 3324 790 3396 ψυχήν,
811 3335 854 3381 καὶ
873 3334 908 3390 εἰς
926 3324 959 3383 tsi
978 3327 1064 3397 ἓκτδς,
1084 3336 1129 3384 καὶ
1149 3337 1186 3393 εἰς
1205 3357 1241 3388 τα
1260 3335 1317 3389 οὔτε
1333 3337 1378 3402 περὶ

336 3403 435 3473 ψυχήν,
453 3403 512 3461 oiire
530 3411 616 3470 ἓκτόςε
642 3412 687 3465 sed
713 3415 925 3484 generaliorem,
953 3436 1005 3490 qua
1036 3438 1078 3471 res
1100 3421 1247 3478 universae
1272 3424 1377 3482 intona,

337 3494 408 3542 inula
428 3506 453 3548 et
471 3497 655 3566 indifferentia
675 3500 841 3557 dividuntur:
