3450 5342
608 705 804 757 ratsuoxon
827 707 871 753 ιν.
899 706 968 755 cer.
985 707 1019 753 n.
1263 688 1334 763 193

280 874 350 944 pisse
369 870 501 935 affirmat,
522 889 556 922 ne
574 868 678 923 amicos
692 887 754 921 suos
774 886 823 937 pro
842 866 900 937 ipso
920 866 1076 938 depugnare
1096 880 1201 940 paratos
1220 873 1247 925 in
1268 875 1333 929 vitae

279 959 425 1012 discrimen
436 957 589 1011 adduceret.
628 954 712 1010 Cuius
730 954 878 1011 sententiae
895 954 989 1026 plenae
1007 966 1069 1009 sunt
1088 957 1222 1012 orationes
1233 960 1289 1015 eius
1305 963 1333 1017 in

281 1047 421 1119 Pisonem,
441 1065 490 1118 pro
512 1044 612 1108 Sestio,
631 1043 727 1097 aliae.“
747 1043 856 1115 Wytt.
896 1043 937 1097 Ad
957 1063 1014 1097 rem
1032 1043 1110 1099 docta
1130 1055 1169 1099 est
1187 1046 1263 1117 Xysti
1284 1050 1336 1103 Be·

281 1132 353 1186 tuleii
371 1134 527 1199 annotatio,
547 1151 629 1204 quam
648 1131 801 1187 exhibemus
820 1131 848 1187 in
868 1131 986 1187 Excursu
1005 1130 1050 1184 IX.
1087 1131 1146 1185 Mr.

353 1240 437 1273 meum
462 1222 534 1273 illud
559 1223 612 1275 iter
635 1219 667 1273 ob
682 1218 918 1289 praeclarissimos
945 1238 987 1272 res
1012 1239 1029 1272 a
1057 1239 1097 1273 me
1120 1224 1225 1290 gestus]
1252 1220 1337 1278 codd.

284 1307 350 1360 01¹.
359 1308 378 1361 l.
387 1329 414 1376 η.
433 1328 590 1382 meumque
608 1309 680 1361 illud
696 1309 756 1361 iter.
791 1307 845 1363 Pro
859 1307 890 1359 ob
908 1320 946 1363 est
964 1309 1002 1361 ad
1018 1309 1046 1363 in
1057 1306 1143 1362 codd.
1154 1307 1221 1364 On.
1233 1309 1263 1365 Ε.
1274 1311 1292 1365 l.
1306 1331 1335 1374 ψ.

283 1400 344 1455 Cra.
362 1400 387 1452 3.
407 1403 431 1450 2.
454 1396 526 1453 Gud.
555 1396 604 1463 B.3
633 1396 747 1468 glossam
780 1407 891 1465 propter
917 1396 1017 1451 habent
1048 1396 1128 1451 Drsd.
1147 1401 1172 1451 4.
1194 1401 1220 1452 5.
1245 1398 1336 1471 Pergit

284 1482 343 1537 Cra.
362 1486 585 1545 t.olarr'ssimas,·
614 1485 642 1539 in
668 1484 746 1537 Drsd.
764 1487 790 1539 5.
814 1495 853 1539 est
877 1484 949 1538 illud
971 1486 1024 1537 iter
1052 1484 1202 1555 loquare
1225 1498 1336 1556 propter

280 1572 499 1640 praeclaras
526 1590 543 1622 a
574 1591 613 1623 me
640 1582 734 1642 gestas
753 1592 803 1626 res.
853 1571 960 1626 Suerin.
988 1570 1019 1624 ol>
1044 1572 1276 1640 praeclarissimus·
1301 1586 1336 1627 et

283 1676 429 1730 magnos
456 1677 474 1709 a
502 1678 541 1711 me
565 1668 667 1728 gestos.
715 1658 770 1713 Pro
797 1677 814 1709 α
836 1677 882 1711 me
907 1670 1001 1730 gestas
1027 1659 1124 1731 legitur
1149 1678 1167 1710 a
1194 1680 1234 1713 me
1256 1673 1336 1714 onte

281 1758 377 1818 gestos
406 1746 434 1798 in
460 1744 525 1798 On.
554 1745 585 1797 E.
604 1748 623 1799 Ι.
643 1746 677 1799 U.
705 1766 730 1813 η.
750 1763 778 1806 ψ.
805 1744 864 1799 Cra.
882 1750 907 1801 1.
926 1749 952 1802 3.
977 1747 1056 1801 Drsd.
1075 1752 1101 1802 1.
1119 1752 1145 1801 ².
1161 1751 1186 1802 3.
1217 1761 1243 1802 et
1268 1749 1335 1803 Edu.

283 1843 344 1886 vett.
364 1832 459 1886 nostris
476 1844 538 1887 ante
557 1832 652 1896 Grut,
681 1844 787 1902 excepta
807 1834 842 1902 (si
862 1833 927 1889 fides
946 1833 1095 1903 collationi)
1114 1833 1163 1889 ud.
1183 1855 1226 1907 ap.
1251 1836 1335 1891 Meus.

283 1924 401 1992 itemque
427 1921 520 1975 Lamb.
545 1919 641 1975 Colon.
667 1920 777 1975 Lambb.
803 1919 884 1975 Goth.
911 1933 937 1979 et
962 1921 1035 1977 libris
1060 1921 1169 1987 Orellii‚
1199 1923 1246 1994 qui
1271 1923 1334 1979 illud

283 2020 348 2060 ‹mte
366 2009 553 2065 tantummodo
571 2029 600 2063 er
620 2008 687 2063 Edd.
708 2027 764 2079 prc.
782 2010 854 2065 Crat.
876 2010 943 2067 Viot.
962 2010 1054 2082 Magn.
1077 2023 1102 2067 et
1121 2011 1195 2067 tttan.
1212 2015 1335 2069 enotavit.

284 2098 314 2147 ln
335 2096 414 2149 Drsd.
427 2101 454 2151 4.
474 2107 534 2168 post
552 2116 593 2149 res
612 2096 739 2167 scripturn
768 2107 805 2150 est
830 2097 918 2150 urbice
940 2099 1004 2167 (sic)
1033 2119 1072 2153 me
1095 2119 1151 2153 esse
1173 2113 1334 2171 susceptum.

285 2181 356 2236 Gud.
378 2183 408 2237 B.
428 2183 507 2237 habet
525 2203 564 2236 ue
582 2203 622 2239 me
641 2204 692 2254 pro
711 2203 729 2235 α
748 2203 796 2237 ms·
832 2184 893 2238 Mr.

358 2272 390 2323 ob
405 2273 637 2341 praeclarissimas
656 2291 697 2325 res
716 2292 732 2322 n
753 2290 792 2323 nte
809 2275 913 2340 gestas]
961 2274 1010 2339 „ln
1039 2276 1214 2346 opprimenda
1240 2279 1336 2331 coniu-

286 2360 389 2411 ratione
408 2372 433 2413 et
451 2360 554 2414 civitate
572 2361 709 2414 servanda.
746 2360 814 2415 Nam
833 2373 944 2433 propter
963 2363 1115 2417 coniuratos
1140 2384 1198 2423 eos.
1223 2365 1256 2419 de
1275 2368 1336 2436 qui-

285 2449 336 2500 bus
355 2447 478 2501 ultimum
499 2449 661 2519 supplicium
685 2449 713 2503 in
732 2469 840 2505 carcere
858 2450 970 2521 sumpsit
996 2451 1106 2515 Cicero,
1135 2452 1208 2505 abire
1228 2465 1337 2507 coactus

284 2546 336 2599 est,
357 2534 429 2604 quod
450 2534 619 2591 indemnatos
636 2556 682 2589 eos
699 2537 779 2590 fuisse
798 2536 911 2592 Clodius
928 2539 1036 2592 diceret.
1080 2539 1133 2593 Eos
1156 2540 1229 2595 enim
1248 2561 1337 2612 popu-

283 2622 326 2675 lus
345 2622 481 2674 Romanus
501 2643 556 2674 non
576 2623 763 2692 damnaverat,
783 2627 861 2681 cuins
878 2627 979 2683 iniussu
1002 2646 1057 2681 non
1076 2626 1172 2683 licebat
1191 2627 1248 2698 lege
1259 2627 1337 2681 Sern-

285 2709 382 2781 pronia
401 2708 434 2760 de
453 2710 539 2780 capite
558 2712 744 2767 cirisllomani
763 2714 925 2786 supplicium
944 2718 1077 2769 sumere.“
1097 2715 1169 2769 Fre.
1190 2713 1336 2785 Sylvius.

283 2799 320 2864 „i.
340 2818 363 2849 e.
384 2816 467 2868 riuum
488 2810 597 2869 propter
616 2801 755 2855 extinctam
775 2803 988 2859 coniurationem
1008 2801 1189 2857 Catilinariam
1215 2802 1242 2855 in
1271 2802 1339 2854 inri-

285 2886 357 2939 dianr
377 2904 419 2937 me
438 2885 585 2941 adduxisset
604 2887 715 2944 Clodius
734 2891 852 2962 mihique
872 2891 977 2943 erilium
996 2890 1178 2961 irrogavisset,
1199 2890 1270 2961 quod
1288 2910 1338 2961 po-

286 2975 338 3027 tius
356 2974 533 3029 voluntarium
549 2976 599 3029 iter
616 2996 696 3048 quam
716 2978 821 3033 exilium
842 2979 986 3033 dicendum
1006 2982 1069 3031 est.“
1089 2977 1265 3047 Wyttenb.
1296 2979 1337 3031 01.

287 3082 337 3134 pro
355 3062 421 3116 [tab.
439 3068 464 3116 4.
503 3063 561 3117 Mr.

359 3154 454 3203 Omnes
478 3153 602 3205 scelerati
627 3165 711 3224 atque
736 3157 821 3222 impii]
867 3154 907 3207 Ad
936 3154 1099 3207 locutionem
1128 3153 1232 3207 confert
1257 3154 1338 3226 Borg.

286 3237 344 3292 cic.
360 3257 409 3308 pro
429 3237 495 3293 Sest.
515 3243 541 3306 4,
560 3243 585 3293 ll.
606 3260 656 3310 pro
675 3241 739 3311 lleg.
759 3242 848 3300 θεῖοι.
867 3245 894 3307 1,
914 3248 938 3297 2.
958 3242 1025 3297 Phil.
1045 3242 1088 3307 lll,
1107 3247 1133 3307 4,
1151 3246 1194 3307 9.,
1222 3262 1338 3313 quorum

286 3327 410 3381 locorum
428 3325 518 3396 primo
536 3327 640 3381 inverso
659 3328 754 3383 ordine
771 3329 922 3398 iunguntur
940 3329 1066 3383 adieetiva
1093 3330 1188 3396 (impia
1213 3339 1239 3378 et
1258 3330 1338 3381 arele-

286 3426 352 3467 rata
372 3418 483 3476 manu),
503 3415 530 3466 in
551 3412 661 3484 reliquis
679 3425 708 3467 ut
727 3426 826 3467 nostro.
863 3413 1031 3469 Substantira
1062 3414 1131 3467 iusta
1158 3413 1241 3484 posita
1260 3413 1340 3466 habes

286 3502 352 3555 item
373 3518 423 3569 pro
440 3499 529 3552 Deiot.
549 3503 575 3564 1,
595 3506 625 3555 Ἅι
653 3503 903 3555 cornnrendationem
920 3502 1038 3553 ineuntis
1057 3499 1159 3551 aetatis
1186 3499 1221 3548 ab
1248 3500 1339 3567 impie-

286 3599 347 3643 tate
366 3598 393 3637 et
410 3588 508 3639 scelere
529 3588 616 3639 duxit.
636 3619 667 3627 -
707 3588 773 3642 eod.
792 3587 899 3641 'Dresd
917 3592 945 3641 4.
971 3587 1067 3640 omittit
1094 3597 1140 3635 tu:
1168 3585 1237 3637 idern
1263 3583 1341 3637 habet

287 3686 315 3727 te
333 3674 427 3725 ducem
442 3674 581 3742 profiteris
604 3695 661 3729 esse
679 3696 741 3731 cum
761 3677 841 3731 Drsd.
861 3682 894 3742 25
921 3676 1001 3729 Drsd.
1021 3677 1045 3729 1.
1065 3685 1090 3726 et
1108 3676 1133 3728 3.
1161 3671 1259 3725 habent
1284 3691 1340 3724 esse

289 3774 319 3814 tu
339 3762 494 3831 profiteris5
515 3762 629 3818 Gudrl.
650 3776 676 3817 ts
695 3785 750 3817 esse
769 3766 869 3821 (lucem.
907 3763 957 3819 Or.
977 3784 1005 3816 er
1026 3762 1110 3816 Codd.
1127 3760 1187 3813 Bas.
1208 3772 1233 3813 et
1251 3758 1340 3812 Guelf.

290 3852 404 3907 enotavit
424 3852 516 3903 ducem
535 3855 696 3921 confiteris.
734 3853 793 3907 Mr.

363 3959 428 4011 quos
447 3940 518 4009 loges
535 3941 631 3993 exsilio
650 3942 723 4008 affici
743 3942 863 4007 volunt‚]
885 3940 995 4011 Legitur
1013 3940 1088 4007 offici
1106 3937 1199 3988 exsilio
1218 3939 1245 3989 in
1259 3935 1341 3988 Codtl·

291 4030 350 4082 Cra.
369 4032 395 4081 2.
414 4026 486 4081 Gud.
506 4028 537 4079 Α.
555 4028 635 4082 Drsd.
656 4032 697 4092 1.;
722 4031 806 4097 effici,
824 4028 922 4082 omisso
940 4028 1037 4092 exilio,
1068 4025 1133 4081 Cnd.
1153 4023 1225 4076 Gud.
1244 4021 1276 4074 A.
1295 4040 1342 4072 es·-

290 4115 363 4167 rulrs
374 4115 497 4185 siunt,
518 4134 568 4186 pro
587 4128 651 4169 sunt
661 4139 670 4177 ,·
691 4118 769 4173 Drsd.
782 4122 807 4172 5.
824 4118 878 4170 etsi
897 4135 946 4190 pro
965 4115 1081 4178 etiarnsi,
1098 4132 1147 4183 pro
1163 4130 1217 4182 quo
1231 4107 1343 4161 Gudn.

289 4202 369 4255 habet
387 4204 429 4262 sir
448 4203 477 4256 in
496 4203 575 4256 Drsd.
595 4209 620 4257 2.
638 4217 675 4259 est
694 4207 717 4256 ai
736 4206 821 4259 sulum
841 4208 933 4257 etium.
970 4203 1111 4256 Dederunt
1129 4197 1225 4250 deinde
1241 4193 1343 4248 Gerult·

290 4301 315 4343 et
334 4288 384 4343 Or.
402 4293 551 4356 mutarint,
570 4310 619 4362 pro
641 4291 747 4362 vulgato
765 4302 925 4345 enatarunt:
955 4291 1075 4361 quemuis
1102 4285 1165 4339 illud
1188 4280 1277 4335 nullus
1294 4281 1343 4335 ha—

289 4376 351 4429 lseat
369 4376 459 4431 codex.
496 4377 568 4448 Ego,
588 4398 648 4433 curn
669 4379 694 4431 h.
715 4380 730 4433 l.
750 4380 934 4435 coniunctinrs
965 4386 1096 4448 praestare
1123 4372 1255 4436 videatur,
1282 4371 1342 4424 dedi

289 4465 453 4515 titulaverint
474 4484 504 4517 ex
526 4464 610 4517 codd.
631 4471 686 4517 Cra.
710 4471 734 4520 1.
755 4470 779 4519 3.
800 4465 870 4519 Gud.
893 4466 923 4517 B.
945 4464 1009 4517 On.
1028 4463 1062 4515 U.
1081 4482 1106 4530 η.
1127 4479 1155 4522 ψ.
1175 4459 1254 4515 Drsd.
1274 4464 1299 4513 1.
1318 4464 1343 4513 5.

1070 4551 1114 4623 13
