3450 5342
340 660 411 734 118
670 681 841 730 rimport
870 681 1064 730 arorconuu.

336 857 400 911 stat,
420 844 552 915 scriptaue
570 840 622 894 sint
639 859 654 893 a
673 838 819 907 Cicerone,
838 859 873 892 an
892 841 925 893 ab
944 839 1050 912 aliquo,
1078 840 1122 894 cui
1139 839 1192 894 hoc
1209 840 1321 894 initium
1338 841 1386 894 Pa·

337 931 441 996 radosi,
459 941 490 983 ut
498 929 657 998 abruptum,
676 946 731 980 non
744 925 874 997 placeret:
893 928 1018 979 necenim
1027 938 1385 997 peccatotorumeventu-

278 1026 280 1033 '
338 1037 399 1074 cum
419 1035 474 1070 nou
493 1015 667 1086 intelligeret,
686 1034 715 1066 ex
736 1013 910 1084 inscriptione
928 1013 1031 1068 Graeca
1050 1027 1113 1086 apte
1124 1015 1252 1088 pendere.
1292 1015 1385 1088 Siquis

337 1120 425 1162 tamen
444 1124 473 1158 ea
492 1103 610 1174 recipiat,
631 1120 686 1155 non
706 1101 848 1173 pugnabo:
867 1101 949 1155 modo
968 1103 1041 1170 sciat,
1059 1103 1088 1156 io
1106 1103 1229 1176 quinque
1247 1102 1308 1157 aliis
1325 1102 1384 1155 meis

336 1192 477 1266 separatim
495 1209 550 1244 esse
567 1188 679 1259 scripta,
705 1199 739 1256 et,
764 1190 792 1242 in
812 1199 939 1261 quattuor
958 1190 1067 1261 quidem
1086 1210 1115 1243 ex
1139 1190 1275 1262 quinque,
1300 1190 1383 1243 minu·

336 1282 397 1337 tulis
415 1280 516 1334 litteris.
558 1276 642 1346 Quod
661 1274 745 1346 magis
763 1275 877 1348 glossam
896 1275 958 1331 olet.
1001 1277 1063 1331 vid.
1082 1277 1151 1331 Ptuc
1174 1277 1208 1330 de
1235 1278 1297 1331 virt.
1321 1296 1381 1330 mor.

335 1369 400 1422 lior.
417 1367 474 1420 Ser.
495 1366 541 1421 lib.
559 1367 584 1416 1.
604 1362 657 1417 tab.
677 1368 702 1415 2.
719 1363 791 1416 Pers.
810 1362 867 1416 Sat.
878 1365 924 1417 5.“
941 1363 1012 1418 Atd.
1030 1363 1117 1418 Man.
1152 1364 1297 1431 „Pendent
1313 1365 1383 1419 rerba

338 1459 393 1508 Neo
412 1455 481 1506 enim
493 1461 607 1522 peccota
625 1451 658 1504 ab
672 1449 861 1522 inscriptione:
886 1447 927 1503 irs
948 1454 993 1504 ἴσα
1016 1449 1052 1503 roi
1073 1447 1260 1522 ἁμαρτήματα.
1307 1451 1382 1521 Quod

337 1562 400 1597 cum
419 1561 474 1595 non
489 1540 550 1594 satis
560 1538 789 1606 animadverteret,
807 1538 949 1592 desiderari
961 1539 1061 1611 aliquid
1081 1539 1241 1606 existimavit,
1260 1539 1310 1611 qui
1325 1538 1383 1592 baec

337 1627 388 1681 illis
406 1648 421 1681 a
440 1647 468 1681 se
485 1626 574 1680 addita
593 1626 776 1697 praescripsit:
794 1630 905 1691 Parva,
922 1627 1027 1700 inquis,
1045 1646 1088 1679 res
1105 1638 1162 1679 est.-
1189 1629 1272 1700 atqui
1290 1645 1381 1700 magno

337 1716 426 1785 culpo.
445 1733 494 1767 nec
511 1715 580 1766 onim
598 1724 664 1778 etc,
682 1733 751 1784 quae
769 1723 799 1766 ut
817 1714 963 1767 necessaria
982 1713 1119 1767 nonnullis
1144 1714 1260 1785 abrupto
1287 1715 1382 1787 princi-

336 1806 382 1875 pio
401 1802 509 1856 olfensis
528 1800 665 1855 retinenda
695 1801 831 1855 videntur:
856 1813 938 1873 atque
967 1803 1005 1855 ita
1030 1801 1175 1855 Lambinus
1197 1802 1289 1856 edidit.
1335 1800 1382 1854 Sed

337 1890 409 1962 quod
429 1890 549 1956 diximus,
569 1889 656 1942 verius
669 1890 765 1958 puto.“
782 1888 876 1960 syth.
913 1889 1046 1956 „Videtur
1064 1890 1230 1944 occasionem
1248 1890 1384 1961 sumpsisse

336 1977 414 2030 buius
431 1977 499 2031 initii
519 1996 547 2029 er
565 1974 789 2047 apophthegmate
808 1976 940 2030 Platonis:
965 1995 979 2029 a
999 1996 1053 2049 quo
1078 1996 1139 2030 cum
1158 1976 1328 2042 adolescens,
1351 1976 1381 2028 ob

336 2062 430 2116 ludum
449 2062 583 2135 quondam
602 2063 717 2134 graviter
733 2063 904 2134 obiurgatus,
919 2075 973 2118 tam
991 2083 1098 2137 parram
1117 2064 1151 2117 ob
1171 2064 1250 2117 rem?
1277 2064 1383 2129 dixisset,

336 2150 474 2221 respondit
493 2149 677 2221 philosophus:
696 2150 731 2203 At
749 2169 830 2221 parva
848 2169 891 2204 res
909 2171 963 2204 non
983 2163 1021 2205 est
1035 2152 1226 2206 consuetudo.“
1244 2151 1382 2206 ll.Woll.

337 2239 424 2292 Locus
442 2249 480 2293 est
498 2238 569 2308 apud
588 2238 667 2308 Diog.
685 2237 773 2292 Labrt.
801 2239 842 2307 (in
869 2239 918 2293 vita
944 2238 1075 2308 Platonis)
1093 2240 1150 2292 Lib.
1168 2239 1212 2292 lll.
1236 2258 1319 2311 segm.
1337 2243 1382 2293 35:

338 2327 499 2388 θεασάμενός
522 2345 581 2378 τινα
606 2322 748 2390 κυβεύοντα
770 2324 946 2379 αἰτιάσασθαι
974 2330 1074 2393 λέγεται
1099 2324 1112 2377 d
1137 2323 1261 2380 Πλάτων.
1287 2329 1334 2378 τοῦ
1357 2328 1383 2377 dl

337 2412 465 2480 statmo,
485 2411 525 2472 sic
542 2417 595 2466 inl
612 2426 767 2483 μικροῖς·
786 2411 875 2465 silici
893 2414 970 2480 τόγε
988 2415 1083 2477 idos,
1100 2409 1183 2477 εἶπεν,
1202 2411 1240 2465 oti
1256 2412 1382 2484 μικρόν.

336 2501 394 2554 Mr.
432 2500 563 2568 „Palatini
583 2499 665 2554 nostri
684 2500 822 2555 codicibus
837 2502 875 2555 eis
892 2503 1032 2568 accedunt,
1052 2503 1149 2574 quibus
1165 2501 1268 2555 haerets
1289 2506 1382 2563 Parva,

337 2589 440 2660 inquit,
459 2598 513 2640 est
532 2598 569 2638 ut
588 2606 687 2659 magna
706 2589 816 2658 culpo.‘⁴
835 2587 934 2642 Grut.
971 2588 1069 2655 „MSS
1087 2594 1196 2654 Parva,
1216 2590 1321 2662 inquit,
1338 2598 1382 2650 est,

337 2686 369 2727 ut
388 2692 487 2744 magno
505 2675 612 2744 culpo.⁴‘
630 2673 748 2729 Graev.
769 2678 829 2742 „At
841 2695 950 2749 magna.
970 2677 1011 2730 ΑΙ.
1030 2677 1133 2748 atqui
1144 2679 1274 2748 magno.“
1293 2677 1381 2730 Facc

407 2767 516 2826 Parva,
535 2763 639 2834 inquit,
658 2782 700 2815 res
718 2774 767 2815 est.
815 2766 857 2816 At
877 2781 976 2834 magno
996 2764 1096 2834 culpo]
1128 2761 1198 2815 Cum
1229 2761 1344 2816 Manutii
1360 2771 1383 2813 et

337 2849 446 2903 Gruteri
466 2847 552 2902 Codd.
572 2848 670 2904 babent
689 2855 794 2915 Porro,
813 2850 916 2922 inquit,
942 2862 994 2905 est
1015 2862 1053 2903 ut
1078 2869 1175 2922 magna
1194 2851 1277 2920 culpa
1304 2850 1382 2904 Codd.

337 2934 403 2990 Ors.
422 2935 452 2989 E.
478 2935 497 2988 l.
523 2936 555 2990 N.
575 2937 609 2989 U.
636 2936 708 2990 Gud.
726 2937 758 2989 Β.
784 2935 892 2991 Suorin.
921 2939 979 2993 Cra.
999 2944 1023 2993 2.
1043 2943 1068 2993 3.
1098 2939 1178 2991 Drsd.
1196 2942 1221 2991 1.
1239 2945 1265 2992 2.
1284 2943 1309 2994 3.
1354 2941 1381 2992 lo

338 3022 396 3078 Cra.
418 3028 443 3077 1.
461 3026 557 3079 desunt
574 3024 640 3078 baec
664 3024 771 3090 omnia,
795 3025 914 3097 itemque
940 3027 968 3079 in
993 3025 1044 3080 Or.
1062 3044 1091 3089 ψ.
1128 3025 1158 3078 ln
1183 3026 1265 3080 Drsd.
1285 3030 1311 3080 5.
1335 3037 1381 3079 est:

337 3130 427 3180 parva
444 3113 533 3186 inquit
552 3122 593 3164 est
612 3120 644 3162 ut
663 3110 744 3180 culpa
769 3129 888 3182 mgna,-
920 3112 948 3164 in
971 3113 1051 3166 Drsd.
1071 3117 1102 3166 4:
1126 3131 1215 3180 parva
1240 3113 1330 3184 inquit
1345 3121 1382 3162 est

338 3200 419 3271 culpa
438 3211 470 3252 ut
490 3217 601 3271 magno,
631 3200 659 3251 in
678 3197 750 3251 Gud.
769 3198 802 3252 Α.
827 3218 917 3268 paruo
941 3201 1031 3272 inquit
1057 3211 1089 3251 ut
1115 3219 1215 3271 inagna
1239 3212 1281 3252 est
1300 3200 1381 3268 culpo.

338 3288 390 3342 Or.
407 3287 438 3342 E.
457 3287 537 3340 babet
555 3305 653 3357 magna
671 3287 752 3356 culpo
771 3288 827 3341 sive
845 3289 963 3341 maximo
983 3289 1071 3358 culpa.
1109 3287 1139 3340 ln
1155 3287 1235 3340 Drsd.
1247 3292 1272 3344 3.
1292 3287 1381 3341 omissa

338 3375 425 3429 littera
444 3374 538 3428 initiali
558 3385 596 3427 est
614 3376 703 3432 Arva.
738 3375 937 3431 Tb.Bentleius
956 3388 1015 3449 post
1031 3375 1217 3446 Sylburgium,
1238 3378 1309 3429 Crat.
1327 3375 1380 3428 Ald.

338 3468 416 3520 1511.
436 3467 515 3519 1552.
534 3462 707 3517 haecomnia
727 3468 838 3531 „Parvo
856 3495 890 3505 —
905 3467 1001 3536 culpo“
1019 3464 1127 3517 delerit:
1147 3463 1280 3535 cupidius,
1298 3463 1380 3528 credo,

338 3571 419 3624 quam
438 3551 544 3606 rectius.
578 3551 750 3625 Elegantiora
768 3565 846 3620 suut,
875 3574 955 3627 quam
976 3574 1044 3627 quae
1060 3551 1147 3605 solent
1164 3571 1270 3605 assuere
1290 3552 1381 3623 glossa·

339 3649 417 3692 tores.
459 3637 578 3692 Alteram
599 3659 690 3694 vocem
716 3639 818 3694 Gernb.
847 3660 909 3695 cum
934 3643 1025 3696 multis
1050 3641 1132 3694 edidit
1158 3642 1264 3712 inquis,
1289 3641 1332 3694 sed
1356 3640 1379 3691 in

340 3725 477 3778 Adtendis
496 3727 693 3780 commendarit
709 3727 815 3797 inquit,
842 3729 916 3799 quod
945 3730 1094 3800 recepimus
1129 3749 1157 3780 en
1179 3728 1266 3781 Codd.
1293 3726 1379 3781 Duisb.

338 3809 397 3865 Cra.
415 3817 439 3864 2.
456 3810 528 3864 Gud.
547 3813 578 3865 Α.
598 3812 629 3865 Β.
676 3812 783 3867 Sueriu.
807 3815 867 3870 Bas.
894 3817 984 3871 Guelf.
1004 3818 1135 3872 Vossiano
1159 3835 1216 3868 uno
1244 3813 1379 3888 Borgersii,

337 3897 405 3953 Edd.
434 3919 490 3971 pre.
510 3904 588 3954 1465.
614 3899 663 3953 Ed.
684 3921 726 3972 ap.
752 3902 838 3957 Meus.
856 3904 936 3961 Hdlb.
955 3927 975 3959 s.
995 3907 1012 3960 l.
1039 3916 1065 3958 et
1089 3925 1112 3956 a.
1142 3902 1202 3956 Asc.
1220 3905 1300 3956 1511.
1319 3902 1379 3953 Ven-

337 3994 416 4046 1492.
436 3995 514 4047 1514.
533 3991 616 4045 Paris.
634 3995 714 4047 15⁰7.
733 3997 811 4048 1512.
837 3993 902 4066 Arg.
923 3999 1002 4051 1515.
1022 3996 1083 4048 Par.
1103 3996 1183 4048 1543.
1205 3993 1291 4064 Lugd.
1310 3992 1380 4071 1515.

336 4078 402 4134 Dav.
421 4082 500 4134 1515.
517 4077 602 4132 suffr.
631 4081 702 4134 Petr.
728 4082 797 4135 Vict.
824 4083 892 4135 ttob.
919 4083 1012 4154 Steph.
1037 4081 1139 4136 Sturm.
1171 4080 1269 4133 Colon.
1298 4079 1379 4131 llerw.

335 4166 413 4221 Boul.
433 4171 507 4222 Cam.
527 4167 609 4239 Borg.
627 4167 678 4223 Or.
693 4169 799 4242 Reliqui
819 4171 918 4224 babent
941 4171 1040 4243 inquis.
1082 4168 1136 4221 Sed
1164 4167 1244 4221 etiam
1270 4167 1298 4219 in
1324 4164 1380 4218 roli-

336 4257 395 4327 quis
408 4257 509 4311 variant
528 4257 605 4325 editi,
625 4258 698 4330 quod
718 4278 773 4311 non
793 4259 893 4312 notavit
911 4257 961 4311 Or.
997 4258 1043 4311 Est
1062 4258 1146 4310 enim:
1170 4265 1210 4307 est
1230 4272 1286 4318 res,
1305 4262 1379 4322 atque

336 4360 354 4393 n
378 4342 446 4400 Edd.
466 4364 532 4416 quas
550 4344 732 4411 laudavimus,
753 4348 821 4398 Ven.
843 4349 923 4400 1492.
943 4350 1021 4400 1514.
1041 4346 1102 4399 Asc.
1122 4344 1201 4396 Hdlb.
1219 4342 1282 4396 Par.
1294 4339 1392 4413 tribus,-

336 4425 399 4499 ΑΓΒ.
419 4429 485 4483 Dav.
504 4432 609 4502 Lugd.‚·
629 4450 670 4484 res
688 4442 747 4496 est,
768 4434 847 4504 atqui
873 4432 901 4484 in
921 4433 988 4487 Edd.
1009 4434 1069 4487 Ald.
1089 4436 1167 4488 1548.
1213 4429 1289 4488 Boul.
1316 4422 1378 4479 And.
