3450 5342
422 664 494 737 156
741 679 914 728 rensnoxa
942 677 1136 726 srorconuu.

417 863 478 898 sero
498 846 591 915 pollma
612 859 689 894 suurn
708 838 843 910 agendum
862 837 999 904 histrioni,
1018 847 1160 909 propterea
1179 835 1251 889 solus
1269 834 1367 889 histrio
1387 837 1466 891 nomi·

416 941 509 985 natur:
528 929 574 1001 qui
593 939 619 981 et
637 938 740 999 gestum
759 927 854 998 agebat
873 937 975 979 serrato
995 944 1118 990 numero,
1137 934 1163 977 et
1182 929 1276 994 po'etae
1297 944 1391 979 versus
1410 944 1465 996 pro·

407 1018 582 1071 .nuntiabat.“
619 1015 693 1070 ntd.
712 1014 838 1069 Manut.

487 1109 522 1157 In
541 1105 600 1157 vila
618 1115 666 1170 trs,
686 1105 746 1176 qui
771 1102 843 1155 omni
866 1113 947 1174 gestu
974 1102 1148 1166 moderatior,
1177 1102 1248 1155 omni
1274 1122 1358 1157 uersu
1386 1103 1464 1172 optior

415 1191 606 1249 crudelior,
632 1201 663 1244 ut
682 1192 710 1243 in
728 1189 837 1261 syllaba
855 1192 916 1259 etc]
953 1189 1020 1256 „Sic
1047 1188 1262 1260 quattuordecim
1289 1189 1390 1260 scripta
1412 1188 1463 1241 Aldi

416 1281 540 1353 Nepotis,
559 1299 648 1351 neque
667 1277 744 1331 aliter
761 1278 819 1331 Pal.
837 1298 879 1348 pr.
896 1289 923 1331 et
941 1277 1133 1345 Mauricianus,
1152 1277 1201 1331 nisi
1220 1277 1296 1348 quod
1316 1277 1464 1331 destituere·

416 1381 461 1424 tur
479 1366 610 1441 particula
628 1376 675 1431 ut,
700 1385 781 1437 quam
800 1365 896 1419 ceteris
922 1365 976 1418 suis
994 1384 1054 1417 mss.
1073 1384 1128 1419 uon
1146 1364 1238 1419 adesse
1255 1364 1396 1418 adnotavit
1413 1362 1463 1417 Gu-

416 1457 531 1512 lielmius
550 1455 735 1528 probavitque.
783 1453 891 1525 Vulgati
910 1472 981 1525 quas
1000 1463 1050 1507 etc.
1076 1451 1168 1520 debet,
1187 1462 1219 1505 ut
1239 1455 1312 1506 etc.“
1335 1450 1462 1505 Gruter.

418 1549 448 1600 ln
466 1545 516 1599 Ed.
537 1543 647 1609 Lamb.,
667 1561 729 1597 cum
749 1561 801 1613 qua
820 1542 848 1595 in
868 1542 995 1597 omuibus
1013 1541 1076 1596 lacit
1094 1551 1185 1595 nostre
1203 1536 1321 1606 colom,
1346 1537 1462 1593 scribitur

416 1643 454 1685 tu
472 1635 502 1685 in
520 1633 596 1687 vito:
621 1630 763 1696 nimirum,
782 1641 812 1684 ut
831 1640 862 1683 tu
883 1650 898 1685 a
917 1628 1052 1702 principio
1070 1627 1247 1701 oppositionis
1264 1628 1307 1680 vel
1326 1638 1462 1696 contrapo-

416 1720 457 1774 siti
475 1720 519 1791 (ut
535 1719 655 1793 loquitur
673 1717 887 1787 Quinctilianus)
906 1717 1018 1789 legatur,
1037 1728 1068 1770 ut
1082 1717 1180 1770 histrio
1196 1715 1388 1788 praeponitur.
1418 1712 1461 1767 Sed

415 1829 477 1864 vera
495 1808 630 1881 oppositio
650 1827 705 1860 non
725 1818 764 1861 est
782 1824 960 1878 personarum
979 1806 1090 1870 (biatrio
1107 1815 1133 1858 et
1151 1809 1196 1872 tu)
1215 1803 1261 1858 sed
1280 1821 1379 1857 scenos
1390 1803 1461 1874 (quae

416 1896 586 1969 intelligitur)
604 1907 630 1949 et
650 1897 729 1948 vitoe.
766 1893 894 1949 Ceterum
913 1894 988 1948 abest
1006 1912 1157 1964 pronomen
1178 1891 1321 1963 personale
1341 1902 1374 1944 lu
1394 1893 1461 1945 etiarn

415 1985 449 2037 ab
467 1983 533 2037 On.
550 1983 691 2048 omnibus,
723 1981 782 2036 Cre.
801 1985 827 2038 3.
845 1981 914 2035 Edd.
944 1992 1003 2036 vett.
1019 2000 1082 2035 cum
1101 1981 1172 2035 Olir.
1200 1982 1281 2034 Facc.
1306 1977 1460 2052 paucissimis

416 2072 543 2143 exceptis:
571 2073 632 2125 Asc
659 2071 787 2125 nimirum
813 2072 923 2139 (1511.)
951 2069 1031 2123 babet
1049 2088 1112 2123 eum
1131 2069 1198 2123 God.
1217 2069 1329 2122 Duisb.:
1358 2069 1388 2120 in
1410 2067 1461 2119 vito

415 2172 480 2212 tua
498 2178 568 2232 quoe
585 2162 621 2198 '-
639 2159 727 2223 debet,
746 2171 772 2213 et
795 2159 845 2212 Ed.
863 2160 931 2212 Ven.
948 2161 1033 2213 1514:
1051 2159 1080 2209 in
1099 2158 1158 2209 vita
1177 2158 1272 2227 itaque
1292 2166 1339 2212 tu,
1359 2155 1419 2226 qui
1433 2181 1459 2191 -

416 2246 520 2300 debes·
554 2247 633 2300 Unus
660 2246 795 2317 Borgersii
824 2245 893 2300 Cod.
922 2245 996 2298 Leid.
1022 2244 1100 2299 babet
1118 2245 1147 2297 in
1171 2244 1229 2297 vito
1248 2253 1331 2306 turn,
1354 2241 1459 2295 alteria

417 2334 475 2387 vita
493 2344 564 2387 tum
581 2345 627 2389 tu.
660 2335 793 2388 Duisb.in
812 2346 924 2389 v.tua.
942 2333 993 2388 Ox.
1007 2332 1039 2386 N.
1053 2333 1131 2387 babet
1141 2334 1170 2386 in
1183 2334 1242 2385 vila
1252 2351 1323 2385 vero.
1359 2329 1458 2386 Drsdd.

416 2426 445 2477 in
464 2423 522 2477 vitu
540 2424 613 2485 tui5
632 2424 712 2477 Drsd.
729 2427 755 2477 5.
776 2424 805 2476 in
829 2424 889 2475 vita
914 2424 1039 2496 itaque
1068 2423 1213 2475 omnium
1236 2430 1330 2490 gesto
1348 2419 1459 2471 modero-

416 2512 478 2568 tior.
513 2510 594 2567 Drsd.
609 2517 634 2567 4.
665 2514 735 2566 omni
751 2532 786 2564 re
804 2513 974 2567 moderatior.
1018 2512 1072 2563 Pro
1091 2510 1161 2562 omni
1185 2528 1263 2561 versu
1284 2507 1334 2561 Ox.
1354 2507 1374 2559 l.
1391 2505 1457 2558 babet

415 2598 557 2673 omnique
582 2620 671 2654 versu.
705 2600 786 2654 Drsd.
808 2605 833 2655 1.
852 2603 878 2655 3.
894 2609 930 2653 et
948 2600 1018 2653 ormi
1036 2617 1124 2654 versu.
1161 2598 1216 2650 Pro
1235 2617 1330 2662 versu,
1359 2617 1388 2650 ex
1405 2614 1457 2666 per·

416 2706 508 2758 peram
533 2687 603 2742 lecto
632 2688 810 2760 compendio,
839 2699 879 2742 est
897 2707 949 2740 usu
981 2687 1010 2741 in
1035 2687 1102 2740 Edd.
1134 2706 1178 2757 ap.
1204 2684 1291 2739 Meus.
1310 2686 1373 2739 Par.
1392 2686 1457 2738 esst.

415 2774 493 2829 Hdlb.
525 2775 611 2847 Lugd.
639 2779 706 2830 Ven.
733 2779 819 2830 14922
846 2777 920 2848 quod
945 2796 1007 2830 cum
1035 2776 1063 2828 in
1083 2775 1136 2829 suis
1162 2793 1273 2846 quoque
1298 2773 1368 2826 Edd.
1393 2791 1456 2843 repe-

416 2864 490 2918 risset
515 2863 691 2935 Frc.,Sylv.,
722 2864 871 2917 annotavit:
899 2864 949 2931 „ln
978 2863 1064 2918 Codd.
1082 2862 1140 2917 aliis
1168 2861 1262 2915 melius
1285 2861 1411 2933 scriptum
1427 2868 1456 2910 est

417 2953 487 3003 omni
504 2969 624 3014 versu,
642 2962 680 3005 ut.
688 2963 784 3021 gestus
802 2950 834 3002 ad
848 2961 967 3016 motum,
995 2971 1088 3003 versus
1107 2951 1140 3003 ad
1160 2950 1291 3021 syllabam
1310 2947 1456 3001 referatur.“

416 3038 457 3090 Ad
477 3056 533 3089 rem
558 3037 678 3107 apposite
695 3037 747 3090 boc
765 3037 838 3091 addit
855 3037 889 3090 Η.
911 3037 1043 3091 Wollius:
1065 3039 1198 3104 „Notetur
1218 3049 1245 3092 et
1262 3038 1307 3092 hic
1325 3038 1410 3092 locus:
1426 3033 1455 3083 ri·

416 3134 470 3176 tam
489 3122 563 3174 omui
582 3135 656 3193 gestu
676 3123 899 3192 moderatiorem,
927 3126 1001 3179 omni
1027 3146 1103 3180 versu
1128 3127 1259 3197 aptiorem
1287 3147 1343 3180 esse
1361 3126 1454 3179 debere:

416 3228 498 3281 quarn
516 3211 726 3278 similitudinem,
745 3213 765 3265 si
783 3213 910 3266 Roscium
933 3213 1068 3284 Euripidis
1085 3214 1203 3285 aliquam
1217 3214 1383 3284 tragoediam
1400 3209 1455 3264 reci·

417 3309 516 3353 tantem
528 3311 728 3372 spectassemns,
746 3301 827 3372 longe
846 3301 944 3356 rectius
961 3300 1197 3372 intelligeremus.“
1215 3301 1275 3353 ΜΓ.

486 3390 516 3441 in
533 3390 592 3441 vito
610 3401 658 3446 tu.
696 3409 786 3462 quoe
804 3419 838 3430 -
859 3389 985 3457 doben]
1005 3390 1147 3456 „Primum
1166 3389 1360 3444 attendendum
1378 3382 1453 3441 estad

416 3474 506 3529 vitium
525 3477 694 3549 scriptionis,
724 3479 797 3551 quod
823 3478 955 3551 plurimos
979 3478 1120 3549 occupavit
1138 3478 1314 3550 librom-qui
1331 3506 1367 3518 -
1385 3474 1455 3546 debes,

416 3583 499 3634 quum
520 3567 648 3620 sententia
668 3567 784 3638 postulet
802 3586 871 3639 quae
893 3597 927 3608 -
947 3565 1037 3622 deber,
1056 3586 1092 3620 sc.
1112 3566 1177 3620 rita:
1203 3565 1271 3620 baec
1289 3567 1453 3634 enimoppo·

416 3653 489 3705 nitur
508 3654 607 3707 actioni
629 3654 756 3707 dramatis
772 3676 793 3708 s.
811 3675 921 3709 scenae:
949 3655 1046 3708 deinde
1070 3665 1165 3726 gestus
1192 3655 1310 3726 pertinet
1333 3655 1366 3708 ad
1392 3648 1453 3710 illud,

416 3739 489 3807 quod
509 3739 591 3791 modo
610 3740 711 3794 dictum
730 3752 783 3795 est:
806 3743 935 3794 semovit
959 3753 1039 3795 extra
1057 3762 1203 3796 nurrrerum.
1222 3774 1256 3784 -
1304 3740 1454 3797 Mollerotior

416 3825 433 3876 i.
452 3845 477 3878 e.
497 3826 660 3893 ordinatior,
679 3829 764 3899 magis
781 3830 814 3883 ad
834 3841 920 3884 certas
939 3831 1010 3902 leges
1028 3843 1145 3886 exactus:
1171 3852 1234 3884 narn
1254 3833 1407 3885 moderatus
1422 3825 1453 3878 di·

417 3913 486 3967 citur
505 3933 519 3966 a
538 3915 645 3979 modus,
665 3917 737 3987 quod
757 3917 838 3973 etiam
857 3931 933 3974 notat
951 3940 1118 3986 mensuram,
1137 3941 1157 3973 s.
1175 3933 1311 3988 metrum,
1336 3921 1390 3975 sive
1406 3932 1453 3972 ctr-

416 4002 495 4054 minis
518 4001 571 4054 sive
595 4002 748 4058 saltationis.
796 4011 898 4080 Aptior
923 4021 1011 4064 autem
1037 4022 1074 4063 est
1093 4010 1179 4080 magis
1197 4009 1376 4080 compositus,
1401 4021 1454 4060 oon·

416 4091 527 4155 cirinus,
545 4089 598 4142 suis
616 4093 735 4162 partibus
751 4097 896 4153 absolutus.
944 4099 1012 4152 Nam
1032 4097 1144 4153 latinum
1169 4109 1299 4168 opturet
1316 4103 1453 4169 opture‘est

416 4200 430 4232 ὃ
450 4197 546 4256 &mm
566 4171 670 4246 “lm'’
691 4190 825 4239 nectere.“
843 4184 951 4260 Wytt.
986 4191 1080 4259 Aplus
1096 4187 1129 4241 ad
1148 4187 1306 4243 sententiam
1327 4183 1455 4260 responde!

416 4288 513 4337 &³0⁰⁰
546 4264 719 4338 Ηῗᾶρμοῦτος,
755 4287 783 4327 ut
818 4288 890 4330 recte
924 4277 1062 4331 contendit
1095 4275 1279 4340 Forcellinus,
1310 4276 1358 4348 qui
1389 4270 1454 4329 adlit,

419 4365 514 4421 aptum
531 4357 636 4411 dicendi
657 4379 741 4430 genus
760 4382 821 4416 cunr
842 4383 980 4416 numeroso
1000 4367 1034 4417 ita
1053 4365 1137 4435 iungi,
1158 4377 1186 4418 nt
1204 4365 1374 4419 concinnitas
1392 4371 1454 4415 note·

418 4450 467 4492 tur.
506 4444 546 4496 td
565 4447 644 4500 totius
662 4448 714 4503 loci
733 4452 891 4506 sententiam
912 4453 988 4519 lacit,
1018 4451 1091 4524 quod
1112 4464 1149 4505 est
1167 4452 1200 4507 de
1219 4452 1278 4507 Ofl.
1300 4454 1318 4519 l,
1338 4457 1382 4520 4⁰,
1400 4452 1454 4503 lli:
