3450 5342
607 685 800 732 ιιιιιιοιιοιι
830 687 873 733 ιι.
904 684 975 735 aar.
991 686 1040 733 ιιι.
1277 663 1348 737 321

369 855 417 894 nee'
436 844 468 894 vi
484 844 689 911 tempestatum]
710 841 772 906 „Sic
793 854 936 916 questum
951 862 1000 897 nea
1017 844 1049 896 in
1068 854 1264 912 tempestatum,
1282 848 1348 902 duo:

297 929 383 999 [quod
404 948 433 981 ex
453 948 595 1000 perperam
612 928 679 983 lecta
699 948 763 983 voce
784 931 818 981 ui
835 942 925 1009 ortum
943 932 1007 999 esti]
1027 930 1132 1001 Reliqui
1152 932 1277 986 omittunt
1297 937 1349 986 vi.“

296 1014 373 1069 Atd.
389 1015 485 1083 Man..
515 1019 591 1082 „Nea
608 1027 816 1086 tempestatum:
836 1016 907 1070 baud
925 1037 1002 1073 seeus
1020 1018 1083 1072 olim
1103 1019 1166 1072 editi
1186 1030 1210 1072 et
1228 1020 1266 1073 sic
1283 1020 1349 1075 Pan.
1399 1006 1400 1012 ¹

298 1109 399 1160 omnes.
443 1101 587 1159 Gulielmio
607 1105 772 1174 probabatur
790 1104 883 1159 veteris
901 1104 1025 1159 editionis
1051 1105 1131 1160 lectio
1143 1104 1350 1179 ¹perturbatione

296 1200 467 1245 mouetur.
516 1191 547 1243 Ιιι
575 1191 631 1244 Pal.
657 1211 699 1263 pr.
725 1202 805 1244 exstat
832 1210 881 1243 nee
907 1193 941 1243 vi
959 1197 1176 1262 tempestatum.“
1193 1193 1349 1247 ·'Gruter.

247 1341 250 1347 .
294 1278 342 1332 Est
368 1279 431 1332 item
455 1278 658 1348 perturbatione
681 1278 709 1331 in
735 1276 822 1332 Codd.
848 1277 913 1331 Oxx.
933 1278 964 1330 Ε.
985 1279 1020 1332 U.
1037 1279 1057 1332 Ι.
1076 1300 1101 1349 η.
1120 1298 1150 1342 ψ.
1173 1279 1252 1333 Suer.
1289 1279 1348 1352 Ego

294 1384 356 1418 cum
375 1365 444 1419 Hub.
463 1365 528 1419 Era.
546 1367 630 1420 Wete.
641 1364 831 1421 Sche.Gernb.
849 1366 938 1420 Nobb.
957 1365 1007 1421 Or.
1025 1368 1111 1433 Tha,
1129 1368 1208 1422 etiam
1227 1388 1257 1422 ex
1268 1367 1347 1422 Bern.

293 1452 353 1507 Bas.
371 1451 462 1506 Guett.
478 1455 624 1524 posterius,
641 1474 670 1507 ex
691 1453 864 1525 paucioribus
883 1455 925 1518 ei,
943 1455 1041 1527 recepi.
1078 1455 1138 1511 M'r.

364 1540 578 1611 perturbatione]
615 1540 677 1595 vid.
701 1550 793 1594 annot.
819 1539 942 1611 praeced.
960 1570 994 1579 —
1031 1541 1272 1606 ,‚Perturbatione‚
1298 1541 1346 1595 de·

294 1647 351 1680 cem
370 1639 472 1699 septem
491 1629 553 1681 mei.
593 1627 757 1681 Turbatione
775 1629 871 1680 unus.“
899 1627 972 1682 Atd.
989 1627 1078 1681 Man.
1113 1633 1286 1698 „Tempestas
1304 1630 1345 1682 di-

292 1718 364 1772 citur
382 1718 414 1769 de
432 1727 504 1770 certa
527 1717 631 1770 ratione
651 1728 678 1772 et
695 1717 823 1786 temperie
848 1717 916 1770 coeii
936 1729 961 1773 et
979 1718 1061 1783 airis,
1090 1717 1216 1784 humore,
1239 1718 1344 1785 ardore,

291 1806 395 1876 frigore
413 1816 463 1858 cet.
481 1806 522 1858 vel
548 1825 670 1877 congruo
690 1806 769 1858 rebus
788 1806 925 1878 corporeis
949 1805 988 1858 vel
1012 1825 1068 1858 non
1095 1806 1167 1858 item.
1217 1809 1345 1873 Tempora

292 1893 422 1946 dicuntur
439 1891 473 1944 de
490 1891 643 1946 hominibus
664 1892 702 1945 vel
722 1891 833 1963 pacifica
851 1892 893 1945 vel
911 1892 1046 1959 bellicosa,
1065 1892 1104 1947 vel
1122 1892 1285 1958 turbulenta,
1304 1890 1343 1943 vei

292 1978 466 2051 tranquilla.“
485 1981 591 2050 Wytt.
632 1980 674 2032 De
692 1980 807 2033 lectione
822 1980 1027 2050 perturbatione
1047 1980 1097 2034 vid.
1117 1981 1196 2033 etiam
1221 1979 1344 2033 Doeder-

292 2067 355 2121 lein.
374 2068 436 2143 Lat0¹
449 2067 554 2139 Synon.
572 2088 597 2121 u.
615 2068 702 2138 Etym.
719 2067 753 2121 Τ.
771 2067 803 2121 Π.
823 2087 849 2138 p.
869 2071 929 2121 2⁰8.
948 2096 983 2106 -
1028 2066 1094 2133 „Sic
1112 2066 1180 2120 Edd.
1199 2077 1260 2120 vett.
1286 2065 1343 2137 ple·

291 2174 399 2226 raeque.
441 2154 531 2209 Altera
549 2155 642 2220 lectio,
664 2156 879 2225 permutatione,
907 2154 979 2227 quod
1004 2153 1071 2206 Edd.
1093 2153 1189 2207 colon.
1209 2154 1277 2207 Ven.
1294 2152 1342 2206 ba·

291 2243 371 2309 bent,
390 2242 477 2296 lenior
494 2255 547 2310 est,
566 2262 647 2314 quem
667 2263 717 2313 pro
735 2245 792 2296 re.“
811 2242 877 2298 Ern.
897 2270 932 2281 -
951 2241 1054 2294 Erravit
1070 2240 1149 2302 Erum
1167 2239 1341 2294 babentEdd.

292 2339 367 2395 vett,
393 2349 459 2401 quas
485 2331 621 2394 novimus,
645 2331 701 2383 sere
725 2349 819 2383 omnes
834 2328 1048 2398 permutatione,
1075 2330 1147 2399 quod
1175 2327 1264 2381 minus
1282 2326 1340 2398 pla·

292 2426 342 2469 cet.
380 2416 440 2469 Mr.
1045 2462 1047 2466 .

363 2506 424 2573 Qua
440 2504 559 2572 praediti
577 2505 624 2576 qui
641 2514 722 2571 sunt,
741 2506 792 2557 soli
809 2516 875 2557 sunt
895 2505 1012 2573 divitem]
1032 2504 1099 2557 Cod.
1119 2503 1199 2556 Drsd.
1212 2507 1236 2556 5.
1256 2505 1315 2574 qui
1322 2523 1340 2554 a

291 2607 359 2661 qua
376 2591 469 2658 praed.
488 2600 561 2644 sunt.
597 2590 677 2644 Drsd.
696 2596 721 2646 4.
748 2609 816 2662 qua
844 2592 903 2663 qui
929 2593 1022 2660 praed.
1050 2593 1143 2652 sint,·
1169 2590 1237 2642 Edd.
1266 2588 1338 2644 Crat.

289 2675 383 2747 Magn.
402 2675 478 2729 Man.
501 2677 769 2732 minutiarum.
788 2681 868 2731 1552.
894 2677 990 2732 colon.
1010 2677 1079 2730 And.
1098 2676 1157 2729 Tat.
1176 2673 1250 2746 sylb.
1271 2693 1339 2748 qua

289 2763 350 2834 qui
364 2763 458 2831 praed.
476 2773 551 2818 sunt·
588 2762 658 2817 Gud.
677 2764 710 2818 Α.
729 2764 828 2818 οπιίιιίι
846 2765 895 2835 qui
911 2775 986 2820 sunt.
1031 2763 1089 2817 Cre.
1110 2769 1134 2818 2.
1160 2763 1256 2816 omittit
1281 2782 1338 2814 ver·

289 2851 355 2903 bum
380 2860 446 2902 sunt
466 2861 526 2923 post
548 2851 608 2905 soli.
656 2851 711 2904 Pro
735 2851 901 2922 fructuosas
925 2851 975 2904 Ox.
994 2870 1024 2914 ψ.
1051 2851 1132 2905 hebet
1158 2859 1338 2918 sumptuosas,

288 2937 360 2990 idem
379 2935 466 3010 pergit
483 2949 511 2990 et
528 2939 763 3007 sempiternales.
808 2938 859 2993 Ox.
879 2939 910 2993 E.
929 2939 980 2991 soli
998 2958 1048 3010 pro
1071 2939 1181 3010 solique.
1230 2935 1337 2989 Suerin.

287 3024 368 3078 habet
385 3027 436 3078 soli
453 3027 561 3078 etiam
583 3027 732 3095 possident.
776 3027 848 3080 Tum
874 3026 954 3080 Drsd.
974 3032 998 3078 2.
1025 3025 1098 3098 quod
1122 3034 1164 3076 est
1190 3023 1339 3075 diuitia-

286 3132 360 3164 rum
381 3113 572 3183 proprium.
619 3114 643 3166 A
671 3113 777 3167 duobus
802 3113 908 3166 Aldinis
931 3114 1005 3167 abest
1032 3124 1058 3164 et
1084 3123 1145 3165 ante
1163 3111 1336 3183 fructuosas.

287 3197 354 3251 eod.
374 3198 434 3255 Bes.
452 3200 551 3254 amittit
568 3210 595 3251 et
613 3201 798 3270 sempiternas.
834 3200 895 3253 Mr.

359 3288 477 3339 contenti
492 3297 558 3340 sunt
577 3287 657 3340 rebus
680 3289 746 3341 suis.
782 3290 858 3342 Satis
881 3307 939 3341 esse
960 3289 1089 3358 putant,]
1136 3286 1285 3356 „Rescripsi
1311 3295 1337 3336 et

284 3372 452 3444 interpunxit
471 3375 590 3440 contenti
607 3374 685 3427 rebus
703 3377 777 3440 suis,
795 3377 865 3428 satir
884 3390 940 3429 etse
953 3385 1072 3444 putant,
1090 3384 1194 3427 secutus
1212 3372 1336 3426 Pithoeu-

284 3479 353 3513 num
372 3459 452 3512 MS.“
470 3458 591 3514 Graes.
637 3461 771 3516 Fecerunt
789 3463 859 3515 idem
879 3461 996 3524 Faceioi.
1016 3461 1057 3530 (in
1076 3459 1126 3513 Ed.
1144 3461 1260 3521 Veneta,
1285 3478 1335 3512 nec

283 3547 394 3599 veroin
416 3546 464 3598 Ed.
484 3548 579 3616 prima,
599 3567 669 3620 quae
686 3549 785 3601 Patavii
800 3553 879 3602 1720.
900 3548 1021 3619 prodiit,)
1040 3547 1104 3600 nibil
1123 3565 1244 3607 monens.
1264 3546 1333 3598 Hub.

282 3632 386 3688 Gernb.
405 3634 494 3688 Nobb·.
528 3635 563 3688 Et
581 3634 683 3690 Gernb.
701 3638 810 3709 quidem
829 3637 915 3690 addit:
942 3636 1007 3688 baec
1026 3636 1124 3689 arctius
1141 3632 1268 3703 coniungi
1287 3633 1334 3684 de-

282 3721 379 3775 buisse.
415 3725 516 3777 Contra
538 3716 569 3776 ea
589 3734 722 3794 praestare
742 3727 778 3778 ait
796 3722 917 3777 Orellius
935 3722 1113 3794 plurimorum
1135 3723 1200 3790 [imo
1213 3720 1333 3791 reliquo·

281 3827 343 3860 rum
362 3810 496 3878 omnium]
516 3811 672 3878 lectionem,
701 3813 763 3885 quia
788 3831 870 3884 quam
896 3810 1017 3883 plurimis
1044 3810 1169 3862 membris
1196 3806 1333 3860 disiunctis

281 3891 425 3965 αὐτάρκεια
445 3899 542 3952 borum
561 3900 702 3954 hominum
721 3901 896 3973 significanda
915 3900 1003 3953 suerit.
1040 3897 1122 3967 Quod
1142 3895 1204 3948 mibi
1224 3896 1331 3966 quidem

280 3986 385 4039 videtur
394 3989 566 4042 verissimum.
602 3990 655 4042 Sed
669 3990 792 4060 equidem
809 3989 948 4054 maiorem,
967 4007 1021 4039 non
1040 3987 1171 4038 minorem
1184 3981 1331 4033 distinctio·

280 4093 344 4127 nem
364 4076 517 4145 ponendam
538 4077 688 4130 existimari.
726 4079 853 4130 Ceterum
872 4086 910 4129 est
929 4077 986 4126 suis
1004 4074 1083 4126 rebus
1101 4072 1128 4124 in
1141 4065 1293 4122 Codd.Crz.
1307 4069 1330 4119 3.

279 4173 306 4215 et
326 4161 408 4216 Drsd.
427 4169 469 4228 5.;
494 4166 522 4217 in
547 4164 627 4221 Drsd.
648 4171 673 4220 2.
699 4177 738 4218 est
754 4167 825 4218 eatis
850 4172 955 4234 putant
973 4181 1039 4215 esse.
1080 4159 1121 4213 Ad
1151 4178 1173 4209 v.
1197 4165 1330 4224 appetunt
1430 4167 1434 4174 ·

276 4250 340 4304 Fre.
360 4249 432 4320 Sylv.
451 4251 524 4305 addit
542 4252 689 4324 explicandi
709 4272 799 4306 causa:
828 4252 904 4320 „sine
931 4251 1061 4304 ratione.“
1107 4246 1179 4299 Tum
1205 4241 1275 4295 Gud.
1295 4240 1328 4292 A·

277 4336 337 4391 Cre.
357 4343 381 4391 2.
399 4336 448 4391 On.
470 4338 500 4391 E.
520 4339 554 4395 N.
574 4358 602 4401 ψ.
627 4342 747 4413 indigent
767 4360 818 4412 pro
843 4349 937 4411 egent,
966 4339 1037 4390 idem
1060 4335 1159 4389 habeut
1184 4344 1234 4384 tres
1258 4327 1328 4393 Aldi,

276 4422 385 4479 Graevii
403 4424 580 4493 Pithoeanus,
599 4427 695 4482 Oreiiii
714 4428 795 4482 Rern.
814 4439 840 4482 et
857 4425 947 4480 Guets.
976 4424 1042 4478 eod.
1063 4432 1152 4475 autem
1171 4420 1219 4473 Οι.
1238 4436 1266 4481 ψ.
1286 4436 1329 4469 ex-

1053 4510 1074 4538 n
1083 4513 1095 4538 ι
