3450 5342
336 653 408 727 222
661 675 832 725 rsmuoxt
860 674 1055 725 srorconuu.
1085 650 1088 654 ’

336 816 382 909 gas
400 837 461 891 lruic
478 847 625 893 structurae
644 855 688 903 ea,
708 854 776 908 quae
799 834 885 889 statim
905 835 1117 907 subsequuntur:
1145 837 1301 908 eodemque
1319 837 1350 907 (i.
1367 857 1386 890 e.

335 927 373 976 od
395 925 590 997 eundemque)
619 925 794 997 reseruntur:
826 923 957 994 itemque:
980 925 1055 992 opud
1078 943 1140 977 eum
1165 925 1286 994 polleat,
1313 923 1386 979 habes

336 1033 410 1080 eam,
432 1013 464 1067 de
483 1033 535 1086 qua
555 1013 675 1085 loquitur
692 1009 841 1083 Wopkens.
860 1011 943 1066 Lectt.
961 1011 1031 1065 Tull.
1050 1032 1076 1083 p.
1094 1015 1149 1067 tut
1167 1032 1207 1087 sq.
1236 1014 1279 1067 ed.
1307 1013 1386 1066 Hand.

336 1123 362 1173 p.
381 1106 441 1157 144.
460 1103 566 1156 dicens:
593 1100 769 1169 „Pronomen
788 1120 848 1153 eum
866 1100 932 1154 sistit
951 1099 1059 1170 quidem
1077 1099 1143 1154 illud
1163 1098 1310 1160 συντάξεως
1329 1120 1384 1154 cur·

336 1210 411 1256 snm,
429 1190 451 1242 si
470 1199 572 1261 spectes
589 1189 752 1254 Relatirum;
779 1188 825 1242 sed
843 1188 937 1261 parilis
965 1198 1005 1242 est
1033 1188 1161 1260 impedita
1180 1189 1386 1243 constructionis

337 1277 447 1333 durities
469 1278 497 1331 in
522 1276 562 1331 his
589 1277 721 1349 exemplis.
749 1275 832 1331 Acad.
850 1273 870 1343 l,
890 1279 920 1330 8:
947 1293 1048 1346 quom
1070 1276 1124 1328 vim
1143 1304 1178 1315 -
1196 1264 1386 1346 eandemque

336 1384 392 1418 esse
411 1385 460 1431 -ς
478 1365 511 1418 de
528 1364 608 1418 Finn.
624 1363 658 1431 ll,
677 1369 707 1418 2:
727 1384 791 1435 quo
809 1363 898 1417 omnia
916 1363 1099 1435 referrentur,
1117 1380 1202 1436 neque
1222 1363 1259 1413 id
1276 1362 1287 1412 i
1292 1381 1386 1431 psum

338 1470 453 1525 usquam
472 1452 621 1524 referretur
640 1491 647 1507 .
665 1489 672 1504 .
692 1489 699 1506 .
718 1470 807 1523 neque
824 1449 864 1504 his
882 1449 1065 1522 similibusque
1083 1448 1148 1504 locis
1167 1449 1318 1522 quicquam
1333 1468 1386 1501 mo·

339 1539 482 1594 rendum.“
501 1537 573 1595 ted
593 1540 644 1594 rid.
662 1551 779 1594 nostram
802 1549 893 1592 annot.
911 1539 944 1592 ad
961 1537 1059 1593 Tusce.
1071 1542 1105 1604 V,
1120 1541 1147 1605 3,
1165 1541 1189 1602 8,
1208 1537 1305 1608 iisque,
1323 1555 1385 1608 quae

339 1628 375 1681 ibi
393 1629 433 1699 (p.
441 1630 476 1682 18
489 1646 529 1701 eq.
546 1627 581 1682 Τ.
593 1627 651 1696 ΙΙΙ.)
669 1637 730 1682 sunt
749 1629 843 1699 posita,
863 1627 931 1681 adde
949 1627 1076 1698 Seyffert.
1111 1625 1249 1681 Palaestra
1268 1623 1386 1679 Ciceron.

339 1735 365 1786 p.
378 1718 422 1769 18.
438 1727 464 1771 et
481 1715 584 1788 Teipel.
595 1715 624 1770 in
638 1715 743 1771 Prolus.
761 1715 893 1772 Coesfeld.
911 1736 935 1770 a.
944 1719 1023 1771 1841.
1041 1735 1094 1786 qua
1105 1714 1250 1785 probatur:
1269 1711 1385 1784 Scripto-

339 1823 381 1857 res
404 1803 524 1858 Graecos
548 1814 575 1858 et
598 1804 706 1858 Latinos
734 1824 750 1858 a
774 1803 898 1871 relativa,
929 1823 982 1876 qua
1007 1803 1121 1870 dicitur,
1151 1803 1296 1856 verborum
1326 1821 1384 1858 con-

339 1891 485 1946 structione
503 1911 582 1964 saepe
599 1892 760 1959 discessisse,
779 1914 805 1965 p.
825 1895 868 1945 12.
904 1890 965 1946 Mr.

411 1983 495 2033 Cuius
513 1981 601 2041 omnio
621 1982 734 2034 consilia
751 2010 787 2021 -
800 1981 965 2052 seruatum]
1003 1979 1067 2046 „Ab
1085 1981 1159 2050 ipso:
1179 1980 1197 2032 i.
1216 1999 1241 2034 e.
1259 1981 1293 2032 ab
1313 1978 1384 2050 ipsius

340 2068 449 2134 a'nimo,
467 2085 524 2121 uon
541 2086 556 2121 a
575 2067 791 2139 cupiditatibus.“
809 2067 831 2120 F
838 2087 883 2122 rc.
902 2067 992 2139 Sylr.
1030 2067 1095 2135 „Est
1112 2066 1178 2121 haec
1196 2067 1340 2140 descriptio
1356 2065 1385 2119 li·

342 2155 450 2209 bertatis
480 2154 564 2226 magis
588 2154 760 2228 philosopha:
785 2155 894 2229 quando
919 2155 1050 2220 actiones,
1077 2173 1143 2227 quas
1168 2155 1255 2226 gerit,
1276 2155 1310 2209 ab
1335 2156 1384 2226 ipso

341 2253 487 2313 geruntur,
506 2242 656 2315 eodemque
673 2244 705 2314 (i.
726 2265 749 2297 e.
768 2245 801 2298 ad
820 2243 922 2315 ipsum)
939 2244 1072 2297 feruntur.
1119 2241 1254 2297 Convenit
1271 2261 1333 2296 cum
1350 2260 1383 2306 ea,

342 2347 411 2400 qnae
428 2329 527 2384 dicitur
544 2330 655 2384 facultas
673 2333 784 2402 agendi:
803 2351 883 2405 agere
903 2351 964 2386 rero
983 2331 1107 2397 dicimur,
1126 2350 1189 2385 cum
1208 2349 1288 2386 causa
1308 2340 1386 2382 muta·

340 2415 421 2471 tionis
437 2416 466 2471 in
485 2419 577 2484 nobis,
596 2437 647 2473 nec
665 2430 735 2473 extra
756 2440 805 2473 nos
822 2421 869 2474 sita
889 2431 935 2474 est.
982 2419 1067 2491 lgitur
1089 2419 1128 2472 his
1146 2418 1288 2474 Ciceronis
1312 2415 1385 2471 verbis

341 2503 489 2558 excluditur
512 2507 599 2560 omnis
623 2518 728 2561 externa
754 2509 820 2563 ris.“
851 2508 890 2558 W
898 2518 960 2578 ytt.
1009 2507 1071 2574 „Ab
1088 2509 1147 2578 ipso
1167 2509 1246 2579 prof.
1262 2509 1280 2561 i.
1299 2527 1334 2573 e.‚
1361 2515 1384 2557 ut

342 2605 402 2664 post
418 2604 464 2660 est,
483 2594 566 2666 ipsius
582 2594 717 2650 voluntate
730 2606 811 2668 atque
824 2595 931 2651 iudicio.
944 2595 1047 2649 namin
1064 2595 1104 2649 leis
1114 2596 1226 2668 proprie
1238 2606 1275 2650 est
1287 2591 1384 2648 homo.“

341 2682 420 2736 Ern.
457 2684 489 2737 ln
507 2681 573 2737 Cod.
593 2682 650 2738 Cn.
663 2687 688 2739 1.
706 2696 745 2740 est
762 2685 876 2738 consilia
895 2686 992 2741 omnio.
1030 2683 1101 2737 Gud.
1113 2684 1146 2738 A.
1165 2703 1208 2737 rea
1228 2704 1278 2756 pro
1293 2699 1383 2753 resque.

343 2768 414 2823 Gud.
433 2769 464 2822 B.
490 2791 553 2844 que
575 2772 639 2841 (sic)
660 2773 732 2843 gerit
740 2792 751 2832 ,·
780 2771 840 2828 Cre.
859 2775 884 2826 1.
912 2790 981 2844 quos
1006 2774 1134 2844 egerit,
1164 2776 1226 2825 al.
1253 2791 1290 2827 m.
1313 2770 1383 2824 altera

344 2858 439 2912 delerit
457 2858 572 2913 litteram
590 2879 605 2910 e
624 2859 811 2930 praemissam;
839 2858 899 2914 Cra.
919 2866 943 2913 2.
961 2878 1030 2932 quas
1047 2861 1133 2931 agit.
1178 2859 1252 2913 Tum
1272 2857 1382 2912 Gudtl

344 2947 379 2997 ob
397 2966 434 2999 eo
452 2966 503 3017 pro
522 2946 558 2999 ob
575 2948 659 3014 ipso.

413 3034 554 3105 eodemque
572 3053 605 3084 re
605 3034 799 3104 feruntur]
825 3033 915 3106 Vulgo
935 3036 1086 3106 feruntur,
1114 3046 1210 3091 contra
1238 3031 1381 3093 senteutiam

345 3119 491 3173 Ciceronis.
525 3119 596 3173 Dedi
614 3119 697 3191 igitur
715 3140 778 3176 cum
797 3119 848 3174 Or.
867 3123 1036 3193 referuntur,
1055 3124 1101 3196 qui
1119 3143 1148 3177 se
1166 3124 1252 3177 vereri
1271 3122 1340 3189 dicit,
1356 3137 1382 3172 ne

343 3209 372 3260 in
391 3209 472 3262 verbo
491 3208 628 3279 feruntur
646 3209 739 3262 falsam
763 3211 925 3282 quaesierint
950 3212 1110 3284 elegantiam
1134 3211 1236 3277 critici,
1262 3210 1382 3279 additque.

344 3296 422 3349 rerba
441 3295 570 3350 eiusmodi
598 3299 746 3369 composita
766 3310 879 3370 propter
904 3299 1063 3371 compendia
1083 3299 1233 3370 scripturae
1259 3316 1336 3368 saepe
1351 3291 1381 3346 rel

344 3401 406 3438 cum
424 3382 482 3436 aliis
500 3385 654 3456 compositis
673 3386 803 3439 confundi
830 3386 870 3439 rel
889 3387 918 3440 in
944 3386 1074 3458 simplicia
1095 3387 1223 3440 transire:
1249 3384 1327 3438 rerbo
1349 3399 1383 3432 re-

338 3470 449 3542 ferendi
466 3482 555 3526 autem
572 3473 723 3546 saepissime
737 3474 775 3529 sic
793 3473 831 3527 uti
850 3471 1020 3528 Ciceronem.
1055 3473 1111 3527 Nec
1123 3493 1186 3526 vero
1198 3492 1228 3526 ex
1243 3471 1382 3528 coniectura

344 3559 519 3630 corrigendus
536 3560 588 3614 fuit
607 3561 696 3616 locust
724 3561 823 3617 habent
849 3560 923 3615 enim
941 3563 1100 3634 reseruntur
1125 3559 1211 3614 Codd.
1231 3561 1291 3614 Bas.
1308 3551 1383 3611 Guell·

340 3648 413 3701 'Edd
432 3650 504 3701 Crat.
523 3647 615 3718 Magn.
632 3650 708 3702 Man.
724 3649 817 3703 Lamb.
836 3650 922 3714 Hah..
950 3659 1087 3719 praeterea
1113 3669 1143 3701 er
1168 3649 1267 3702 nostris
1284 3639 1382 3700 ont

345 3732 380 3786 U.
399 3732 539 3800 71.Cra.1.
558 3733 674 3789 Drsd.2.
692 3735 804 3790 Gud.&
823 3737 890 3790 Edd.
909 3737 1004 3791 Colon.
1022 3735 1097 3807 Sytb.
1116 3734 1187 3788 And.
1206 3736 1267 3805 Tal.
1286 3730 1383 3787 Lamllr.

346 3817 427 3873 Goth.
446 3821 508 3873 Car.
527 3818 619 3891 steph.
638 3821 717 3874 Boul.
736 3821 815 3875 Atdd.
835 3827 914 3878 1511.
934 3828 1013 3880 1548.
1033 3826 1111 3878 1552.
1130 3822 1164 3876 Η.
1176 3823 1265 3876 Wolf.
1281 3815 1383 3875 Facciol·

346 3907 376 3960 ln
395 3907 463 3961 cod.
482 3906 561 3960 Drsd.
580 3912 606 3962 5.
630 3919 656 3962 et
683 3908 733 3962 Ed.
749 3911 818 3963 Ven.
838 3913 1035 3979 1514.1factnm
1062 3921 1115 3974 est,
1149 3911 1226 3983 quod
1246 3901 1384 3981 saepefieri

283 4068 285 4073 Ι
347 3996 409 4049 dixit
425 3995 487 4061 Or.‚
505 3995 633 4049 nimirum
652 4009 681 4051 ut
700 4009 812 4070 propter
826 4001 987 4073 compendia
1006 3999 1140 4055 scribendi
1160 4001 1240 4053 rerba
1253 3993 1384 4068 composita

347 4082 593 4152 confunderentur,
612 4097 650 4139 est
668 4087 739 4140 enim
758 4086 791 4140 in*
804 4086 846 4142 lais
860 4090 1050 4162 proferuntur.
1085 4087 1168 4157 Borg.
1186 4098 1287 4152 autem,
1306 4080 1383 4156 quiin

347 4173 471 4226 omnibus
490 4171 557 4224 Edd.
569 4191 623 4226 esse
636 4173 901 4246 seruntur'putabat,
921 4177 1059 4230 destitutus
1075 4174 1144 4228 Edd.
1155 4174 1297 4239 veteribus,
1315 4167 1384 4224 male·

347 4263 392 4314 bat
410 4273 499 4315 tamen
517 4261 692 4333 referuntur,
719 4262 800 4334 idque
819 4264 1026 4317 commendabat
1044 4262 1083 4314 his
1100 4260 1178 4315 lociss
1208 4260 1279 4314 Phil.
1297 4257 1338 4323 ΙΙΙ,
1353 4258 1384 4308 {tt

348 4348 447 4417 Itaque
465 4367 511 4413 ea,
536 4367 605 4420 quae
622 4350 957 4422 proficiscebantur
985 4369 1003 4402 α
1021 4349 1125 4420 legibus
1144 4379 1196 4416 -,
1215 4350 1255 4401 ad
1272 4344 1385 4420 oequito·

349 4447 401 4490 tem
420 4436 609 4508 referebat.
639 4436 681 4489 De
692 4437 771 4490 Finn.
782 4436 815 4504 ll,
827 4442 875 4492 182
889 4436 1192 4509 proficiscantur
1211 4445 1382 4497 anatum,-
