3450 5342
413 652 484 724 166
740 667 919 716 Pantuoxt
946 667 1137 717 srorcoauu.

409 834 490 888 stulti
507 833 656 885 insaniunt·
693 829 746 882 Sed
766 828 830 881 illud
848 829 927 883 bodie
947 847 1002 882 non
1020 840 1108 883 exstat.
1157 829 1277 882 Tantum
1297 829 1457 900 principium

408 921 466 976 eius
484 920 618 991 reliquum
644 928 682 971 est
704 916 870 970 huiusmodi:
899 921 958 990 Ego
983 937 1044 970 vero
1071 928 1098 968 te
1118 946 1151 955 -—
1172 915 1251 969 rebus
1275 917 1457 968 advincere

409 1009 574 1061 necessariis.
620 1005 746 1076 Reliqua,
778 1024 847 1075 quae
866 1017 1031 1077 sequuntur,
1059 1004 1125 1058 nibil
1152 1023 1214 1058 cum
1241 1003 1297 1057 hoc
1324 1003 1456 1056 Paradoro

409 1115 554 1151 commune
572 1093 685 1157 babent,
704 1077 750 1145 sed
770 1091 843 1144 aliud
860 1094 976 1163 probare
994 1092 1153 1158 intendunt,
1181 1091 1269 1144 solum
1296 1089 1400 1142 scilicet
1414 1107 1454 1140 εα-

405 1186 523 1254 pientem
541 1201 597 1235 esse
615 1182 710 1233 eivema
731 1197 818 1232 ornnes
837 1190 929 1231 autem
947 1180 1047 1231 stultos
1063 1198 1119 1232 esee
1136 1179 1236 1230 exules.
1281 1176 1387 1228 Mirum
1401 1193 1454 1228 vero

409 1291 461 1325 nec
479 1270 627 1331 Lambino,
652 1286 704 1321 nec
730 1266 831 1336 Langio
856 1285 909 1319 nec
937 1266 986 1336 ipsi
1014 1266 1130 1338 denique
1151 1266 1299 1331 Turnebo,
1328 1265 1453 1316 maiorum

410 1357 531 1427 gentium
550 1356 652 1419 critico,
672 1354 724 1407 boc
739 1352 899 1406 suboluisse:
919 1373 981 1406 uam
1000 1355 1028 1406 iu
1046 1354 1170 1407 Manutio
1188 1352 1254 1406 nibil
1269 1353 1323 1406 boc
1338 1352 1399 1405 nori
1410 1363 1454 1404 est:

411 1443 519 1497 ariolari
538 1442 609 1494 enim
629 1461 685 1494 non
705 1440 806 1494 didicit.
851 1440 944 1508 Quare
968 1443 990 1495 si
1009 1443 1069 1514 quis
1085 1442 1175 1494 locum
1194 1440 1272 1493 illum
1292 1439 1416 1512 supplere
1432 1448 1454 1490 et

410 1530 611 1601 deperditorum
629 1530 759 1582 iacturam
778 1528 876 1582 sarcire
896 1529 971 1597 velit,
991 1549 1037 1596 en,
1061 1549 1129 1602 quae
1147 1548 1204 1582 non
1223 1528 1307 1600 longe
1325 1549 1341 1581 a
1364 1526 1455 1599 princi·

410 1619 457 1690 pio
476 1617 545 1670 tertii
563 1617 777 1669 Tusculanarum
796 1616 857 1669 libri
885 1616 956 1687 apud
976 1618 1135 1671 Ciceronem
1154 1617 1298 1687 leguntur,
1321 1616 1397 1668 illinc
1418 1633 1453 1666 as·

409 1725 514 1758 sumere
533 1716 613 1776 atque
639 1704 691 1758 buc
709 1705 852 1758 transferre
871 1704 978 1758 debet.“
1024 1706 1179 1775 Scioppius:
1198 1702 1356 1774 (Elementa
1367 1699 1453 1754 Pbiloe

410 1793 516 1848 Stoicae
536 1792 661 1859 Moralis,
681 1813 740 1864 cap.
757 1795 819 1846 129.
838 1812 863 1862 p.
883 1791 940 1860 Π.)

482 1875 535 1933 ’ὅτι
548 1885 611 1941 πᾶς
629 1879 742 1952 dapar
759 1881 939 1946 μαίνεται]
984 1879 1045 1945 „De
1064 1879 1116 1933 hoc
1134 1879 1274 1932 Paradoxo
1295 1879 1391 1932 Cicero
1408 1876 1452 1948 egit

410 1969 505 2022 Tusce.
525 1969 640 2039 Disputt.
662 1968 708 2036 lV,
730 1973 773 2034 25,
792 1972 835 2022 54.
884 1966 947 2019 Eius
973 1979 1061 2021 autem
1086 1987 1176 2021 sensus
1194 1968 1362 2039 aperiundas
1379 1978 1415 2020 est
1429 1984 1453 2016 er

410 2056 603 2128 significatione
621 2057 738 2110 nominis
748 2054 836 2126 dopna
846 2066 872 2108 et
891 2056 962 2108 rcrbi
981 2062 1129 2117 μαίνεσθαι.
1166 2055 1239 2126 Ergo
1258 2053 1350 2125 ἄφρων
1368 2053 1453 2108 dicitur

410 2145 447 2210 is,
467 2144 512 2215 qui
532 2163 588 2196 non
607 2155 645 2197 est
662 2141 798 2214 φρόνιμος,
819 2142 949 2214 prudens:
966 2144 1113 2211 prudentia
1131 2154 1220 2195 autem
1238 2154 1278 2196 est
1302 2143 1453 2196 fundamen-

412 2243 469 2286 tum
489 2231 570 2285 trium
588 2231 753 2302 reliquarum
772 2231 914 2294 virtutum,
933 2230 1125 2300 fortitudinis,
1153 2231 1361 2300 temperantiae,
1379 2228 1453 2279 iusti-

412 2319 483 2382 tiae,
501 2338 570 2390 quae
588 2331 650 2371 sunt
669 2318 816 2389 practicae,
840 2337 903 2371 cum
927 2318 983 2389 ipsa
1001 2318 1034 2371 sit
1052 2317 1206 2372 theoretica.
1250 2317 1322 2388 Ergo
1342 2314 1453 2387 φρὸννμνι

333 2475 335 2479 y
412 2425 493 2460 nemo
512 2418 550 2460 est
568 2406 617 2459 nisi
634 2405 751 2476 sapiens:
777 2407 868 2478 etqui
893 2426 950 2459 non
969 2418 1007 2459 εει
1024 2407 1142 2477 sapiens,
1167 2405 1267 2460 dicitur
1292 2403 1396 2476 dopna,
1420 2402 1453 2455 la·

414 2494 468 2547 tine
487 2495 605 2557 stultus,
625 2494 697 2567 quod
716 2505 755 2548 est
772 2514 787 2547 a
806 2494 941 2565 primitivo
969 2494 1038 2546 stolo
1063 2503 1089 2546 ει
1107 2505 1182 2547 notat
1199 2494 1355 2560 caudicem,
1386 2504 1452 2546 trun·

413 2603 475 2638 cum
494 2582 575 2654 ligni,
594 2584 690 2636 deinde
708 2602 757 2654 per
774 2579 924 2654 μεταφορὰν
941 2581 1039 2635 dicitur
1057 2582 1089 2634 de
1108 2581 1261 2635 bominibus
1288 2581 1398 2652 ingenio
1414 2598 1451 2632 ca·

412 2672 532 2725 rentibus
553 2671 592 2724 rel
610 2672 705 2738 tardis,
730 2670 861 2741 imperitis
888 2670 927 2723 vel
952 2670 1029 2747 etiam
1055 2670 1137 2722 nimia
1162 2689 1188 2722 se
1208 2669 1357 2724 mobilitate
1375 2666 1451 2740 prole

413 2760 545 2814 rentibus:
563 2761 635 2813 unde
653 2771 692 2813 cst
709 2758 821 2812 latinum
839 2759 971 2825 stolidus,
991 2779 1020 2810 ex
1039 2755 1132 2810 eadem
1152 2758 1265 2829 origine.
1302 2755 1359 2810 lam
1379 2771 1450 2828 quum

414 2847 537 2901 stultitiae
556 2847 632 2900 multi
650 2847 703 2900 sint
720 2847 832 2916 gradus,
857 2865 978 2899 summus
1003 2845 1117 2900 babetur
1141 2845 1239 2916 gradus
1263 2852 1345 2908 μανία
1362 2865 1383 2897 ε,
1400 2847 1451 2905 μαι-

413 2939 520 2997 ννσθαν,
537 2933 642 2998 furere,
667 2933 791 2985 insanire.
846 2931 940 3003 ltaque
959 2934 1078 2987 ridemus
1104 2933 1156 2987 boc
1173 2933 1333 2987 Paradoxon
1352 2933 1380 2986 in
1399 2949 1450 2985 eau-

414 3020 475 3072 dem
493 3018 612 3072 incidere
630 3019 860 3072 incredibilitatem
881 3020 897 3072 i.
911 3040 933 3073 e.
951 3019 1108 3088 falsitatem,
1125 3041 1157 3074 ac
1175 3021 1261 3093 prius:
1291 3012 1380 3074 omnia
1393 3037 1450 3090 pee-

415 3117 479 3157 cata
497 3124 553 3157 esse
571 3106 708 3177 aequalia.
744 3106 813 3158 Nam
832 3109 901 3162 etin
919 3108 1117 3162 bocParadoxo
1136 3110 1189 3163 vitii
1203 3109 1310 3179 -gradus
1325 3108 1450 3170 tolluntur,

415 3201 441 3244 et
459 3190 625 3259 allirmatur,
643 3191 736 3246 omnes
752 3195 846 3248 stultos
864 3216 949 3268 aeque
968 3217 1023 3250 esse
1041 3198 1146 3265 stultos,
1179 3211 1260 3271 atque
1280 3198 1348 3253 adeo
1367 3195 1451 3253 stultis·

414 3280 510 3346 simos,
529 3281 546 3333 i.
567 3300 590 3334 e.
610 3300 655 3334 eos
671 3286 841 3343 μαίνεσθαι.“
860 3284 1106 3356 Wyttenbacb.

477 3361 553 3420 Ὅτι
576 3373 641 3429 πᾶς
659 3367 771 3440 ἄφρων
795 3376 978 3439 μαίνεται]
1027 3373 1065 3425 Ex
1083 3373 1179 3427 nostris
1197 3373 1285 3429 Codd.
1305 3374 1393 3428 nullus
1413 3370 1451 3424 ba·

413 3456 458 3509 bet
475 3455 675 3529 inscriptionem
695 3458 835 3514 Graecam.
861 3461 926 3516 Oxx.
946 3461 965 3515 l.
983 3462 1016 3515 N.
1042 3481 1101 3514 eam
1131 3461 1269 3528 exhibent,
1299 3483 1380 3535 quam
1403 3477 1450 3523 nos,

414 3565 476 3599 cum
495 3547 547 3600 sint
564 3546 597 3600 ad
616 3547 665 3600 Ed.
685 3547 782 3603 Oliveti
807 3550 913 3616 collati,
941 3569 1010 3622 quae
1028 3549 1108 3603 babet
1126 3561 1253 3604 nostram.
1292 3549 1323 3603 ln
1343 3551 1450 3603 Edl'ar·

414 3635 491 3686 1507.
510 3634 603 3687 litteris
620 3634 707 3688 latinis
726 3637 854 3707 scriptum
875 3649 913 3691 εει
930 3640 970 3690 oti
989 3640 1095 3708 pondes
1112 3639 1123 3688 i
1140 3640 1207 3690 mori
1223 3640 1408 3707 opinissonde,
1429 3637 1451 3686 iu

414 3719 499 3790 Lugd.
517 3724 602 3775 1515:
633 3725 679 3773 Oti
695 3725 797 3790 pendes
821 3725 850 3774 Ιιί
870 3726 935 3776 mori
953 3726 1131 3794 apinissonde.
1178 3726 1286 3780 Nullam
1305 3727 1403 3780 babent
1417 3725 1451 3776 in·

415 3806 587 3877 scriptionem
617 3808 748 3863 Graecam
776 3811 825 3866 Ed.
851 3832 894 3883 ap.
919 3813 1005 3868 Meus.
1034 3815 1113 3867 lldlb.
1132 3834 1152 3867 s.
1171 3815 1188 3869 l.
1207 3826 1233 3868 et
1251 3835 1275 3868 a.
1300 3816 1383 3870 Paris.
1401 3831 1450 3869 aa·

414 3890 446 3945 ln
469 3894 540 3949 Ven.
560 3890 639 3949 1492.
658 3908 708 3951 est:
743 3919 783 3950 οτι
807 3919 905 3953 nareae
933 3923 956 3954 ον
979 3923 1056 3972 nepot
1079 3905 1319 3974 μχννονταν“(εῐε);
1351 3907 1377 3958 iu
1395 3905 1452 3956 Veu·

415 3983 499 4036 15¹4:
523 4005 564 4035 οἳ*
581 3982 675 4044 πάντες
693 4007 958 4058 atnepos-ueneram.
1001 3990 1070 4044 Edd.
1087 3992 1148 4045 Par.
1173 3996 1253 4047 1512.
1279 4005 1307 4047 ει
1334 3994 1398 4047 Dar.
1422 4011 1453 4043 en

389 4096 391 4107 ·
415 4091 509 4129 παντες
527 4093 551 4122 οι
568 4093 643 4142 popae
661 4094 839 4128 ααιννσσονταν
866 4079 929 4150 (pro
954 4075 1159 4147 αἀινύασονται).
1207 4078 1276 4133 Edd.
1308 4081 1369 4135 Asc.
1386 4079 1453 4134 151¹·

414 4159 479 4231 Arg.
499 4161 570 4214 Crat.
589 4160 1086 4224 tterw.tt.WottPai-.1543.Atd.
1105 4170 1185 4220 1518.
1213 4165 1285 4221 itud.
1310 4169 1370 4222 T-al.
1388 4165 1451 4238 Sylb.

414 4245 525 4300 Lambb.
544 4247 624 4302 Goth.
642 4250 665 4302 F
666 4269 722 4306 acc.
741 4245 894 4321 ὅτννιᾶντες
912 4254 935 4304 οἱ
952 4259 1035 4323 μωροὶ
1051 4260 1196 4316 μαίνονται.
1214 4254 1309 4307 Lamb.
1323 4266 1350 4308 et
1368 4253 1451 4308 Coloo.

415 4323 568 4394 ‘duracinae
587 4333 735 4407 oliipporac
755 4346 892 4414 pulvorem
917 4341 962 4410 (ad
990 4342 1069 4395 verba
1088 4341 1169 4412 Diog.
1186 4341 1273 4396 Lairt.
1293 4343 1310 4396 l.
1328 4344 1375 4412 l.);
1401 4338 1451 4395 Ald-

416 4420 495 4473 1511.
514 4424 626 4477 eandem
644 4424 722 4482 babet
735 4428 935 4500 inscriptionem
950 4429 1090 4498 Graecam,
1109 4430 1154 4483 sed
1167 4428 1248 4484 latini
1263 4429 1345 4502 plane
1356 4422 1453 4487 emissit
