3450 5342
369 643 438 715 112
690 666 861 713 rrrrooxr
891 665 1085 714 srorcoruu.

363 832 451 890 virtus
470 845 604 898 morerque
621 825 754 877 laudandi
771 834 851 887 sunt,
884 825 986 875 cuiue
1010 844 1064 876 nan
1089 825 1232 877 laudanda
1262 839 1317 882 est
1338 833 1414 883 vita,

363 915 442 967 Drsd.
454 918 478 968 3.
498 923 539 966 εει
561 914 629 969 vita,
647 930 717 983 quae
735 910 880 961 laudanda
898 920 948 963 eet.
984 910 1065 964 Drsd.
1077 915 1101 965 1.
1122 912 1235 969 Gudn.
1245 916 1279 970 B.
1294 920 1354 971 eius
1371 940 1414 972 nor

365 1001 505 1053 laudanda
522 1011 575 1053 ert
594 1000 679 1051 vita.
717 997 758 1050 Ad
778 1007 941 1050 structuram
960 998 994 1053 cl.
1009 998 1067 1053 Cat.
1084 1019 1132 1051 m.:
1160 1003 1217 1053 Neo
1243 1004 1296 1055 ulli
1322 1007 1412 1058 artium

365 1090 489 1160 magistri
506 1108 557 1139 non
575 1086 648 1137 beati
662 1086 789 1155 putandi.
827 1084 886 1136 Mr.

434 1179 491 1228 eiua
509 1195 561 1227 non
580 1174 721 1225 laudanda
740 1175 799 1225 vita
816 1175 888 1240 est5]
907 1174 992 1238 „Eius
1010 1192 1066 1227 non
1085 1175 1167 1229 estin
1187 1196 1254 1231 uno.
1292 1179 1409 1231 Eiusdem

363 1283 416 1315 esse
435 1263 463 1314 in
483 1261 640 1334 quibusdam
659 1259 703 1312 alii
724 1263 879 1314 nolarunr.“
899 1259 971 1314 Ald.
990 1260 1076 1314 Man.
1112 1263 1234 1316 Verbum
1254 1277 1321 1318 eunt
1342 1268 1410 1320 omil-

364 1353 395 1404 ι1ι
413 1349 463 1402 Ox.
482 1369 525 1413 ψ.;
544 1349 642 1401 habent
662 1350 719 1400 Cra.
739 1351 763 1399 1.
782 1348 862 1400 Drsd.
880 1352 906 1401 1.
929 1347 1068 1419 fugienda
1084 1360 1126 1402 ert
1145 1351 1220 1416 vita,
1247 1353 1329 1406 Drsd.
1347 1358 1372 1407 4.
1387 1359 1406 1407 5.

364 1439 430 1492 On.
448 1436 479 1490 Ε.
500 1437 518 1489 l.
537 1436 571 1488 U.
589 1456 615 1505 η.
633 1454 662 1497 ψ.
682 1438 739 1488 Cri.
759 1441 783 1488 2.
804 1434 875 1488 Gud.
894 1436 924 1488 B.
942 1436 1081 1507 fugienda
1101 1437 1236 1501 aliaest,
1268 1458 1332 1492 cum
1351 1440 1406 1492 Edd.

364 1546 420 1598 pre.
438 1524 487 1576 Ed.
506 1543 547 1595 ap.
565 1523 650 1576 Meus.
668 1523 738 1575 vict.
757 1521 841 1575 Sufsr.
860 1523 931 1575 Petr.
962 1523 1030 1576 Ven.
1049 1526 1128 1576 14112.
1148 1527 1227 1578 1514.
1257 1528 1319 1582 Par.
1339 1532 1406 1581 1501.

363 1617 442 1668 1512.
472 1613 558 1683 Lugd.
579 1615 657 1665 1515.
685 1610 749 1680 Arg.
774 1613 853 1663 1515.
880 1608 959 1662 lldlb.
980 1629 999 1661 s.
1018 1609 1038 1661 l·
1056 1620 1082 1664 ει
1099 1628 1123 1663 a.
1150 1611 1210 1663 Par.
1238 1617 1320 1668 1543.
1349 1614 1405 1665 Rob.

363 1701 455 1771 Steph.
477 1699 553 1752 Cam.
580 1699 641 1751 Ald.
661 1700 739 1751 1548.
776 1695 807 1748 ln
834 1695 902 1751 Edd.
930 1695 990 1748 Asc
1009 1700 1088 1750 1511.
1114 1709 1138 1750 ει
1156 1699 1217 1752 Par.
1237 1721 1258 1753 s.
1277 1721 1301 1757 a.
1320 1701 1405 1772 legitur

357 1790 496 1862 fugienda
514 1799 567 1841 eet
586 1788 653 1840 vita.
684 1785 773 1837 Verba
793 1802 862 1856 quae
880 1783 1022 1835 laudanda
1033 1794 1074 1837 ert
1093 1784 1188 1839 desunt
1206 1787 1234 1838 in
1250 1789 1317 1841 cod.
1332 1788 1403 1841 Ona.

363 1879 436 1932 Idem
456 1897 518 1930 cum
537 1876 587 1928 Or.
606 1874 627 1927 1.
647 1872 743 1926 omittit
761 1871 898 1942 sequentia
915 1882 984 1923 ercet
1002 1882 1094 1923 autem
1107 1873 1257 1943 fugienda.
1278 1877 1342 1928 Cod.
1356 1878 1403 1928 Cn„

364 1978 389 2019 ει
407 1966 479 2019 Gud.
498 1966 531 2017 Α.
550 1974 680 2034 pergunt:
700 1963 724 2013 ei
743 1963 839 2012 misera
858 1970 937 2014 earet.
973 1960 1034 2013 Mr.

433 2055 519 2121 Quam
539 2051 641 2103 obrem
660 2048 788 2120 quicquid
804 2057 844 2098 est
863 2047 1000 2098 laudabile
1008 2050 1027 2114 ,]
1048 2046 1114 2100 Cod.
1130 2051 1190 2101 Cra.
1208 2054 1234 2105 3.
1256 2072 1316 2105 cum
1336 2053 1404 2106 Drsd.

364 2147 389 2196 5.
408 2141 504 2193 omittit
522 2151 577 2203 eet,
602 2137 673 2191 Gud.
691 2139 724 2190 A.
749 2135 828 2188 habet
851 2136 989 2186 laudabile
1018 2147 1068 2190 est.
1130 2136 1238 2192 Suerin.
1264 2142 1403 2192 Laudabile

362 2240 394 2279 et
419 2229 486 2279 idem
513 2226 634 2288 beatum,
660 2223 717 2275 Crz.
738 2228 762 2275 2.
789 2242 851 2275 cum
877 2222 948 2275 Gud.
967 2222 1000 2275 A.
1024 2224 1121 2276 omittit
1145 2235 1172 2274 et
1199 2237 1262 2279 ante
1290 2227 1403 2286 beatum,

362 2317 439 2370 buius
459 2315 518 2368 loco
539 2314 605 2366 cod.
624 2312 718 2363 Duisb.
737 2310 815 2363 habel
832 2322 859 2361 et
878 2311 1000 2363 bonum
1010 2332 1019 2371 ‚·
1046 2311 1125 2363 Drsd.
1145 2315 1170 2364 5.
1200 2325 1262 2384 post
1279 2314 1404 2366 laudabile

361 2405 449 2475 pergit
465 2404 501 2454 id
518 2401 633 2455 beatum.
653 2398 711 2450 Mr.
749 2399 875 2462 „Florius
889 2399 1004 2451 refertur
1021 2399 1054 2451 ad
1069 2400 1238 2466 antecedens,
1260 2402 1304 2454 ubi
1315 2404 1404 2470 florere

364 2493 461 2546 dicitur
479 2491 562 2561 gratia
581 2501 606 2541 et
633 2489 788 2541 auclorilale
815 2486 928 2538 valere.“
947 2488 1051 2557 Wytr.
1099 2487 1173 2540 Idem
1199 2488 1233 2540 ad
1264 2490 1402 2541 verbaNec

361 2600 423 2632 vero
441 2608 475 2616 —
494 2578 579 2629 videri
598 2576 690 2627 debet:
721 2574 785 2639 „Est
808 2573 930 2626 collectio
951 2574 1030 2626 totius
1048 2576 1215 2645 argumenti,
1246 2596 1315 2649 quae
1334 2577 1401 2647 vulgo

361 2668 464 2720 Graece
483 2665 580 2718 dicitur
599 2661 834 2727 ἀνακεφαλαίωσις,
863 2674 889 2716 ει
916 2662 1108 2732 aquibusdam
1137 2664 1260 2716 redditur
1277 2666 1401 2732 recapitu-

360 2759 441 2806 latio':
462 2755 536 2806 cuius
554 2751 698 2823 syllogismi
718 2751 760 2804 bic
778 2761 816 2803 est
834 2770 930 2802 nexus:
951 2749 1025 2802 cuius
1038 2751 1118 2803 virtus
1138 2770 1282 2824 moresque
1299 2753 1401 2806 laudan·

361 2855 420 2908 tur,
440 2843 496 2894 eius
515 2842 565 2894 rita
585 2838 731 2892 laudanda:
750 2837 823 2908 quod
843 2836 1007 2889 laudandum
1026 2849 1078 2905 est,
1104 2858 1161 2890 non
1180 2852 1219 2892 est
1237 2840 1400 2912 fugiendum:

360 2929 431 3000 quod
449 2947 504 2980 non
523 2925 681 2996 fugiendum
701 2935 752 2989 est,
772 2943 827 2975 non
847 2936 885 2976 est
903 2924 1041 2976 miserum:
1066 2927 1169 2996 sapiens
1194 2927 1343 2984 laudandus
1359 2939 1396 2981 est:

360 3035 425 3086 ergo
445 3035 500 3066 non
520 3025 557 3066 εει
574 3013 682 3064 miser.“
718 3010 778 3062 ΜΓ.

436 3101 527 3152 Videri
545 3099 631 3165 debet]
665 3098 728 3164 „Sic
748 3117 850 3151 novem.
888 3103 986 3166 Decet,
1013 3121 1062 3154 ser.
1100 3103 1188 3165 Licet,
1214 3123 1292 3157 unus.
1329 3104 1399 3157 Solet,

361 3207 438 3240 unus.
489 3188 584 3250 Dicet,
607 3206 685 3239 unus.
712 3185 809 3238 male.“
837 3186 1059 3241 Aldbllanut.
1112 3191 1398 3254 „Videridecettila

360 3277 446 3328 maior
463 3295 524 3347 pars
541 3273 673 3327 librorum
700 3273 910 3344 pluleariorum:
939 3288 1099 3347 secutusque
1127 3278 1177 3330 luit
1197 3280 1339 3333 Victorius.
1363 3276 1398 3330 alii

359 3365 459 3416 ‹lebet.“
469 3364 494 3416 G
503 3384 541 3416 ru
549 3375 558 3416 ι
566 3383 579 3416 ε
587 3383 608 3414 r.
628 3362 732 3429 „Debet
741 3362 823 3414 edidit
832 3363 949 3434 Langius
960 3363 1066 3434 aliique.
1093 3363 1146 3416 Sed
1155 3366 1258 3419 Victor.
1268 3379 1293 3420 et
1302 3367 1394 3419 Gruter.

319 3440 321 3445 Ι
358 3454 417 3506 edd.
439 3472 500 3506 cum
517 3452 586 3505 Pith.
605 3451 715 3522 aliisque
734 3450 813 3504 MSS.
834 3451 915 3506 decet.
936 3451 1014 3515 male,
1033 3462 1126 3504 contra
1143 3454 1283 3506 Ciceronis
1297 3469 1395 3506 consue·

358 3553 411 3595 tam
431 3540 558 3613 loquendi
577 3541 735 3593 rationem.“
755 3540 872 3593 Graer.
919 3539 1057 3606 „Quidam
1076 3538 1151 3605 libri,
1180 3543 1262 3594 etiam
1280 3541 1344 3593 Edd.
1362 3556 1394 3609 pr.

359 3631 504 3699 quaedam,
524 3641 553 3681 ut
572 3629 682 3691 Goion,
703 3630 790 3691 decet,
817 3629 890 3700 quod
910 3640 936 3681 ει
954 3627 1086 3680 Gruterus
1102 3630 1222 3682 serravit.
1253 3649 1309 3683 non
1328 3630 1391 3681 bene.

359 3716 433 3765 debet
452 3716 560 3769 eseiam
579 3716 608 3766 in
625 3716 674 3766 Ed.
694 3715 771 3766 Rom.
791 3717 859 3767 Ven.
880 3719 958 3768 1470.
978 3717 1100 3784 beneque
1119 3716 1252 3769 revocarit
1272 3716 1390 3769 Graevius

357 3800 483 3852 Alienum
503 3813 540 3853 est
559 3802 591 3852 ab
611 3799 660 3853 hac
679 3802 806 3853 sententia
826 3803 924 3854 decet.“
944 3803 1020 3854 Ern.
1057 3803 1181 3854 Tuenlur
1199 3804 1340 3857 lectionem
1357 3803 1392 3852 de-

358 3887 401 3938 bet
420 3887 504 3940 codd.
525 3891 582 3939 Crz.
602 3892 627 3942 3.
647 3888 725 3940 Drsd.
746 3891 770 3942 3.
788 3893 813 3941 4.
834 3893 858 3942 5.
879 3889 950 3941 Gud.
970 3889 1000 3943 B.
1027 3891 1069 3958 (in
1089 3910 1143 3960 quo
1171 3903 1260 3944 tamen
1283 3903 1318 3944 est
1335 3891 1393 3939 detti

358 3973 396 4026 vel
416 3976 504 4043 debet)
523 3974 587 4027 Ou.
599 3975 629 4026 Ε.
650 3976 668 4027 l.
688 3976 721 4028 U.
742 3976 812 4029 Gud.
826 3976 856 4028 A.
877 3976 971 4029 Duieb,
990 3976 1057 4028 Edd.
1079 3979 1147 4029 Ven.
1160 3981 1240 4031 1492.
1260 3992 1286 4032 ει
1303 3989 1391 4032 nostru

356 4082 463 4128 omnes,
484 4063 596 4133 exceptis
614 4063 663 4116 Ed.
683 4085 739 4135 prc.
757 4070 836 4120 1465.
857 4067 925 4119 vici.
944 4066 1011 4118 Rob.
1026 4063 1118 4135 steph.
1135 4068 1210 4118 Cam.
1230 4066 1307 4120 Grut.
1321 4063 1391 4117 Groo.

357 4153 437 4206 Verb.
483 4151 537 4204 Sed
562 4165 633 4205 errat
660 4152 761 4206 Geruli.
790 4156 881 4208 dicens
906 4154 1056 4206 Victorium
1084 4164 1109 4205 ει
1137 4152 1286 4206 Gruterum
1311 4151 1391 4203 babere

357 4240 440 4294 docet.
483 4239 530 4292 Esr
547 4251 635 4294 autem
657 4242 730 4293 docet
750 4243 778 4294 in
798 4242 847 4295 Ox.
868 4243 900 4293 N.
926 4241 992 4293 Cod.
1022 4241 1101 4291 Bern.
1131 4241 1211 4295 habel
1235 4237 1389 4310 expetendum

360 4328 507 4383 videtur.
545 4331 576 4380 ln
595 4329 662 4381 Edd.
681 4329 740 4381 Par.
759 4333 837 4384 15111.
857 4342 882 4383 et
897 4333 975 4382 1512.
996 4329 1185 4398 compendium
1200 4341 1238 4382 est
1257 4331 1297 4395 dg.
1323 4317 1388 4392 Quod

357 4430 418 4463 vero
438 4413 601 4468 Goerenzius
619 4416 652 4468 ad
672 4416 727 4470 Cic.
748 4418 780 4469 de
799 4417 877 4469 Finn.
898 4419 944 4484 IV,
964 4420 1007 4482 ll,
1027 4420 1069 4470 28.
1087 4438 1113 4488 p.
1128 4422 1189 4471 455.
1209 4417 1287 4472 scribi
1305 4410 1389 4467 volcbal
