3450 5342
611 702 806 751 rrnrnoxou
833 704 882 750 ιιι.
911 703 980 752 ιιι.
999 706 1020 750 ι.
1272 682 1344 759 127

290 872 345 915 ιιιιιι
365 860 496 914 dilleruut
514 862 540 914 in
559 860 631 926 aliis,
657 862 705 914 nisi
733 860 805 932 quod
825 858 874 913 Ed.
893 861 955 913 Par.
975 881 994 914 s.
1016 881 1039 914 a.
1060 871 1085 915 et
1113 859 1174 914 Asc.
1192 865 1271 919 1511.
1296 866 1345 923 liae

291 948 357 1001 bcnt
374 948 438 1000 doc
455 967 519 1001 uno
538 949 574 998 id
591 958 715 1014 tenetur,
733 947 794 1001 Par.
814 950 895 1001 1512.
915 959 940 1002 et
960 949 1028 1002 Dav.
1057 949 1092 1001 in
1110 950 1161 1001 hoc
1178 968 1232 1003 uno
1250 961 1303 1007 im.
1320 966 1346 1008 et

292 1035 379 1106 Lugd.
397 1035 428 1086 id
443 1035 493 1088 doc
511 1054 576 1088 non
594 1045 712 1090 tenetur.
750 1035 840 1089 Verba
867 1036 897 1087 id
914 1037 964 1089 hoo
983 1056 1036 1089 uno
1053 1046 1163 1089 tenatur
1180 1035 1246 1089 Ern.
1265 1038 1347 1110 expli-

291 1133 347 1176 cat:
366 1123 551 1188 „convincitur
570 1123 699 1194 peccati.“
736 1123 795 1176 Mr.

363 1211 442 1280 Quod
459 1221 550 1262 autem
569 1241 603 1249 -
622 1230 675 1262 non
692 1211 792 1277 licere]
830 1211 923 1277 „llaec
942 1209 1024 1264 dictio
1044 1208 1179 1280 duplicem
1198 1209 1278 1266 habet
1295 1210 1348 1265 dil-

291 1297 448 1361 ficultatcm,
466 1316 581 1370 querum
600 1317 653 1350 une
672 1310 711 1353 est
728 1298 757 1352 in
772 1299 853 1351 verbo
872 1298 972 1360 teneri,
1002 1295 1075 1369 quod
1105 1317 1134 1349 ex
1156 1296 1273 1351 iudiciali
1297 1316 1348 1353 usu

291 1384 401 1454 ponitur
420 1403 469 1456 pro
488 1396 630 1440 nocentem
649 1405 720 1453 esse,
739 1405 878 1457 peccasse,
899 1404 1015 1456 poenam
1036 1384 1142 1438 mereri.
1186 1382 1278 1439 Altero
1294 1384 1349 1441 dil·
1461 1446 1463 1450 Α

291 1471 393 1525 ficnltas
411 1482 449 1525 est
467 1471 496 1524 iu
515 1473 732 1539 constructione,
749 1493 818 1544 quae
842 1473 878 1526 ita
898 1482 937 1526 est
956 1471 1135 1543 expedienda,
1165 1481 1195 1525 ut
1213 1490 1270 1525 eam
1299 1492 1347 1527 ec·

292 1561 421 1632 cipiamus
442 1580 471 1613 ex
489 1560 619 1614 eiusmodi
642 1579 706 1626 usu,
736 1579 791 1630 quo
816 1570 942 1613 neutrum
969 1558 1080 1630 ponitur
1109 1577 1159 1628 pro
1188 1559 1346 1626 masculino,

289 1659 314 1700 et
332 1648 370 1701 sic
389 1667 439 1717 per
456 1646 697 1718 breviloquentiam
716 1647 816 1700 dictum
835 1647 868 1700 sit
887 1664 951 1717 prot
970 1645 1027 1714 Qui
1046 1655 1135 1698 autem
1155 1644 1255 1717 aliquid
1269 1666 1346 1701 com·

288 1735 376 1798 misit,
402 1734 475 1804 quod
506 1753 562 1786 non
590 1733 665 1798 licet,
695 1735 723 1784 in
742 1730 816 1784 hunc
844 1732 905 1784 satis
923 1749 1020 1802 magna
1048 1733 1119 1788 cadit
1146 1733 1225 1804 culpe
1250 1745 1276 1788 et
1294 1735 1346 1787 im-

290 1821 410 1893 putatio,
436 1822 456 1873 si
482 1821 650 1873 convincitur
674 1838 735 1873 eum
765 1818 866 1889 aliquid
895 1818 1000 1883 secisse,
1031 1820 1103 1890 quod
1130 1839 1187 1872 non
1215 1821 1347 1875 licuerit.“

289 1909 396 1980 Wytt.
435 1907 476 1960 Ad
495 1908 654 1961 sententiam
674 1906 744 1960 verbi
764 1920 878 1978 arguere
905 1906 956 1961 vid.
981 1927 1048 1979 quae
1068 1908 1181 1962 contulit
1205 1908 1236 1962 Ε.
1260 1909 1347 1962 Kaer·

292 1995 400 2050 cherin
418 1995 509 2049 libello
529 2015 552 2050 a.
570 1998 649 2049 1828.
669 1993 847 2048 Carolsruhae
864 1994 996 2064 (octonis)
1012 1995 1097 2049 edito:
1114 1995 1155 2048 De
1174 1996 1274 2067 optima
1292 1996 1345 2050 La-

290 2085 339 2138 tini
364 2083 452 2137 Lexici
478 2083 620 2138 condendi
648 2083 775 2149 Ratione,
800 2102 827 2153 p.
842 2085 972 2137 39-41.
998 2083 1044 2135 ubi
1069 2094 1190 2137 nostrum
1217 2085 1346 2155 arguitur

292 2171 437 2243 explicatur
455 2173 536 2225 verbo
552 2173 696 2242 probatur.
732 2170 763 2223 M
770 2191 792 2222 r.

361 2260 441 2330 Quod
456 2270 549 2312 nutem
572 2279 624 2312 non
643 2261 705 2311 licet
724 2288 759 2298 -
779 2259 908 2329 aequalia
933 2259 988 2310 sint
1007 2261 1131 2328 oportet]
1175 2257 1342 2325 „Continent

290 2346 356 2400 baec
374 2346 447 2419 quasi
466 2329 650 2419 syllogismum
670 2348 755 2401 hunc:
773 2346 801 2400 si
821 2346 863 2410 id,
891 2346 963 2417 quod
992 2346 1143 2412 nonlicet,
1168 2345 1196 2398 in
1227 2365 1259 2399 eo
1285 2347 1344 2418 ipso

290 2434 423 2500 consistit,
443 2446 473 2489 ut
491 2453 547 2488 non
563 2435 655 2490 liceat:
682 2447 709 2488 et
732 2437 753 2489 si
781 2435 807 2487 id
834 2433 917 2488 licere
936 2451 986 2486 nec
1011 2435 1166 2487 maiusnec
1184 2434 1273 2487 minus
1291 2452 1344 2486 ιιιι-

290 2541 372 2592 quam
401 2521 457 2574 fieri
477 2533 576 2594 potest;
602 2524 735 2595 sequitur,
763 2533 793 2576 ut
816 2533 941 2593 peccata,
978 2540 1046 2592 quae
1076 2540 1105 2572 ex
1132 2539 1164 2572 eo
1192 2533 1343 2585 nascantur,

289 2609 364 2682 quod
383 2627 489 2678 semper
507 2628 592 2661 unum
611 2620 637 2663 et
653 2610 724 2663 idem
744 2622 797 2675 est,
825 2608 946 2681 aequalia
965 2608 1025 2661 sint.
1079 2607 1162 2680 Atqui
1188 2625 1280 2659 verum
1307 2618 1345 2661 est

288 2695 466 2763 antecedens,
493 2715 559 2766 ergo
579 2697 658 2749 etiam
681 2716 856 2768 consequeus.
901 2697 951 2749 Hic
978 2694 1146 2766 syllogismus
1172 2694 1283 2764 fingitur
1310 2695 1345 2748 ita

289 2783 467 2855 reprehendi,
488 2794 518 2837 ut
536 2804 579 2849 ea,
601 2804 670 2856 quae
689 2784 767 2855 vulgo
787 2784 885 2837 dicitur
903 2783 1005 2848 maior,
1030 2802 1051 2834 s.
1071 2781 1246 2846 antecedens,
1273 2780 1346 2851 quod

291 2873 391 2926 rectius
409 2871 520 2936 dicitur,
538 2872 709 2944 Propositio,
737 2872 771 2925 ab
790 2870 941 2925 adversario
961 2880 1088 2941 negetur,
1118 2868 1193 2921 cuius
1222 2867 1344 2937 negatio·

290 2981 353 3015 nem
373 2961 407 3014 ita
427 2959 526 3014 refutat
544 2958 656 3026 Cicero,
674 2971 705 3014 ιιι
728 2959 795 3015 haec
820 2958 900 3012 verba
924 2958 1010 3011 dicat:
1040 2956 1166 3028 quonium
1193 2955 1222 3006 in
1249 2973 1279 3006 eo
1303 2966 1345 3006 est

285 3058 441 3117 peccatum,
471 3048 543 3118 quod
559 3066 612 3100 non
635 3047 722 3102 licuit.
770 3048 897 3121 Ceterum
922 3044 1022 3099 falsitas
1046 3044 1124 3098 huius
1150 3040 1298 3115 syllogismi
1317 3054 1343 3096 et

289 3137 342 3187 iarn
363 3152 435 3187 nunc
453 3135 565 3187 sentitur
586 3146 612 3188 et
629 3136 657 3188 in
675 3132 848 3207 sequentibus
867 3133 953 3204 magis
970 3132 1139 3204 apparebit.“
1162 3131 1343 3203 Wyttenb.

290 3221 332 3273 Ad
352 3241 373 3272 v.
393 3230 500 3273 tenetur
519 3222 625 3275 conlert
643 3221 746 3275 Geruli.
772 3219 830 3276 cte
849 3239 901 3291 pro
927 3218 1033 3275 cluent
1052 3223 1096 3285 44,
1116 3220 1184 3273 125:
1209 3238 1257 3271 nec
1287 3218 1343 3271 ullo

290 3318 450 3380 argumento
469 3308 645 3361 Cluentianae
668 3309 798 3378 pecuniae
826 3309 925 3361 crimen
949 3306 1135 3360 tenebitur
1143 3326 1153 3365 ,·
1180 3305 1215 3359 ad
1237 3325 1261 3359 v.
1282 3306 1344 3357 licut

289 3397 373 3465 Borg.
394 3394 449 3446 cic.
467 3393 536 3445 Phil.
555 3394 626 3460 Xlll,
645 3397 673 3448 6:
699 3395 835 3466 Siquidem
853 3395 961 3447 licere
979 3392 1106 3456 dicimus,
1134 3390 1207 3460 quod
1231 3390 1345 3461 iegibus,

288 3483 363 3556 quod
381 3497 451 3531 more
470 3480 601 3530 maiorum
617 3481 805 3550 institutisque
823 3479 986 3533 conceditur.
1019 3481 1051 3530 ’Μ
1059 3497 1080 3529 ι.

362 3567 399 3618 Id
415 3565 440 3618 si
457 3583 505 3617 nec
523 3568 620 3634 maius]
657 3566 723 3633 „Sic
750 3585 844 3620 omnes
862 3565 931 3620 mei:
961 3583 1017 3617 uno
1036 3572 1159 3633 excepto,
1189 3562 1218 3615 in
1244 3562 1343 3632 quoin

289 3655 413 3725 margine
432 3652 539 3706 additur
557 3654 677 3724 quidem:
702 3656 738 3706 Id
753 3656 777 3708 si
796 3654 934 3727 quidem
958 3670 1005 3704 nec
1023 3651 1137 3705 moius.“
1165 3648 1237 3702 Ald.
1257 3649 1345 3705 Man.
1455 3690 1456 3694 ,

291 3743 342 3798 Alii
361 3742 391 3793 id
408 3741 438 3792 si
457 3741 598 3812 quidem.
636 3742 689 3796 Sed
708 3744 736 3797 in
755 3743 866 3815 vulgatis
890 3741 964 3794 libris
983 3750 1037 3794 tota
1057 3738 1183 3810 periodus
1196 3739 1262 3794 baec
1281 3757 1344 3811 pra·

291 3832 326 3885 vis
344 3828 557 3883 distinctionibus
577 3832 757 3886 contaminata
777 3834 842 3885 est.“
871 3831 893 3883 F
900 3849 970 3884 acc.
1017 3827 1064 3881 Est
1091 3826 1118 3879 in
1146 3827 1211 3880 cod.
1241 3830 1300 3881 cn.
1318 3831 1344 3883 3.

290 3919 320 3969 id
337 3918 509 3990 siquidem
530 3937 590 3982 nec,
609 3918 691 3991 idque
710 3919 808 3973 habeut
825 3919 876 3972 Ed.
896 3937 940 3988 ap.
958 3916 1043 3968 Meus.
1061 3917 1132 3967 Crat.
1146 3914 1238 3986 Magn.
1251 3914 1343 3966 Lamh.

291 4006 375 4060 Sullr.
400 4006 489 4070 Petri,
519 4026 548 4058 ex
575 4007 671 4061 nostris
695 4008 763 4061 Ven.
787 4010 868 4060 1492.
893 4008 973 4059 1514.
1003 4004 1067 4056 Dav.
1092 4003 1153 4054 Par.
1167 4000 1246 4056 1512.
1265 4003 1343 4055 1543.

292 4095 370 4148 lldlb.
400 4114 420 4148 s.
446 4093 464 4147 1.
484 4103 552 4148 eta.
572 4093 636 4166 Arg.
663 4094 733 4148 Aut.
752 4093 811 4147 Tal.
835 4092 937 4146 Sturm.
963 4089 1039 4144 Cam.
1066 4088 1160 4142 colon.
1186 4085 1245 4140 Atd.
1264 4087 1343 4139 1517.

292 4184 371 4238 1548.
389 4182 466 4235 ΒοιιΙ.
483 4182 573 4238 tterw.
591 4182 652 4236 Asc.
672 4185 750 4236 1511.
794 4181 825 4233 ln
845 4179 894 4232 Ed.
913 4180 974 4232 Par.
992 4198 1012 4230 s.
1031 4196 1057 4232 a.
1076 4186 1113 4228 est
1131 4175 1160 4224 id
1176 4174 1203 4223 ii
1220 4189 1284 4231 nec‚·
1314 4171 1342 4223 in

292 4271 352 4325 Par.
371 4274 450 4325 15111.
474 4281 499 4323 et
524 4268 609 4341 Lugd.
637 4270 669 4321 si
687 4270 724 4319 id
740 4268 876 4340 quidem
892 4284 953 4329 nec3
981 4264 1010 4316 in
1029 4261 1097 4314 Edd.
1121 4257 1201 4310 Goth.
1230 4257 1343 4311 Lambb.

294 4359 354 4411 Car.
372 4355 465 4428 Steph.
485 4356 545 4410 Ald.
564 4359 644 4410 1552.
663 4356 694 4409 11.
712 4354 799 4408 wott.
825 4366 863 4408 est
881 4353 912 4402 id
928 4370 988 4408 nec,
1017 4359 1047 4402 ut
1065 4347 1093 4399 in
1112 4345 1161 4398 Ed.
1179 4345 1253 4399 Man.
1272 4349 1343 4418 apud

296 4442 435 4498 Orellium.
471 4443 570 4512 Quod
585 4445 609 4494 si
626 4462 673 4494 nec
691 4444 770 4497 habet
788 4444 855 4497 eod.
874 4441 955 4493 Bern.
1002 4438 1031 4490 ln
1049 4434 1130 4496 Drsd.
1149 4437 1175 4486 4.
1198 4444 1236 4488 est
1254 4437 1343 4506 magis
1398 4429 1401 4436 ’
