3450 5342
621 675 663 719 in
691 671 888 719 rinnooxou
915 671 959 734 vr,
978 665 1002 717 ι.
1257 653 1331 728 365

651 835 864 896 EXCURSUS
887 835 957 893 ΧΙΙ.

508 974 583 1048 sn
616 973 960 1048 rnmnoxon
988 975 1056 1068 vr,
1088 974 1126 1048 5.

282 1191 320 1198 —
346 1175 412 1215 non
438 1150 536 1215 modo
549 1153 731 1228 fructus
758 1150 839 1214 illc
860 1160 927 1214 est
950 1148 1005 1212 ad
1026 1159 1240 1236 sumptus,
1278 1150 1338 1215 red

564 1253 673 1316 etiam
694 1252 742 1316 nd
756 1251 866 1328 fenus
890 1251 1052 1338 exiguus.

354 1410 400 1464 Sic
419 1410 505 1478 edidi,
523 1424 553 1466 ut
573 1432 653 1465 nemo
672 1424 734 1466 ante
753 1431 810 1478 me,
840 1422 998 1465 nontamen
1019 1415 1077 1464 mei
1097 1409 1266 1478 coniecturi,
1292 1414 1335 1465 sed

280 1498 396 1552 lectione
415 1512 444 1552 er
464 1500 595 1553 librorum
623 1501 748 1553 varietate
777 1499 871 1552 coliata
897 1509 923 1552 et
942 1499 1015 1570 quasi
1035 1501 1198 1570 composita,
1225 1500 1277 1564 ita,
1308 1511 1338 1554 nt

282 1606 371 1658 neque
389 1586 440 1639 vim
460 1588 588 1640 inferrem
607 1587 682 1640 libris
701 1587 842 1652 omnibus,
862 1597 892 1640 ut
910 1586 973 1639 iecit
992 1587 1150 1651 Lambinus,
1170 1587 1216 1658 qui
1235 1587 1337 1657 primus

281 1674 405 1728 omnium
423 1694 511 1728 reram
534 1676 585 1729 ioci
605 1676 762 1729 sententiam
782 1673 860 1740 vidit,
893 1693 980 1746 neque
1006 1680 1101 1727 me‘et
1125 1672 1238 1726 lectores
1256 1671 1338 1743 expli·

282 1759 368 1814 candai
387 1763 566 1835 plurimorum
585 1775 610 1818 et
629 1763 789 1836 scriptorum
810 1773 835 1816 et
855 1763 988 1817 editorum
1008 1761 1138 1815 librorum
1155 1761 1268 1814 lectione
1278 1772 1335 1813 tor-

284 1870 406 1922 querem.
448 1851 501 1904 sed
528 1864 556 1907 ut
575 1853 624 1925 ipsi
643 1852 760 1906 iudicare
780 1852 881 1924 possint
899 1851 1026 1917 lectores,
1045 1851 1159 1923 agedum
1179 1850 1212 1902 de
1230 1848 1339 1920 singuiis

287 1941 416 2010 deinceps
436 1940 584 1994 rideamus.

358 2046 418 2095 Non
438 2044 512 2096 modo
530 2045 756 2116 adstrictum
773 2045 818 2097 ille
836 2055 878 2097 est
897 2037 1074 2114 suntptus:
1107 2043 1184 2111 [haec
1204 2056 1241 2098 est
1258 2044 1337 2097 lectio

283 2131 353 2183 Edd.
380 2142 499 2184 veterum
520 2143 545 2186 et
565 2132 666 2206 aliquot
694 2134 892 2199 recentiorum,
917 2133 967 2186 Ed.
986 2153 1028 2203 ap.
1047 2131 1149 2198 Meus,
1175 2131 1252 2185 Hdib.
1271 2133 1340 2185 Vcn.

285 2223 365 2274 14⁹2.
391 2223 470 2275 1514.
498 2221 557 2274 Asc.
578 2225 657 2275 1511.
684 2221 743 2274 Par.
763 2225 843 2274 tout.
862 2224 941 2275 1512.
967 2224 1045 2275 1543.
1077 2221 1143 2290 Arg.
1168 2219 1251 2290 Lugd.
1280 2217 1340 2271 Atd.

286 2310 366 2360 1548.
386 2306 458 2361 Crat.
483 2307 573 2361 Herw.
598 2307 675 2362 Cam.
698 2310 768 2362 Vict.
798 2308 876 2364 Boni.
902 2308 1003 2361 Sturm.
1030 2307 1107 2361 Grut.
1128 2306 1222 2360 Graev.
1252 2306 1339 2361 Gron.

286 2395 395 2450 Schrer.
416 2398 497 2449 Verb.
516 2396 587 2450 oliv.
606 2397 648 2450 De
667 2395 753 2452 Codd.
773 2397 842 2450 inira
862 2397 1019 2464 ridebimus]
1039 2395 1195 2462 „Sententia
1215 2405 1267 2448 est:
1292 2393 1338 2446 ttte

287 2494 413 2552 sumptus
431 2483 583 2538 sexcentirm
602 2484 762 2552 sestertirim,
790 2487 836 2558 qui
860 2486 888 2538 in
909 2486 983 2540 tec'tis
1002 2485 1113 2549 auratis,
1138 2482 1200 2536 soiis
1219 2502 1339 2536 marmo-

287 2570 339 2622 reis
357 2570 467 2641 aliisque
486 2572 566 2624 rebus
584 2572 741 2637 insumitur,
764 2573 872 2644 exiguus
897 2584 935 2626 est
960 2573 997 2623 cti
1021 2573 1119 2636 victum
1145 2581 1170 2623 et
1194 2571 1339 2639 adsersus,

288 2657 361 2708 unde
380 2657 485 2710 lucrum
511 2659 613 2731 percipi
633 2660 727 2731 possit:
756 2660 773 2713 i.
790 2680 812 2713 e.
837 2661 901 2714 tanti
929 2661 1029 2713 reditus
1054 2659 1127 2731 parri
1152 2670 1214 2712 sunt
1239 2657 1340 2727 homini

288 2749 476 2816 sumptuoso.“
513 2746 758 2818 Fresyivius.
1098 2758 1102 2763 “

359 2847 454 2902 Hier.
471 2849 642 2919 Wolfius,
666 2851 726 2924 (qui
753 2852 780 2906 in
799 2853 924 2908 lemmate
950 2853 1131 2906 annotationis
1156 2851 1267 2904 eandem
1295 2851 1342 2904 ha-

286 2939 334 2991 bet
351 2935 493 2991 lectionem
513 2958 593 3010 quam
612 2939 673 2994 Frc.
692 2938 811 3012 Sylvius,
839 2942 867 2995 in
893 2941 1020 2995 contenis
1047 2941 1095 2994 ita:
1125 2960 1176 2992 non
1206 2939 1343 2991 modoad

287 3036 461 3094 sumptum
479 3026 541 3076 itte
556 3027 713 3098 fructus
731 3040 787 3081 est
806 3031 870 3098 etc.)
895 3028 974 3084 haec:
1006 3029 1145 3098 „Quidam
1166 3028 1205 3080 vir
1223 3047 1278 3080 non
1299 3026 1342 3080 in-

287 3112 382 3166 doctus
400 3111 437 3164 sic
454 3111 565 3184 explicat
583 3112 655 3168 hunc
674 3115 779 3168 iocum:
800 3116 974 3190 „„Sumptns
994 3119 1123 3188 pecuniae
1142 3117 1181 3170 his
1199 3117 1278 3170 rebus
1290 3118 1341 3168 im-

288 3217 400 3271 pensae,
421 3219 475 3252 non
494 3212 599 3254 tantum
619 3202 705 3254 reddit
722 3202 849 3266 domino,
878 3213 1008 3274 quantum
1028 3205 1155 3281 redderet
1176 3205 1302 3276 pecunia,
1322 3204 1341 3256 si

288 3287 375 3339 fenori
395 3288 578 3342 obiocaretur:
605 3298 708 3342 tantum
737 3289 823 3354 abest,
852 3299 882 3341 ut
910 3290 1044 3356 fructum,
1075 3290 1160 3361 quaiis
1185 3310 1213 3343 ex
1234 3291 1343 3361 praedio

288 3375 390 3446 percipi
410 3375 489 3438 solet,
508 3376 652 3429 reddat'.““
702 3375 837 3428 Hactenus
860 3374 913 3428 itte.
960 3375 1013 3430 sed
1039 3396 1089 3449 ego
1108 3377 1176 3431 hanc
1204 3397 1258 3430 esse
1279 3388 1343 3447 puto

289 3461 428 3515 Ciceronis
445 3464 616 3518 sententiam:
647 3464 747 3518 reditus
765 3463 825 3516 iilos
845 3461 913 3517 adeo
940 3482 996 3517 non
1015 3465 1138 3519 sufficere
1163 3465 1196 3517 ad
1216 3463 1342 3518 tuendam

289 3569 346 3602 rem
367 3550 524 3604 familiarem
544 3563 569 3605 et
587 3561 710 3623 sumptus
729 3552 891 3605 necessarios
909 3551 1075 3621 tolerandos,
1104 3563 1132 3604 ut
1151 3571 1184 3604 ne
1202 3551 1234 3604 ad
1253 3570 1346 3604 usuras

289 3636 399 3708 quidem
420 3637 598 3693 dissolvendas
618 3641 650 3694 sit
668 3641 735 3694 satis.
784 3641 913 3712 Exemplo
932 3641 965 3694 sit
982 3640 1014 3693 Τ.
1031 3639 1137 3693 Annius
1155 3639 1237 3706 Mito,
1268 3638 1346 3692 Cice·

290 3726 366 3780 ronis
383 3726 481 3793 cliens,
501 3727 547 3800 qui
566 3739 675 3781 auctore
693 3728 782 3781 Piinio
802 3727 846 3796 [Η.
865 3729 897 3782 Ν.
916 3728 1035 3793 XXXVI,
1054 3731 1106 3793 15,
1125 3726 1196 3782 Sect.
1215 3728 1344 3795 XXIV,2.

289 3814 587 3885 p.142.ed.ttard.]‚
619 3827 724 3870 tantum
749 3816 816 3869 aeris
842 3816 920 3869 alieni
950 3816 1079 3871 contraxit
1105 3815 1302 3888 magnificentia
1321 3826 1346 3868 et

288 3903 351 3955 luxu
371 3923 436 3971 suo,
456 3915 484 3958 ut
502 3923 632 3958 numerus
651 3907 707 3958 eius
724 3888 786 3957 iniri
805 3924 860 3956 non
882 3916 975 3975 posset.
1021 3906 1102 3972 [Enni
1127 3923 1175 3974 ego
1193 3905 1264 3954 inter
1282 3919 1347 3970 pro-

289 3993 364 4062 digio
384 3992 497 4043 duuiani
513 3994 596 4044 oninri
615 3994 698 4059 duco,
716 3994 809 4045 scribit
828 3993 973 4060 Plirtius].⁸‘

361 4095 404 4149 Ιο.
423 4096 619 4150 Morisotus
638 4096 728 4165 (cuius
746 4095 796 4148 Ed.
816 4095 914 4166 prodiit
933 4115 955 4147 a.
979 4095 1071 4163 1541.)
1097 4091 1148 4145 hoc
1172 4091 1270 4144 lemma
1296 4108 1344 4142 an·

290 4184 421 4237 notationi
441 4204 503 4237 suae
523 4185 689 4256 praeposuit:
718 4185 950 4253 adsumptum
970 4182 1015 4233 itte
1033 4191 1074 4233 est
1086 4181 1253 4252 fructus,
1280 4177 1343 4229 scri-

289 4274 410 4345 psitquez
429 4272 509 4338 „Non
530 4291 636 4343 possum
656 4290 712 4324 non
728 4272 827 4339 mirari,
847 4270 937 4325 locum
958 4267 1030 4322 hunc
1048 4268 1175 4321 hactenus
1194 4276 1247 4319 tam
1267 4264 1346 4316 fuisse

290 4379 453 4428 perversum.
490 4360 519 4411 in
539 4360 664 4412 omnibus
682 4359 753 4411 enim
773 4368 866 4413 einai:
894 4378 946 4409 non
965 4357 1040 4409 modo
1058 4356 1102 4407 od
1113 4355 1280 4426 fructum
1299 4353 1345 4404 itte

288 4458 330 4497 est
348 4467 387 4499 su
396 4468 420 4499 m
428 4458 526 4516 ptus,
544 4447 690 4498 sedetiam
708 4457 757 4499 etc.
809 4448 845 4501 Αι
863 4445 965 4499 Cicero*
986 4463 1040 4498 non
1060 4442 1182 4513 inteiligit
1207 4453 1342 4515 sumptum
