3450 5342
648 672 862 749 'nunanoxou
884 701 914 748 v.
944 700 1015 750 car.
1036 703 1072 750 u.
1320 683 1394 760 233

341 860 478 917 Plutarch.
507 862 534 916 in
559 859 649 916 libetto
673 858 812 916 DeVirt.
841 869 866 914 et
890 860 963 915 vitto
993 881 1021 934 p.
1039 865 1101 918 199.
1121 866 1160 937 [ρ.
1178 868 1239 921 354.
1266 869 1396 942 ed.1.ips.

341 946 459 1016 scunt]

455 1023 531 1097 οὗτος
548 1033 674 1107 μακάριος
693 1041 719 1090 ἓν
737 1033 821 1106 ἐνορᾷ
839 1035 983 1104 νομίζεται,

455 1119 519 1178 ὅταν
536 1123 562 1179 d’
579 1123 668 1197 droun
687 1122 736 1196 τήν
754 1123 859 1196 θύραν,
880 1123 1049 1196 rpicoidieoc·

455 1209 520 1282 νυνι)
541 1227 633 1283 κρατεῖ
649 1210 764 1278 πάντων,
782 1214 928 1281 ἐπιτάττει,
946 1210 1039 1282 μάχετ’
1056 1213 1103 1271 att.
1217 1256 1221 1260 -

455 1299 512 1363 dut,
523 1298 645 1353 uiridior
664 1299 778 1367 ddnrdv',
796 1299 846 1367 dyo*
866 1298 892 1366 df
910 1298 956 1353 ἀπ’
974 1300 1086 1363 οὐδενός.

341 1387 414 1456 quod
433 1387 545 1443 Grotius
563 1389 590 1442 in
604 1389 744 1460 Excerpfia
759 1389 860 1461 Tragg.
879 1398 905 1445 et
923 1393 1028 1446 Coruin.
1047 1412 1072 1463 p.
1091 1394 1151 1446 911.
1171 1391 1206 1445 ita
1226 1392 1315 1447 vertit:

454 1475 501 1529 Est
518 1478 564 1549 qui
584 1477 613 1530 in
632 1479 691 1531 soro
710 1477 814 1532 videtur
832 1477 1016 1546 felicissimus,

455 1563 523 1617 Suas
539 1566 573 1618 sit
590 1565 660 1619 intra
678 1584 741 1619 cum
759 1566 831 1619 fores
849 1566 1023 1620 miserrimus.

454 1650 554 1706 Mulier
570 1653 739 1719 dominatur,
758 1652 889 1724 imperat,
909 1655 996 1708 obstat
1014 1655 1161 1726 perpetim:
1236 1674 1238 1679 ’

455 1737 494 1792 lta
513 1739 595 1794 muita
613 1740 703 1803 habet,
722 1759 790 1811 quae
809 1739 912 1794 doleata
930 1761 981 1813 ego
1000 1761 1063 1795 vero
1083 1742 1175 1797 nihit.⁴‘
1210 1743 1250 1795 W
1257 1745 1393 1815 yttenb.

413 1827 461 1877 Α.
480 1825 525 1877 ui.
545 1828 610 1878 min
627 1827 701 1891 tint,
719 1827 763 1879 ...ε
782 1828 880 1880 moire.
897 1829 1043 1897 imperare]
1063 1830 1131 1885 coa.
1144 1808 1224 1883 ord.
1235 1835 1262 1884 2.
1281 1849 1319 1883 ω.
1330 1830 1397 1883 itur

338 1912 387 1963 ille
406 1913 471 1962 mihi
488 1914 635 1969 videtur.
672 1914 782 1969 Addunt
792 1915 857 1968 iilud
877 1917 985 1969 videtur
996 1917 1082 1971 codd.
1094 1915 1186 1972 Crc.1.
1201 1924 1225 1972 2.
1240 1922 1266 1974 3.
1279 1917 1395 1974 Drsd.1.

340 2005 365 2053 2.
375 2002 399 2053 3.
411 2005 437 2052 4.
458 2000 537 2053 Bern.
549 2000 608 2055 Bas.
620 2001 710 2057 Gueif.
730 2003 795 2057 On.
806 2004 836 2057 E.
846 2005 865 2058 Ι.
875 2003 910 2059 U.
920 2003 952 2056 N.
963 2025 988 2074 η.
998 2022 1027 2067 ψ.
1046 2005 1111 2058 Edd.
1125 2025 1181 2077 prc.
1194 2005 1245 2060 Ed.
1258 2026 1301 2078 ap.
1309 2006 1395 2060 Meus.

340 2087 401 2140 Ere.
420 2088 488 2158 Eyb.
507 2089 575 2142 Edd.
593 2089 666 2145 Crat.
686 2093 754 2145 Ven.
774 2095 854 2147 1492.
873 2096 954 2146 1498.
971 2091 1051 2146 Hdlb.
1070 2093 1135 2146 Dav.
1154 2093 1240 2166 Lugd.
1258 2094 1323 2165 Arg.
1334 2094 1395 2146 Par.

341 2176 422 2228 1512.
447 2176 518 2230 Aud.
541 2178 599 2232 Tat.
625 2179 714 2233 Herw.
732 2183 811 2234 1543.
839 2180 899 2234 Ald.
917 2183 997 2235 1511.
1021 2183 1100 2234 1548.
1125 2179 1204 2236 Boni.
1227 2179 1277 2234 hae
1303 2201 1396 2237 omnes

341 2261 494 2317 habentem
516 2267 562 2318 ille
586 2269 652 2319 mihi
676 2267 743 2320 liber
766 2269 885 2324 videtur.
926 2267 980 2321 Sed
1005 2269 1098 2321 eodem
1127 2268 1268 2321 verborum
1299 2269 1395 2324 ordine

341 2362 443 2405 servato
468 2353 570 2407 addunt
594 2355 721 2408 videatur
744 2355 813 2410 Edd.
837 2355 931 2409 bamb.
958 2356 1070 2409 Lambb.
1094 2354 1175 2409 Goth.
1200 2355 1291 2427 Magn.
1319 2356 1396 2411 Man.

340 2437 426 2492 Suffr.
440 2441 511 2493 Petr.
528 2441 598 2495 Hub.
617 2443 748 2500 stwotf.
767 2446 829 2498 Car.
847 2442 940 2516 steph.
960 2443 1147 2514 Sturm.Sylb.
1167 2443 1228 2497 Md.
1247 2446 1327 2499 1552.
1364 2443 1394 2496 ln

341 2525 413 2579 Gud.
433 2528 465 2580 A.
494 2539 534 2581 eat
557 2549 592 2582 an
609 2530 655 2582 ille
673 2531 903 2585 tiberviderur
927 2533 993 2584 milti
1012 2530 1174 2592 videtum
1206 2529 1278 2583 Gud.
1298 2535 1332 2583 A.
1357 2550 1395 2582 on

339 2613 387 2666 itte
408 2614 475 2666 liber
492 2617 575 2667 michi
594 2618 716 2684 videtur,
738 2619 846 2674 Suerin.
866 2638 903 2672 arr
921 2620 967 2671 ille
985 2619 1013 2671 ti
1020 2618 1052 2670 bi
1070 2617 1137 2669 liber
1153 2618 1274 2680 videtur,
1298 2616 1393 2670 Duisb.

340 2719 379 2752 an
397 2701 443 2752 ille
462 2703 528 2754 milii
544 2703 612 2756 liber
630 2705 772 2773 videatur,
798 2718 829 2760 ut
845 2707 958 2760 Lambb.
987 2718 1012 2761 et
1036 2725 1103 2777 quas
1128 2703 1307 2768 lauduino„
1333 2705 1394 2759 Aac.

340 2793 421 2844 1511.
440 2802 465 2843 et
486 2791 547 2844 Par.
564 2813 585 2845 s.
603 2812 626 2846 a.
646 2811 682 2846 an
700 2795 746 2847 ille
764 2795 832 2848 liber
849 2795 916 2846 milii
933 2812 1006 2847 esse
1023 2793 1151 2853 videtum
1172 2792 1240 2844 Ven.
1258 2794 1337 2845 1514.
1356 2809 1393 2843 on

339 2878 387 2929 itte
406 2878 473 2929 anulii
489 2878 556 2931 liber
571 2899 626 2933 essa
645 2881 761 2937 videtur.
800 2883 925 2939 Nostram
949 2880 1124 2953 scriptionem
1144 2877 1267 2932 exhibent
1290 2878 1394 2934 Victor.

338 2964 410 3020 Rob.
428 2965 520 3038 Stepii.
539 2968 644 3044 corner.
663 2969 742 3024 Grut.
761 2991 835 3043 seqq.
868 2957 997 3025 Placebat
1015 2967 1124 3040 quidem
1143 2965 1303 3033 Goerenzio,
1321 2965 1394 3037 quod

340 3065 478 3124 repererat
494 3054 523 3107 in
538 3054 643 3111 duobus
660 3058 714 3111 auis
733 3057 820 3113 Codd.
840 3057 902 3127 [vid.
913 3057 996 3111 Goer.
1014 3056 1047 3110 ad
1066 3055 1122 3110 Cic.
1140 3053 1173 3108 de
1191 3053 1272 3125 Legg.
1283 3073 1311 3124 p.
1321 3054 1393 3121 108.]

340 3151 367 3193 et
390 3139 419 3192 in
444 3154 567 3214 excerpto
591 3145 664 3214 apud
693 3145 867 3201 Vincentium
891 3145 1123 3200 Bellovacensem:
1148 3143 1326 3215 Numquid
1348 3143 1396 3194 itte

340 3227 406 3278 mihi
422 3228 497 3282 liber.
532 3228 587 3283 sed
603 3230 761 3286 Vincentius
777 3252 856 3304 saepe
884 3252 913 3285 ex
931 3233 1063 3286 memoria
1088 3231 1179 3284 laudat
1198 3241 1312 3285 veteres:
1338 3227 1394 3282 Co-

339 3315 430 3370 dicum
450 3315 559 3370 illorum
579 3317 659 3373 lectio
678 3318 792 3374 debetur
811 3319 972 3386 correctori,
992 3320 1038 3391 qui
1057 3319 1187 3382 crederet,
1206 3336 1243 3370 an
1260 3336 1317 3370 non
1330 3318 1395 3387 poni

338 3401 392 3455 nisi
410 3403 587 3474 praecedente
605 3404 658 3458 alia
676 3407 843 3477 quaestione:
870 3424 959 3476 neque
985 3406 1102 3470 videret,
1134 3424 1164 3457 re
1184 3423 1252 3457 -vera
1286 3416 1394 3458 antece-

337 3489 404 3542 dere
423 3489 621 3559 quaestionem,
640 3492 717 3546 cuiue
735 3474 934 3564 oppositionem
952 3492 1081 3557 sensisset,
1099 3493 1207 3561 opinor,
1226 3492 1247 3543 si
1264 3492 1392 3563 scriptum

337 3589 421 3632 esset:
445 3581 539 3629 Nonne
562 3597 611 3650 ego
629 3598 764 3644 censeam,
790 3582 875 3644 leves,
900 3579 1023 3649 cupidos,
1046 3577 1178 3647 improbos
1203 3579 1395 3637 esseaervoa?

338 3665 393 3720 Sed
420 3664 470 3717 vid.
489 3664 587 3719 Handii
615 3667 760 3723 Turseliin.
777 3669 796 3722 Ι.
821 3689 847 3740 p.
867 3670 929 3723 344.
957 3666 1045 3721 Hand.
1072 3665 1106 3718 ad
1130 3663 1280 3735 Wopkens.
1310 3665 1394 3719 Lectt.

337 3751 411 3805 Tun.
431 3772 458 3823 p.
477 3755 519 3808 51.
537 3753 647 3827 Zumpt.
666 3755 790 3811 Gramm.
808 3756 864 3810 Lat
882 3753 906 3827 5.
925 3758 986 3810 353.
1007 3776 1033 3827 ρ.
1045 3757 1097 3809 329
1111 3773 1150 3825 sq.
1168 3753 1218 3808 Ed.
1237 3758 1262 3809 9.
1285 3753 1394 3826 Kriiger

338 3839 460 3894 Gramm.
480 3842 506 3895 d.
523 3841 581 3897 Lat.
599 3842 662 3914 Spr.
681 3843 711 3897 lt.
730 3845 753 3913 5.
772 3847 834 3900 516.
851 3864 879 3915 p.
899 3846 966 3899 691:
992 3843 1040 3915 qui
1067 3841 1132 3894 iilud
1153 3841 1220 3912 Quia
1244 3853 1323 3915 neget
1340 3842 1394 3897 loci

337 3928 423 3981 nostri
441 3941 513 3984 recte
530 3929 603 3985 idem
629 3951 685 3986 esse
703 3933 783 4001 dicit,
810 3933 883 4005 quod
910 3951 983 3985 nemo
1001 3929 1120 4002 negabit.
1139 3959 1174 3970 -
1218 3929 1261 3982 Ad
1285 3942 1393 3985 senten-

336 4017 403 4070 tiam
421 4016 503 4089 Borg.
526 4018 618 4073 laudat
641 4021 882 4095 wyttenbachium
906 4020 940 4074 ad
960 4017 1094 4074 Plutarch.
1120 4017 1153 4071 de
1180 4017 1248 4072 Virt.
1276 4028 1302 4072 et
1323 4019 1393 4072 Vitio

335 4105 418 4157 Torn.
438 4103 483 4159 VI.
501 4117 569 4176 part.
586 4107 617 4162 ΙΙ.
642 4126 669 4180 p·
687 4112 748 4164 ⁶87.
768 4111 829 4179 [Ed.
848 4111 920 4182 Lips.
946 4109 977 4162 T.
996 4109 1029 4161 ΙΙ.
1049 4128 1076 4179 p.
1095 4107 1149 4173 18.]
1185 4105 1267 4161 Rutii.
1284 4105 1393 4176 Lupi.

335 4213 364 4264 p.
385 4194 519 4260 tit—69,
538 4195 585 4267 qui
604 4194 694 4251 locum
714 4198 777 4252 citat
792 4216 824 4251 ex
843 4198 922 4270 Lysia
942 4197 975 4251 de
994 4215 1076 4249 uxore
1096 4196 1204 4249 rixante.
1240 4193 1301 4246 Mr.

409 4278 496 4345 iubet,
513 4292 606 4348 vetat,
626 4285 699 4354 quod
715 4286 856 4355 videtur?]
895 4286 961 4339 cod.
987 4283 1068 4337 Drsd.
1088 4289 1112 4336 2.
1135 4282 1242 4334 Suerin.
1266 4279 1339 4337 Gud.
1358 4280 1389 4334 B.

333 4377 429 4431 vetat,
447 4367 541 4430 iubata
558 4369 638 4425 Drsd.
656 4376 682 4427 4.
700 4374 798 4428 omittit
817 4384 911 4436 votam·
933 4371 1011 4426 Drsd.
1029 4374 1056 4426 3.
1074 4369 1147 4422 Gud.
1162 4367 1194 4420 B.
1214 4368 1300 4438 quid
1315 4370 1391 4423 vide-

332 4467 397 4524 tur,
417 4455 513 4511 Duisb.
532 4477 670 4531 quoquo
688 4463 783 4516 modo
801 4463 913 4519 ridetur.
947 4458 1040 4530 Pergit
1057 4457 1129 4512 Gud.
1142 4458 1173 4512 B.
1194 4458 1289 4530 quod
1305 4457 1390 4518 nihil,-
