3450 5342
416 673 489 747 164
740 692 913 741 airinom
940 691 1134 741 srorconnu.

415 871 520 932 lerum
546 881 617 928 esse
639 865 807 945 poenam?
852 881 963 929 meum
993 863 1075 926 illud
1113 864 1174 924 iter
1200 861 1245 923 ob
1274 862 1468 942 praeclaris·

413 1008 512 1071 simas
539 1023 592 1069 ros
619 1023 640 1069 a
666 1023 719 1068 me
746 1009 854 1085 gestas
881 1021 953 1067 esse
980 1003 1195 1084 susceptum?
1250 1001 1380 1066 Omnes
1402 1020 1467 1066 sce

413 1145 508 1209 lerati
534 1146 633 1221 atque
660 1143 769 1221 impii,
806 1158 947 1222 quornm
972 1146 1006 1204 tn
1032 1146 1064 1204 te
1089 1140 1207 1204 ducem
1234 1157 1310 1204 esse
1339 1143 1465 1222 prolite-

413 1283 476 1358 ris,
518 1296 600 1360 qnos
640 1279 729 1357 leges
764 1277 883 1340 exsilio
924 1276 1011 1340 allici
1049 1279 1183 1354 volunt,
1220 1278 1358 1341 exsules
1390 1283 1465 1353 sunt,

414 1417 513 1479 eiiam
548 1416 576 1477 si
615 1414 723 1476 solum
758 1429 825 1474 non
853 1412 1060 1475 mutaverint.
1128 1416 1179 1475 An
1217 1428 1324 1492 quum
1359 1429 1464 1477 omnes

415 1553 504 1631 leges
531 1554 562 1613 te
600 1549 748 1612 exsulem
787 1564 859 1611 esse
894 1549 1045 1626 iubeant,
1082 1565 1151 1611 non
1187 1549 1253 1611 eris
1288 1553 1326 1612 tn
1357 1551 1462 1614 exsuli

414 1687 516 1751 Exsul
545 1703 612 1748 non
639 1686 823 1765 appelletur
848 1687 893 1762 is,
935 1686 991 1766 qni
1018 1702 1091 1748 cum
1116 1687 1182 1748 telo
1209 1686 1338 1750 inerit?
1389 1690 1462 1751 Ante

414 1828 565 1889 senatum
590 1827 647 1886 tua
672 1823 742 1886 sica
767 1821 973 1903 deprebensa
999 1825 1056 1884 est.
1122 1819 1188 1899 Qui
1215 1822 1389 1885 hominem
1412 1838 1461 1884 oc-

414 1965 550 2027 ciderit?
601 1964 650 2025 Tu
676 1963 835 2043 plurimos
862 1962 1019 2025 occidisti.
1074 1958 1139 2038 Qui
1164 1962 1359 2026 incendium
1383 1961 1460 2025 iece-

414 2101 480 2164 rit?
532 2099 638 2162 Aedes
664 2098 891 2178 Nympharum
922 2114 1025 2162 manu
1058 2103 1115 2161 tna
1141 2098 1370 2180 deflagravit..
1406 2096 1461 2175 Qui

414 2238 537 2318 templa
568 2236 804 2317 occupaverit?
856 2235 893 2297 ln
928 2234 1004 2298 loro
1041 2238 1148 2298 castra
1185 2236 1335 2314 posuisti.
1406 2234 1461 2300 Sed

415 2377 493 2455 qnid
516 2393 580 2456 ego
603 2390 796 2438 communes
832 2375 921 2454 leges
955 2372 1108 2453 protero,
1151 2373 1271 2452 quibus
1319 2372 1460 2436 omnibns

415 2527 450 2574 es
477 2511 596 2574 exsuli
647 2510 934 2574 Familiarissimus
958 2514 1032 2573 tuus
1060 2508 1100 2571 de
1129 2512 1160 2570 te
1185 2510 1393 2592 privilegium
1415 2515 1459 2572 tn-

415 2648 466 2725 lit‚
492 2652 543 2724 ut,
570 2649 598 2710 si
625 2648 658 2710 in
683 2649 836 2728 opertum
858 2644 974 2709 Bonae
999 2643 1091 2708 Deae
1118 2643 1336 2724 accessisses,
1371 2665 1458 2711 exsu-

414 2785 510 2847 lares.
573 2786 613 2846 At
649 2785 682 2844 te
717 2782 751 2843 id
777 2781 893 2843 iecisse
925 2781 1024 2843 etiam
1061 2780 1197 2858 gloriari
1229 2782 1330 2847 soles.
1395 2783 1458 2862 Quo

414 2916 517 2979 modo
540 2915 654 2993 igilur,
690 2920 739 2978 tot
765 2915 892 2994 legibus
926 2917 959 2979 in
986 2915 1140 2979 exsilium
1165 2917 1310 2998 eiectus,
1351 2937 1457 2984 nomen

416 3048 538 3112 exsulis
566 3065 633 3111 non
660 3050 909 3128 perhorrescis?
962 3050 1109 3127 „Romae
1132 3056 1237 3132 snm“,
1265 3056 1381 3138 inquit.
1426 3050 1457 3115 lli

418 3184 549 3264 quidem
575 3187 609 3248 in
636 3171 753 3267 operto
776 3186 875 3249 inisti.
928 3185 1005 3250 Non
1032 3187 1140 3268 igitur,
1166 3191 1222 3253 ubi
1244 3189 1456 3276 quisqueen't

417 3323 487 3386 eius
512 3323 577 3385 loci
614 3324 664 3387 ins
699 3325 838 3388 tenebit:
879 3326 906 3389 si
944 3325 990 3388 ibi
1021 3344 1097 3389 enm
1134 3328 1263 3407 legibus
1305 3342 1455 3395 essenon

417 3464 593 3544 oportebit.

478 3635 556 3692 ‘'Oas
573 3642 633 3696 ,τᾶς
652 3637 763 3709 ἄφρων
782 3643 960 3709 μαίνεται]
995 3636 1072 3708 ‚J'Ots
1096 3640 1190 3702 πάντες
1216 3646 1240 3694 oi
1268 3655 1354 3719 μωροὶ
1370 3653 1456 3712 pulsor

414 3746 467 3777 ται.
510 3726 606 3778 Dixere
631 3727 682 3780 hoc
709 3729 817 3798 quidem
836 3729 938 3793 Stoici,
962 3742 1060 3784 elnon
1080 3732 1151 3784 idem
1177 3743 1289 3802 putatur
1316 3737 1395 3808 vulgo
1416 3753 1457 3795 μυ·

415 3807 460 3879 priv
476 3807 541 3864 εἶναι
561 3825 588 3866 et
603 3815 768 3878 perciperes,
788 3819 805 3867 i.
816 3836 839 3868 e.
858 3816 968 3868 stultum
988 3838 1042 3871 csse
1061 3829 1087 3872 el
1105 3819 1248 3873 furiosum.
1294 3821 1349 3876 Sed
1367 3822 1458 3893 elegan-

415 3895 468 3949 lior
489 3900 591 3950 Veneta
609 3902 782 3972 praescriptio
802 3903 919 3956 videtur:
944 3898 984 3956 tv.
1009 3906 1061 3963 πᾶς
1086 3903 1175 3975 ἄφρων
1193 3913 1333 3967 putrecunt
1359 3912 1457 3980 Quies

411 3984 489 4050 piens
508 4005 562 4038 non
580 3988 633 4043 sit,
651 4007 710 4041 eum
725 3992 853 4061 surere.⁴‘
874 3995 1052 4048 Camerar.
1093 3994 1163 4060 „llic
1181 4014 1295 4069 qnoque
1315 3999 1458 4070 positionem

413 4074 513 4125 mutavi
532 4073 566 4126 dc
583 4077 715 4130 veteribus
734 4078 823 4146 libris,
843 4093 869 4133 el
887 4080 922 4133 ila
940 4100 954 4132 a
974 4081 1098 4152 Diogene
1126 4082 1259 4135 refertur:
1286 4086 1389 4145 πάντας
1411 4080 1458 4137 rsit

413 4155 529 4227 ἄφρονας
547 4168 696 4223 μαίνεσθαι.
732 4166 779 4221 Est
798 4168 825 4220 in
846 4166 882 4218 lll
900 4166 1053 4221 Tusculana
1073 4188 1103 4220 ex
1122 4168 1266 4225 Alcibiade
1290 4174 1385 4228 allero.
1426 4170 1457 4223 ΙΙΙ·

411 4244 483 4325 vadit
501 4261 590 4303 aulem
609 4251 651 4305 hic
670 4253 700 4305 P.
721 4251 860 4320 Clodium,
889 4254 956 4308 sicut
974 4256 1001 4308 iu
1023 4257 1054 4309 ll.
1073 4257 1214 4310 Paradoxo
1232 4258 1274 4312 M.
1295 4260 1459 4317 Antoniuml‘

412 4323 443 4377 C·
463 4331 565 4406 Larrg.
612 4339 713 4409 [Locus
741 4342 872 4414 Diogenis
901 4340 998 4396 Laerlii
1027 4345 1459 4420 estlib.vtl.segm.124.ed.

410 4407 539 4472 Meibom.
558 4440 586 4492 p.
598 4428 661 4481 '444
678 4425 743 4497 ibiq.
766 4429 886 4500 Menagii
910 4428 988 4486 obss.
1017 4452 1042 4502 p.
1060 4435 1121 4487 309.
1157 4433 1382 4493 Tusculanarum
1401 4438 1460 4491 loeus
