3450 5342
679 622 874 670 rsnsnoxou
898 622 934 669 u.
1284 598 1334 671 89

280 791 346 854 eris
371 794 505 868 nactus,
529 790 599 853 istis
621 790 738 854 mortis
762 794 819 853 aut
835 760 954 853 ⁸exsilii
976 788 1084 852 minis.
1144 789 1225 855 Mihi
1252 808 1333 857 vero

281 926 437 1006 quiequid
464 924 625 1005 acciderit„
643 926 677 989 in
702 928 771 989 tam
795 924 925 1004 ingrata
950 925 1091 1002 civitate,
1112 941 1155 987 ne
1174 929 1335 991 recusanti

280 1062 414 1143 quidem
444 1062 602 1138 evenerit,
640 1077 709 1124 non
741 1060 843 1124 modo
882 1076 951 1124 non
978 1059 1185 1140 repugnanti.
1248 1057 1336 1134 Quid

281 1197 371 1263 enim
395 1213 457 1276 ego
482 1196 649 1273 laboravi,
676 1199 733 1259 aut
760 1194 839 1276 quid
865 1195 934 1274 egi,
970 1198 1027 1259 aut
1059 1195 1094 1258 in
1129 1212 1196 1276 quo
1232 1194 1337 1272 evigi-

280 1332 431 1395 laverunt
456 1349 555 1396 eurae
582 1333 615 1394 et
639 1331 855 1411 cogitationes
877 1349 991 1409 meae,
1023 1331 1052 1395 si
1086 1329 1220 1412 quidem
1254 1330 1335 1395 nihil

250 1476 255 1499 ··
281 1467 394 1548 peperi
417 1468 501 1545 tale,
528 1467 609 1531 nihil
636 1471 831 1532 consecutus
856 1485 949 1544 sum,
976 1471 1012 1531 ut
1038 1482 1079 1530 eo
1105 1469 1192 1530 statu
1217 1482 1336 1543 essem,
1426 1554 1431 1565 ι

283 1621 382 1684 quem
408 1621 517 1685 neque
543 1604 697 1670 fortunae
725 1606 902 1685 temeritas,
928 1622 1036 1685 neque
1052 1603 1263 1668 inimieorum
1284 1606 1334 1669 la-

281 1737 465 1801 befactaret
502 1708 650 1802 iniuriai
714 1739 901 1804 Mortemne
946 1740 1028 1803 mihi
1077 1739 1255 1817 minitaris,
1301 1744 1338 1802 ut

282 1872 421 1936 omnino
448 1872 490 1935 ab
516 1872 724 1950 hominibus3
757 1892 800 1939 an
826 1875 996 1952 exsilium,
1028 1878 1064 1938 ut
1102 1877 1145 1939 ab
1177 1875 1336 1957 improbis

283 2006 535 2088 demigrandum
568 2009 632 2072 sit‘l
694 2009 786 2074 Mors
820 2010 976 2075 terribilis
1013 2014 1062 2074 est
1095 2012 1153 2089 iis,
1195 2029 1336 2092 quorum

283 2162 359 2209 eum
386 2145 453 2208 vita
476 2145 589 2209 omnia
615 2146 870 2227 extinguuntur3
910 2164 979 2213 non
1005 2148 1063 2223 iis,
1098 2164 1241 2229 quorum
1262 2149 1334 2213 laus

283 2279 390 2342 emori
417 2296 484 2344 non
507 2284 633 2361 potest:
679 2281 834 2345 exsilium
867 2285 978 2346 autem
1002 2282 1061 2363 iis,
1099 2284 1216 2365 quibus
1242 2286 1335 2367 quasi

283 2416 547 2497 circumscriptus
574 2421 623 2481 est
648 2417 819 2482 habitandi
837 2420 948 2493 loous;
974 2436 1043 2482 non
1057 2419 1109 2497 iis,
1131 2420 1188 2499 qui
1203 2436 1335 2484 omnem

283 2549 401 2613 orbem
426 2554 589 2614 terrarum
614 2569 715 2616 unam
747 2554 866 2618 urbem
894 2570 966 2618 esse
1001 2553 1134 2618 ducunt.
1194 2555 1241 2619 Te
1273 2556 1337 2618 mi-

281 2687 409 2761 seriae,
448 2692 479 2749 te
514 2704 692 2752 aerumnae
723 2692 892 2769 premunt,
934 2690 990 2772 qui
1024 2694 1056 2752 te
1089 2691 1240 2768 beatum,
1282 2692 1338 2772 qui

282 2822 458 2885 llorentem
480 2826 591 2905 putas:
626 2828 702 2888 tuae
738 2828 769 2888 te
804 2825 956 2889 libidines
992 2829 1164 2906 torquent:
1201 2829 1234 2888 tu
1268 2825 1336 2891 dies

283 2961 462 3039 noctesque
487 2960 661 3038 cruciaris,
687 2962 740 3024 cui
766 2979 829 3026 nee
855 2963 934 3026 satis
960 2964 1019 3039 est,
1047 2960 1137 3042 quud
1161 2964 1221 3041 est,
1253 2964 1285 3026 et
1305 2963 1339 3026 id

283 3097 393 3176 ipsum
415 3112 456 3163 ne
483 3114 551 3160 non
582 3098 624 3160 sit
649 3097 841 3162 diuturnum
867 3099 1014 3163 lutumm
1048 3098 1160 3161 times:
1195 3101 1229 3162 te
1255 3115 1337 3161 enn-

284 3229 442 3293 suientiae
468 3230 637 3294 stimulant
660 3232 902 3297 maleficiorum
927 3237 1078 3297 tuorum:
1096 3226 1134 3295 'te
1153 3235 1258 3296 metus
1276 3251 1336 3297 ex·
1432 3284 1437 3295 .

283 3365 644 3431 animantiudieiorum
666 3372 765 3446 atque
780 3369 907 3446 legum:
933 3355 1131 3447 quoeunque
1146 3366 1337 3444 adspexisti,

281 3504 320 3565 ut
347 3499 472 3576 furiae,
506 3499 554 3561 sie
587 3502 664 3563 tuae
694 3498 752 3562 tibi
785 3504 963 3562 occurrunt
995 3498 1154 3575 iniuriae,
1188 3515 1273 3577 quae
1307 3503 1338 3560 te

284 3634 450 3716 respirare
482 3651 551 3700 non
585 3634 705 3703 sinunt.
758 3633 1034 3713 Quamobrem
1057 3636 1094 3696 ut
1117 3632 1272 3712 improbo
1308 3638 1340 3697 et

284 3748 385 3837 stulto
413 3774 445 3834 et
470 3770 565 3835 inerti
605 3772 729 3835 nemini
764 3772 850 3836 bene
885 3788 958 3835 esse
987 3774 1112 3854 potest,
1150 3769 1198 3834 sie
1228 3770 1337 3833 bonus

286 3906 338 3971 vir
364 3910 396 3969 et
420 3906 514 3970 fortis
541 3911 573 3970 et
594 3907 726 3990 sapiens
750 3908 868 4005 miser·
890 3925 961 3973 esse
992 3924 1061 3971 non
1087 3910 1205 3988 potest
1271 3906 1338 3972 Nee

285 4058 382 4123 vero,
409 4042 500 4107 cuius
525 4044 627 4108 virtus
652 4061 830 4126 moresque
856 4043 1012 4109 laudandi
1037 4049 1130 4122 sunt,
1167 4044 1236 4109 eius
1269 4060 1336 4107 non

283 4180 452 4247 laudanda
477 4181 544 4245 vita
570 4184 636 4244 est:
673 4199 781 4265 neque
808 4198 911 4265 porro
938 4180 1093 4261 fugienda
1130 4180 1213 4254 vita,
1253 4194 1337 4256 quae

281 4314 451 4383 laudanda
476 4318 536 4379 est.
587 4314 681 4381 Esset
707 4321 818 4381 autem
843 4315 1015 4397 fugienda,
1043 4314 1072 4377 si
1099 4316 1185 4377 esset
1206 4313 1335 4379 misera.
