3450 5342
671 694 867 754 rsat'noxou
890 707 920 754 v.
947 705 1016 755 σεε.
1033 707 1054 755 ε.
1306 687 1381 762 219
1434 738 1441 749 .

333 869 371 921 sic
389 867 468 920 etiam
487 864 572 921 codd.
591 865 671 918 Bern.
691 865 751 920 Bas.
769 865 859 920 Guell.
878 877 905 921 et
920 865 983 921 Era.
1002 866 1070 939 Eyh.
1089 887 1133 939 ap.
1152 868 1218 935 0r.;
1237 871 1288 926 Ox.
1301 874 1320 925 l.
1343 877 1384 927 νὶ-

333 955 413 1008 venda·
428 964 557 1024 potestas,
576 953 690 1008 vivendi.
725 953 938 1025 pergunt-Drsd.
948 958 973 1008 1.
983 958 1009 1009 3.
1021 966 1053 1008 ut
1064 955 1131 1009 valis
1144 956 1257 1016 vivendi,
1275 959 1385 1017 Drsds.

334 1043 443 1095 vivendi
460 1052 493 1093 ut
510 1041 599 1107 vult,
616 1043 710 1095 Gral-
729 1042 837 1094 vivendi
855 1051 888 1094 ut
906 1041 1009 1094 velit.
1046 1042 1114 1096 lllud
1130 1042 1293 1098 aisihabent
1307 1047 1384 1100 etiam

334 1141 436 1201 septem
455 1128 516 1182 libri
534 1128 635 1183 Aldini.
676 1126 751 1184 tdem
770 1129 855 1183 Aldus
873 1129 907 1183 ad
925 1129 1005 1183 verba
1024 1140 1057 1181 ut
1075 1130 1142 1183 velis
1160 1131 1312 1194 annotavit:
1339 1150 1387 1201 „ut

334 1215 400 1269 velle
419 1217 531 1283 debeas,
549 1226 578 1270 ut
594 1214 664 1270 ratio
681 1216 866 1288 praescribit.“
884 1246 919 1257 —
955 1216 1078 1284 „Eodem
1103 1217 1186 1272 modo
1204 1217 1289 1273 Stoici
1316 1219 1386 1291 apud

333 1303 469 1367 laertium
488 1303 632 1357 definiunt:
659 1302 709 1373 τήν
725 1305 877 1374 ἐλευθερίαν
900 1297 966 1356 εἶναι
982 1306 1097 1362 ἓξσυσίαν
1115 1301 1310 1376 αὕτααραγίαςε
1339 1307 1388 1373 [est

333 1393 364 1446 1..
383 1394 441 1448 Vll.
459 1393 531 1448 Seot.
549 1396 611 1447 121.
630 1413 656 1464 p.
663 1396 726 1447 441.
746 1392 795 1446 Ed.
813 1392 956 1461 Meibom.]
993 1391 1079 1448 sicin
1098 1393 1307 1449 Definitionibus
1323 1394 1388 1448 Pla·

333 1482 430 1536 toniais
448 1479 570 1552 ἡγεμονία
591 1486 651 1548 βίου
675 1479 803 1534 delinitur
828 1481 868 1551 [p.
887 1483 949 1535 161.
975 1478 1025 1534 Ed.
1045 1479 1137 1549 Bella]
1163 1492 1189 1536 et
1212 1478 1387 1552 αὕτακράτεια

334 1573 376 1621 lal
394 1575 489 1632 aurat,
513 1567 577 1623 item
606 1570 706 1627 ἔξουσία
731 1570 784 1619 τῶν
808 1563 873 1620 καθ’
896 1563 989 1619 luvris
1013 1571 1039 1620 ir
1055 1571 1135 1638 βίῳ.“
1166 1571 1256 1641 Xyst.
1274 1570 1387 1624 Betul.

333 1656 455 1724 „Eadem
472 1655 603 1711 sententia
621 1665 660 1709 est
678 1655 706 1708 in
724 1653 794 1708 libro
813 1654 847 1708 de
866 1654 971 1710 Officiis
989 1656 1078 1727 primo
1106 1659 1142 1724 [c.
1160 1662 1204 1711 20.
1222 1660 1311 1726 extr.]:
1339 1660 1387 1710 Li-

335 1744 452 1796 bertatis
466 1743 606 1813 proprium
621 1751 679 1806 est,
698 1742 738 1794 sia
755 1742 855 1809 vivere,
875 1752 907 1795 ut
924 1743 1017 1796 velis.·‘
1034 1743 1106 1796 Fra
1126 1742 1219 1815 Sylv.
1255 1745 1321 1813 „Est
1340 1746 1387 1801 de-

333 1830 421 1884 finitio
440 1827 598 1901 philosopha
610 1828 730 1901 quidem,
747 1828 793 1882 sed
805 1840 896 1883 tamen
911 1828 1055 1901 popularis.
1091 1829 1166 1898 Quid
1177 1831 1249 1885 enim
1265 1843 1387 1902 potestas

333 1919 382 1986 sit,
408 1916 579 1988 intelligitur:
601 1917 692 1969 vivere
710 1925 800 1970 autern
825 1916 924 1971 dicitur
948 1936 1024 1970 more
1043 1929 1160 1971 veterum
1179 1917 1215 1986 is,
1245 1919 1291 1991 qui
1309 1918 1388 1971 vitam

334 2005 441 2077 agendo
460 2003 590 2072 traducit,
614 2002 719 2058 Graece
738 2008 795 2070 βίος
813 2014 840 2058 et
863 2007 953 2071 βιοῦν,
980 2004 1053 2076 quod
1071 2005 1162 2082 dillert
1181 2025 1196 2060 a
1218 2004 1271 2074 1ωή
1291 2018 1317 2060 ει
1334 2003 1389 2077 ζῇν,

336 2092 411 2166 quod
436 2092 515 2147 etiam
540 2092 626 2146 brutis
651 2092 833 2146 animantibus
859 2092 999 2160 tribuitur,
1030 2112 1170 2164 nunquam
1195 2113 1258 2147 vero
1283 2092 1389 2165 plantis.

334 2180 456 2236 Aetionis
474 2191 564 2234 autera
581 2179 634 2235 boc
653 2191 692 2234 est
712 2180 868 2253 proprium,
895 2192 926 2235 ut
943 2180 1000 2235 eius
1018 2199 1095 2235 causa
1114 2181 1147 2235 sit
1164 2182 1192 2235 in
1209 2181 1268 2253 ipso
1287 2192 1390 2253 agente.

335 2269 404 2322 Nam
422 2269 443 2322 si
461 2268 546 2322 estin
563 2267 616 2339 alio
638 2278 709 2322 extra
735 2288 813 2332 eum,
840 2288 896 2323 non
916 2281 953 2324 est
971 2269 1056 2337 actio,
1081 2270 1125 2323 sed
1145 2269 1260 2342 passio.“
1282 2271 1390 2341 Wytt.

336 2355 383 2409 Est
400 2357 472 2427 apud
493 2356 662 2411 Aristotelem
686 2356 765 2411 Polit.
784 2359 817 2423 V,
836 2360 869 2412 ll:
899 2354 1035 2429 ἐλεύθερόν
1059 2378 1087 2410 τε
1112 2363 1155 2410 καὶ
1175 2353 1244 2424 ἴσον,
1269 2356 1300 2410 ri
1325 2351 1339 2409 ‘t
1363 2380 1390 2411 τι

335 2442 367 2496 εἶν
383 2444 512 2515 βούληταί
528 2464 569 2504 τις
587 2457 675 2501 ποιεῖν.
712 2444 771 2498 Mr.
1310 2441 1312 2446 ’

408 2536 476 2603 Quis
493 2536 580 2607 igitur
599 2537 684 2601 vivit,
712 2545 743 2586 ut
762 2535 838 2601 vult,
868 2536 921 2588 nisi
939 2535 986 2608 qui
1005 2537 1068 2602 eto]
1105 2534 1147 2587 Ad
1168 2555 1192 2588 v.
1210 2545 1243 2586 ut
1261 2537 1322 2588 vult
1340 2534 1390 2587 Al·

335 2622 388 2676 dus
404 2623 524 2677 Manutr
549 2622 631 2688 „Nan
660 2633 689 2676 ut
707 2621 790 2676 libido
816 2623 923 2688 suadet,
949 2622 994 2676 sed
1019 2633 1050 2677 ut
1074 2623 1142 2676 ratio
1166 2621 1276 2676 dictitat.
1321 2622 1389 2674 Nam
1440 2622 1446 2629 '

337 2710 479 2772 voluntas,
504 2708 541 2762 ait
564 2709 644 2764 Tusa.
662 2708 726 2776 lV.,
762 2721 818 2776 est,
843 2728 912 2782 quae
937 2711 1004 2782 quid
1028 2728 1088 2762 cum
1112 2711 1217 2762 ratione
1241 2709 1389 2761 desiderat:

334 2795 489 2866 βούλησις.“
503 2797 575 2869 [cap.
592 2799 632 2867 4.]
670 2797 737 2852 eod.
759 2797 839 2854 Drsd.
859 2803 884 2851 2.
914 2798 993 2852 habet
1011 2799 1072 2871 quis
1094 2817 1173 2870 arga
1197 2796 1274 2852 vivit.
1319 2795 1390 2848 Tum

336 2887 395 2939 Cra.
415 2889 441 2939 1.
459 2885 513 2938 nisi
529 2895 605 2938 recta
623 2887 672 2959 qui
689 2887 823 2960 sequitur.
873 2885 932 2941 Cra.
952 2892 979 2941 2.
1007 2887 1061 2939 nisi
1085 2886 1133 2957 qui
1156 2884 1280 2957 sequitur
1307 2894 1390 2940 recta.

336 2973 405 3028 Cod.
421 2973 502 3028 Drssl.
520 2977 547 3030 t.
573 2975 628 3028 nist
644 2974 814 3046 profecta
833 2976 893 3047 qui,
919 2974 993 3046 quod
1018 2972 1116 3027 habent
1136 2974 1216 3026 etiam
1241 2982 1294 3025 tres
1321 2969 1390 3037 Aldi,

336 3071 362 3115 el
386 3071 424 3116 est
446 3061 474 3115 in
493 3061 563 3116 Edd.
588 3060 662 3118 Crat.
686 3061 762 3118 Man.
779 3061 873 3134 Magn.
899 3062 987 3128 liuba
1014 3062 1112 3118 nostris
1134 3061 1195 3116 Atd.
1213 3064 1292 3116 1511.
1312 3063 1382 3115 1552

336 3151 398 3203 Car.
418 3148 509 3222 steph.
528 3150 604 3222 Sylb.
641 3151 674 3205 ln
693 3149 762 3205 cod.
781 3151 877 3205 Duisb.
897 3162 937 3206 est
953 3151 1007 3211 nisi
1025 3152 1073 3224 qui
1092 3162 1188 3204 reate
1210 3152 1316 3217 vivit,
1345 3150 1389 3202 sed

335 3239 364 3291 in
385 3257 471 3311 marg.
490 3238 624 3310 vulgatam
643 3238 731 3293 habet.
767 3239 831 3292 Mox
849 3238 929 3292 Drsd.
947 3237 1160 3293 scansionum
1177 3239 1232 3292 via.
1269 3237 1326 3289 Mr.

316 3357 318 3361 ·
409 3328 454 3378 aui
472 3326 580 3379 vivendi
597 3327 644 3379 νία
662 3326 833 3379 considerata
850 3337 935 3398 atque
951 3329 1061 3397 provisa
1079 3325 1152 3393 esti]
1178 3325 1256 3393 „llos
1274 3335 1326 3392 est,
1345 3325 1391 3397 qui
1411 3340 1415 3350 “

336 3413 384 3466 diu
404 3413 571 3484 cogitarunt,
591 3422 617 3466 et
635 3410 697 3466 dein
715 3413 926 3478 constituerunt,
953 3413 1026 3484 quod
1044 3414 1111 3466 vitae
1131 3431 1217 3483 genus
1237 3422 1392 3483 sequantur,

335 3502 370 3555 ad
392 3519 473 3572 quem
501 3499 600 3567 finem,
629 3511 757 3571 tanquam
786 3499 820 3553 ad
844 3517 960 3572 scopum
985 3518 1079 3553 omnes
1102 3499 1169 3552 vitae
1186 3517 1250 3551 suae
1276 3497 1393 3551 actiones

336 3589 464 3660 dirigant.
500 3587 580 3655 Nam,
598 3599 627 3642 ut
645 3588 752 3660 egregie
770 3586 873 3641 Seneca
886 3589 930 3655 ait,
949 3587 1000 3659 Ep.
1011 3590 1061 3640 'lit
1081 3586 1146 3638 Idea
1162 3603 1310 3656 peccamus,
1329 3586 1394 3656 quia

341 3677 518 3748 departibor
536 3678 610 3731 vitas
628 3695 717 3730 omnes
738 3675 930 3743 deliberamus,
957 3676 989 3727 de
1007 3684 1068 3727 tota
1091 3691 1173 3728 namo.
1209 3670 1316 3726 Etenim
1334 3671 1394 3724 vita

340 3766 398 3817 siae
416 3783 495 3836 scopo
513 3783 587 3838 vaga
613 3775 670 3830 ast,
695 3776 726 3820 ut
749 3765 822 3819 idem
850 3765 887 3820 ait
914 3764 963 3837 Ep.
989 3767 1032 3818 9⁵.
1061 3761 1135 3834 quod
1159 3760 1256 3816 alarius
1281 3758 1393 3832 explicat

341 3852 391 3924 Ep.
410 3855 461 3907 71:
488 3853 562 3906 Scire
581 3852 673 3922 debet,
701 3854 769 3927 quid
790 3865 870 3925 petat
897 3854 957 3913 itte,
975 3854 1023 3925 qui
1041 3851 1174 3923 sagittam
1199 3847 1262 3903 vult
1280 3849 1393 3912 mittere,

339 3951 367 3992 et
386 3951 452 3994 tuna
470 3941 585 4014 dirigere
601 3952 630 3994 at
648 3943 782 3996 moderari
805 3960 888 3995 manu
907 3942 1006 3994 telum:
1031 3947 1125 3992 errant
1150 3936 1263 3990 consilia
1291 3945 1393 3998 nostra,

340 4029 407 4102 quia
432 4048 485 4083 non
509 4029 624 4098 habent,
648 4050 701 4102 quo
729 4030 894 4103 dirigantur.
945 4028 1015 4082 Hinc
1039 4022 1190 4098 philosophi
1214 4020 1391 4094 praecipiunt,

339 4136 446 4190 semper
464 4129 490 4172 et
506 4117 534 4171 in
560 4118 686 4172 omnibus
714 4118 794 4172 rebus
816 4117 897 4172 linem
917 4115 1100 4190 spectandum.
1144 4111 1253 4166 Aristot.
1279 4106 1392 4159 Eadem·

339 4206 360 4273 l,
380 4212 411 4259 2:
431 4206 480 4258 Ast
493 4203 598 4258 ἅπαντα
615 4204 662 4259 τᾶν
687 4204 829 4271 δυνάμενον
847 4205 895 4280 ζῃν
913 4198 982 4258 uari
999 4196 1048 4274 τήν
1065 4199 1148 4254 αὐτοῦ
1171 4201 1319 4269 προαίρεσιν
1344 4198 1390 4245 θέ-

339 4300 408 4348 σθαι
423 4293 483 4348 τινα
502 4292 596 4349 ornarit
614 4297 662 4347 τοῦ
681 4297 765 4354 καλῶς
783 4294 844 4365 ζῆν,
869 4290 936 4364 apic
961 4289 988 4344 ὃν
1015 4288 1167 4356 α’πσβλὲαων
1189 4280 1325 4353 ποιήσειαν
1342 4279 1394 4333 aa'-

338 4403 387 4443 σας
411 4381 461 4443 orla
484 4380 596 4456 πράξεις.
616 4379 651 4443 ὥς
679 4383 709 4436 τό
727 4405 756 4452 γε
774 4381 811 4453 μή
835 4379 1016 4447 συντετάχθαι
1033 4376 1080 4431 'cir
1105 4381 1163 4443 βίον
1180 4371 1245 4443 apia
1267 4367 1298 4424 ²⁰⁸
1321 4373 1393 4429 τὲιῑος

338 4467 488 4541 ἀφροσύνης
506 4472 604 4543 πολλῆς
622 4467 726 4541 appetis
743 4475 825 4525 ιστν.“
845 4471 967 4526 Graes.
1019 4466 1094 4521 Adde
1114 4462 1220 4516 Arriani
1245 4464 1392 4541 Commen-
