3450 5342
335 652 386 725 50
661 631 835 716 rsntnoxs
863 665 1057 715 snorcoaun.

336 854 447 891 monere
461 834 589 888 tectorem
603 828 693 883 tainus
705 839 845 896 attentum,
859 827 1042 883 duriusculum
1058 844 1112 878 esee
1125 824 1161 879 ita
1176 824 1269 898 loquis
1289 828 1389 880 matta

337 933 476 994 asportare
499 921 531 970 de
553 918 611 971 suis
634 917 739 970 rebus.“
766 917 919 970 Lambin.
956 915 999 968 Ad
1025 914 1094 967 hanc
1119 914 1323 969 annotationem
1349 937 1389 971 re·

337 1009 449 1082 spondet
460 1008 549 1078 Wyn.
563 1006 592 1058 in
606 1016 710 1071 annot,
730 1022 811 1077 qnam
830 1004 912 1057 modo
932 1001 1128 1073 adscripsimus.
1164 1002 1304 1074 Exempla,
1324 1025 1387 1077 quae

336 1098 425 1152 omisit
450 1096 514 1163 W„
541 1093 660 1148 afferunt
683 1092 765 1164 Borg.
789 1103 816 1147 et
840 1091 943 1146 Ochsn.
981 1089 1061 1145 Cant.
1079 1089 1114 1142 de
1130 1088 1188 1142 Off.
1208 1092 1243 1143 ΙΙ.
1261 1096 1295 1146 4:
1325 1111 1388 1164 quae

337 1187 475 1240 utilitates
497 1201 530 1235 ex
555 1181 659 1235 rebus
683 1181 732 1244 iis,
758 1190 912 1252 quaesunt
936 1179 1108 1241 inanima,
1130 1177 1336 1248 percipiantur,
1359 1179 1386 1231 de

337 1272 417 1325 Finn.
434 1272 480 1336 IV,
500 1273 548 1324 1⁰:
577 1287 670 1321 eorum
688 1286 802 1320 rerum
821 1285 903 1339 quam
926 1266 1080 1335 piurima
1098 1276 1125 1318 et
1145 1284 1228 1339 quam
1246 1267 1387 1318 maxima

338 1360 451 1428 adipisci
458 1379 468 1419 ,-
488 1355 783 1422 tridentinorum
801 1358 870 1408 enim
889 1373 1001 1406 reruni
1020 1364 1105 1406 utra
1113 1372 1205 1425 mque.
1242 1351 1387 1407 vincon.

338 1446 372 1501 ad
390 1443 448 1497 Cic.
465 1443 548 1515 Epist.
566 1443 670 1496 Ferant.
688 1442 759 1508 XVI,
777 1446 804 1508 4,
822 1446 854 1497 5:
884 1443 1006 1511 sumptui
1030 1460 1063 1493 ne
1084 1459 1185 1510 parcas
1208 1442 1239 1492 in
1264 1441 1324 1494 utta
1342 1460 1386 1504 re,

340 1533 429 1605 quad
455 1531 495 1582 ad
518 1531 699 1583 valetudinem
723 1549 790 1600 opus
813 1531 859 1582 sit.
882 1558 916 1570 ·-
953 1529 1085 1584 Deterisse
1109 1528 1177 1580 ittud
1200 1547 1293 1581 secum
1316 1529 1385 1582 etiarn

338 1618 491 1674 Bentleium
501 1618 584 1672 refert
593 1616 695 1671 Gernh.
704 1617 732 1670 in
744 1616 889 1672 Addendis.
925 1616 1015 1668 Rebas
1028 1616 1155 1670 omittunt
1166 1615 1234 1670 01¹.
1246 1636 1272 1671 a.
1287 1635 1316 1680 u.
1334 1617 1383 1669 Mr.

410 1709 585 1776 Quumesset
603 1705 793 1757 admonitura
811 1704 939 1776 quodam]
966 1703 1105 1776 Scriptum
1130 1714 1169 1757 est
1192 1714 1296 1758 vetusto
1317 1721 1384 1756 inore

339 1795 501 1849 ammonitus
518 1793 547 1846 in
565 1792 622 1846 Cra.
637 1796 662 1846 t.
677 1797 708 1857 t;
727 1793 863 1844 amonitus
882 1810 896 1843 a
914 1789 1023 1844 Suerin.
1058 1795 1139 1844 Esset
1156 1792 1231 1845 abest
1249 1791 1286 1845 eb
1303 1790 1353 1844 Or.
1366 1810 1385 1859 η.

338 1883 431 1936 Refert
447 1881 530 1935 Preti.
547 1881 576 1933 in
595 1880 732 1951 Excerptis
749 1879 817 1950 Eyb.
835 1897 891 1932 esse
916 1890 947 1930 ut
972 1879 1029 1948 ipse
1052 1880 1120 1931 idern
1140 1879 1185 1950 f.‚
1214 1879 1290 1950 qnod
1315 1879 1383 1932 habet

343 1973 407 2026 item
425 1969 510 2021 Paris.
527 1988 547 2020 e.
567 1967 648 2034 a.‚.in
662 1966 749 2021 Codd.
767 1967 827 2020 Bas.
845 1966 925 2021 Drsd.
943 1971 968 2020 2.
987 1977 1019 2019 ut
1038 1967 1079 2018 ita
1091 1967 1163 2037 fac,
1179 1966 1208 2018 in
1227 1965 1344 2038 Guelph.
1360 1975 1385 2017 ut

340 2059 409 2109 idem
422 2057 485 2127 sac.
522 2054 559 2109 Er
574 2055 705 2126 posterius
723 2054 830 2126 quidem
849 2053 954 2109 exhibet
971 2055 1050 2109 etiarn
1069 2053 1129 2108 Cra.
1146 2059 1172 2108 1.
1191 2073 1256 2108 curn
1275 2055 1384 2108 Desit.

341 2145 369 2198 in
387 2143 459 2197 Gud.
479 2141 511 2196 C.
538 2152 576 2195 est
600 2153 633 2195 ut
656 2144 713 2212 ipse
735 2144 822 2204 idern
850 2146 879 2196 in
897 2143 978 2198 Drsd.
998 2148 1023 2196 2.
1046 2142 1177 2197 omittitur
1193 2153 1245 2203 ut‚·
1274 2143 1352 2196 Drsd.
1366 2146 1386 2198 i.

341 2231 405 2286 iacit
425 2249 487 2284 cum
507 2229 566 2283 Bas.
601 2229 673 2282 Turn
691 2229 772 2283 Dred.
783 2233 808 2283 1.
826 2231 923 2302 inquid
940 2249 991 2301 pro
1009 2230 1108 2301 inquit.
1143 2230 1186 2282 De
1203 2229 1321 2283 formula
1336 2233 1385 2299 Ego

340 2339 402 2374 aero
423 2318 531 2388 elegans
548 2328 587 2372 est
604 2317 794 2372 commentatio
812 2318 922 2372 Hernici
940 2317 1086 2389 Stephani,
1111 2336 1208 2389 quarn,
1235 2336 1299 2370 curn
1317 2316 1384 2371 sitin

341 2408 411 2461 tibro
429 2406 571 2471 rarissimo,
590 2405 618 2459 in
633 2409 757 2459 Excursu
776 2406 891 2460 adiicere
910 2406 994 2458 risum
1013 2416 1051 2459 est
1068 2406 1157 2458 tertio.
1195 2402 1383 2458 1nCod.Sue·

341 2494 394 2548 rin.
413 2505 501 2548 estut
519 2494 646 2546 ididem
664 2495 721 2564 ipse
731 2494 850 2566 faceret.
888 2493 947 2546 Mn.

413 2581 508 2632 Omnia
526 2599 625 2633 mecum
641 2591 720 2652 porto
737 2583 816 2650 mea]
838 2581 877 2634 lta
893 2581 963 2634 edidi
977 2600 1039 2634 cunr
1052 2580 1155 2635 Gernh.
1171 2592 1197 2636 et
1211 2582 1271 2649 Or,
1290 2583 1383 2655 optimo

343 2680 414 2723 certe
433 2669 467 2722 ad
484 2671 642 2722 sententiam
662 2669 766 2736 ordine,
783 2668 827 2722 itte
843 2687 872 2721 es
887 2669 937 2721 Ed.
950 2668 1081 2741 Herwag,
1100 2668 1144 2724 hic
1155 2689 1184 2722 er
1197 2671 1267 2726 Vict.
1303 2671 1383 2740 Quen

296 2778 300 2787 ·
341 2770 431 2812 autem
448 2756 652 2829 Herwegiansm
677 2758 794 2829 appellat
817 2756 920 2811 Gernh.
944 2768 983 2812 est
1006 2777 1051 2825 ea,
1077 2777 1158 2829 quarn
1178 2777 1228 2811 nos
1246 2757 1385 2813 camerarii

341 2845 455 2898 dicimus
478 2844 551 2914 (Bas.
568 2848 647 2899 154⁰.
667 2846 686 2898 f.
704 2846 769 2914 m.),
796 2846 825 2896 in
851 2865 904 2916 qua
929 2857 990 2899 sunt
1018 2856 1120 2899 annott.
1146 2857 1174 2900 et
1196 2848 1384 2902 Camerariiet

341 2931 463 2986 Victorii.
499 2930 546 2984 Est
565 2943 700 3001 praeterea
725 2932 769 2986 hic
793 2931 937 2985 verborum
962 2933 1030 2985 ordo
1057 2936 1086 2986 in
1109 2933 1177 2987 Edd.
1203 2934 1274 2988 And.
1294 2933 1384 2998 Tataei.

341 3019 410 3074 Ros.
427 3015 527 3087 steph,
546 3036 615 3087 quae
633 3018 712 3072 habet
730 3021 795 3074 item
813 3020 937 3073 emendd.
956 3021 1132 3089 Victorianus,
1155 3033 1191 3088 et,
1216 3023 1238 3076 si
1256 3023 1323 3077 fides
1338 3021 1386 3077 coi·

342 3105 445 3170 lationi,
463 3101 532 3157 Cod.
545 3103 659 3159 Gud.&
695 3105 726 3159 ln
745 3106 817 3161 Gud.
828 3108 860 3162 A.
880 3120 918 3162 est
938 3110 1025 3161 omnia
1043 3128 1100 3160 mea
1120 3127 1219 3161 mecum
1237 3121 1386 3180 asporto,

343 3193 417 3266 quod
441 3192 555 3246 correxit
580 3192 677 3265 aliquis
702 3214 730 3247 er
758 3197 932 3249 antecedente
959 3206 1150 3265 asportarent3
1181 3196 1254 3249 idern
1279 3194 1385 3251 enotavit

343 3279 422 3334 etiarn
441 3278 493 3333 Or.
512 3297 542 3331 er
560 3278 677 3352 Guelph.
718 3282 845 3355 Plerique
872 3296 898 3338 et
923 3285 1014 3355 scripti
1040 3295 1067 3337 et
1091 3283 1155 3336 editi
1178 3282 1289 3339 tabent·
1308 3283 1384 3337 omitia

342 3385 401 3419 area
419 3385 519 3420 mecum
533 3377 621 3436 porto,
638 3387 701 3422 curn
720 3369 827 3424 Valerio
845 3372 916 3424 Mer.
939 3370 996 3424 Vll.
1017 3376 1041 3423 2.
1060 3373 1085 3438 3,
1107 3371 1153 3442 qui
1172 3370 1259 3425 addit:
1283 3375 1384 3424 Pectore

342 3456 411 3506 enim
430 3454 481 3505 itta
496 3453 640 3525 gestabat,
667 3475 720 3510 non
744 3459 878 3512 tenuris:
905 3479 958 3512 non
981 3459 1066 3511 oculis
1088 3458 1214 3523 visenda,
1241 3461 1290 3512 sed
1312 3460 1384 3512 aesti-

342 3542 441 3594 mando
459 3542 566 3603 animo;
585 3562 655 3597 unus
672 3557 764 3600 noster
781 3545 849 3600 Cod.
864 3545 924 3601 Cra.
936 3549 961 3600 1.
980 3546 1141 3599 tabernam
1158 3563 1216 3597 mea
1235 3548 1325 3598 omnia
1341 3563 1386 3597 me-

343 3648 402 3681 cum
417 3639 506 3697 porto.
542 3630 667 3703 Denique
684 3635 774 3686 omnia
791 3654 849 3685 meo
866 3646 944 3703 porto
962 3652 1062 3686 mecam
1080 3632 1203 3687 exhibent
1221 3633 1291 3687 Edd.
1309 3632 1384 3687 Satis.

342 3715 430 3780 Petri,
458 3713 537 3768 Grut.
561 3715 649 3772 Gran.
674 3718 770 3774 Graes.
787 3721 853 3775 Ern.
872 3724 960 3776 Wetz.
980 3720 1056 3775 sets.
1073 3721 1156 3792 Borg.
1175 3749 1212 3760 —
1242 3722 1386 3787 „Virtutem

343 3812 370 3854 et
388 3799 554 3880 sapientiam,
574 3821 642 3873 qnae
660 3804 762 3860 bomini
781 3808 830 3861 nisi
850 3829 911 3862 cum
932 3810 981 3864 vita
1000 3809 1068 3879 eripi
1087 3828 1141 3863 non
1162 3812 1305 3880 possunt.“
1322 3806 1386 3863 ΑΗ.

343 3887 428 3940 Men.
446 3967 448 3970 Ι
464 3886 527 3954 „Ab
546 3888 611 3956 aliis,
631 3893 677 3962 qui
696 3893 748 3948 hoc
765 3895 890 3964 citarunt,
909 3897 948 3950 rel
963 3895 1075 3950 Graccis
1092 3895 1132 3950 ret
1148 3896 1259 3966 Latinis,
1277 3897 1386 3952 additur:

342 3977 470 4026 virtutem
487 3993 521 4026 ac
538 3977 700 4044 doctrinam,
725 3985 845 4036 παιδείαν
863 3989 908 4036 καὶ
926 3982 1047 4054 α’ρετήν.“
1067 3983 1174 4054 wyri.
1212 3983 1256 4038 De
1273 3984 1386 4056 Stilponc

344 4061 481 4134 Megarico
499 4063 570 4117 idem
588 4066 708 4121 reserens
725 4069 827 4127 Seneca
844 4073 879 4126 de
897 4069 989 4124 Const.
1007 4069 1071 4141 Sep.
1089 4074 1115 4124 ⁵.
1134 4068 1158 4141 5.
1175 4073 1202 4125 8.
1219 4071 1271 4125 ita:
1297 4075 1387 4142 Mega-

344 4167 402 4200 ram
423 4152 578 4205 Demetrius
601 4166 720 4224 ceperat,
747 4159 791 4210 cui
817 4176 958 4230 cognomen
982 4158 1146 4211 Poliorcetes
1163 4159 1237 4231 fuit.
1282 4158 1329 4214 At
1346 4159 1386 4210 nc

343 4237 431 4304 Stilpo
446 4238 622 4309 philosophus
638 4243 836 4315 interrogatus,
854 4263 919 4296 num
937 4243 1003 4314 qnid
1018 4245 1195 4312 perdidisset,
1215 4249 1246 4298 N
1250 4247 1305 4298 itu·
1311 4246 1322 4297 t
1328 4284 1336 4310 ,
1351 4244 1385 4294 ia·

344 4322 416 4391 quit,
442 4326 555 4377 omnia
572 4345 718 4400 namque
734 4348 804 4382 mea
823 4348 950 4381 mecum
969 4341 1063 4382 sunt.
1109 4334 1201 4406 Atqui
1218 4345 1247 4386 et
1262 4333 1386 4406 patrimo·

342 4404 417 4456 nium
433 4408 492 4461 eius
508 4411 537 4462 in
550 4414 681 4480 praedam
699 4427 829 4483 urserat,
847 4427 874 4470 et
887 4417 968 4485 filias
987 4433 1119 4487 rapuerat
1136 4422 1239 4486 hostis,
1256 4432 1285 4473 et
1301 4416 1386 4492 patria
