3450 5342
335 661 410 734 214
656 661 829 728 retenone
856 674 1050 722 srorconnn.

337 863 384 898 nec
402 861 463 896 snos
481 859 570 912 regere
586 838 686 909 potuit.
736 836 778 889 Ad
797 834 935 906 sequentia
953 832 1003 887 Or.
1022 832 1055 886 de
1074 833 1137 902 Leg.
1157 831 1225 902 Agr.
1245 830 1277 897 ll,
1299 835 1345 884 2οε
1370 835 1389 881 0

338 947 472 1000 libidinem
489 943 694 1016 refrenandam
717 960 766 1012 pro
785 940 844 992 Mil.
863 942 920 992 18.;
947 955 1086 1010 nunquam
1111 935 1159 986 ille
1176 934 1388 1006 effrenatus

338 1053 403 1088 suas
421 1032 544 1085 libidines
562 1029 731 1085 cohibuisset.
769 1030 824 1082 Pro
843 1026 966 1081 libidines
983 1026 1039 1080 sola
1059 1024 1109 1077 Ed.
1131 1022 1192 1077 Asc.
1213 1025 1298 1077 1511.
1317 1021 1388 1075 babet

339 1121 484 1193 cupidines.
521 1117 579 1170 Mr.

408 1207 538 1279 Refrenet
554 1206 612 1276 pri
619 1223 704 1257 mum
723 1202 847 1256 libidines
855 1204 875 1272 ,]
912 1202 1086 1271 „Lectionem
1108 1201 1188 1271 prins
1208 1198 1327 1270 margini
1345 1197 1387 1250 ad-

340 1304 460 1348 notatam
485 1292 588 1347 inveni:
621 1309 683 1346 cum
711 1290 739 1344 in
766 1290 893 1354 omnibus
918 1292 1024 1362 legetur
1049 1288 1246 1361 exemplaribus
1268 1288 1387 1358 primum.

339 1381 405 1434 Mihi
426 1380 512 1452 prime
531 1378 621 1432 fronte
633 1377 765 1450 scriptura
784 1378 918 1448 posterior
935 1378 995 1432 ideo
1014 1377 1065 1432 visa
1086 1388 1124 1431 est
1136 1376 1302 1449 probabilis,
1321 1374 1387 1447 qnod

340 1477 496 1540 sequeretur
512 1478 584 1518 tum
601 1465 715 1536 incipiet
732 1466 797 1518 otiis
814 1466 953 1537 imperare.
995 1466 1031 1520 Αι
1048 1466 1176 1519 sententia
1205 1460 1389 1536 pensiculatius

341 1556 502 1621 examinata,
527 1553 612 1626 priori
635 1552 855 1623 subscripsimus:
882 1552 1025 1620 Refrenet,
1043 1553 1147 1625 inquit,
1164 1553 1246 1622 prius
1262 1550 1389 1612 libidines,

341 1663 421 1716 qnam
439 1641 525 1696 libero
543 1642 671 1712 cuiquam
689 1642 812 1711 imperet.
847 1639 955 1696 Deinde
973 1641 1093 1696 subiicit:
1122 1638 1241 1711 Incipiat
1265 1638 1326 1692 aliis
1342 1637 1389 1689 im·

342 1750 435 1802 perare
455 1741 528 1795 tum,
552 1748 634 1801 quum
657 1728 714 1800 ipse
738 1727 866 1783 dedecori
893 1748 928 1784 ac
953 1729 1128 1802 turpitudini,
1156 1726 1275 1781 dominis
1303 1727 1387 1796 utique

341 1817 557 1891 improbissimis,
590 1836 684 1889 parere
709 1816 844 1872 desierit.“
871 1817 1029 1873 Morisot.
1072 1816 1191 1884 „Prius‚
1220 1826 1290 1883 tres,
1315 1823 1387 1867 recte.

341 1912 474 1972 Primum,
500 1906 639 1962 tredecim.
675 1906 782 1970 Primo,
810 1924 889 1959 unus.
935 1905 1017 1959 Abest
1044 1905 1077 1958 ab
1095 1905 1182 1958 un0.“
1212 1901 1289 1956 Ald.
1307 1901 1387 1954 Man.

343 1993 365 2046 E
390 1995 476 2048 Codd.
505 1995 602 2047 nostris
631 1992 720 2045 nullus
743 1993 864 2063 (praeter
894 1993 987 2062 Suer.)
1016 1993 1095 2046 aliam
1122 1991 1269 2046 lectionem
1308 1989 1386 2053 babet,

344 2101 425 2153 quam
442 2083 566 2153 primum.
610 2082 753 2134 Dederuut
771 2090 861 2134 tamen
883 2083 962 2152 prins
986 2077 1063 2137 Crat
1081 2083 1173 2152 Magn.
1194 2079 1269 2132 Man.
1298 2078 1385 2130 Lamb.

342 2169 437 2222 Colon.
463 2168 539 2241 sylb.
564 2169 596 2223 11.
615 2169 702 2223 Wolf.
728 2167 790 2221 Atd.
815 2173 894 2224 1511.
916 2174 995 2225 1551.
1025 2172 1086 2224 Car.
1110 2167 1203 2240 Stepb.
1229 2166 1291 2219 Asc.
1317 2169 1387 2218 1510.

342 2257 436 2328 Neque
461 2257 639 2310 necessarium
666 2256 745 2310 nobis
770 2258 852 2310 risum
881 2269 919 2312 est
948 2258 1096 2312 rationibus
1120 2255 1246 2308 Morisoti
1272 2252 1386 2323 obsequi,

344 2364 406 2398 cnm
421 2343 500 2413 prins
519 2343 639 2397 rideatur
656 2344 824 2399 correctoris.
860 2346 995 2412 Primum,
1014 2356 1141 2418 sequente
1160 2343 1234 2396 nulla
1254 2341 1305 2394 alia
1323 2358 1384 2393 enu-

344 2430 465 2485 merandi
483 2430 629 2502 particula,
652 2431 708 2487 imo
727 2432 799 2485 nulla
827 2450 919 2485 rerum
945 2433 1059 2487 aliarum
1089 2432 1307 2497 enumeratione,
1335 2446 1384 2481 uon

345 2529 383 2573 est
399 2520 554 2574 inusitatum
579 2518 721 2585 Ciceroni,
754 2520 812 2573 side
829 2520 912 2574 modo
931 2522 1017 2575 Beier.
1036 2521 1068 2575 ad
1094 2520 1150 2574 Cic.
1179 2519 1215 2572 de
1233 2517 1292 2572 oft.
1310 2515 1384 2582 1,11,

343 2613 389 2663 44.
408 2630 436 2681 p.
456 2613 508 2663 108
526 2629 566 2680 sq.
587 2608 652 2680 rbiq.
678 2607 769 2664 laudd.
792 2608 862 2662 Add.
888 2611 945 2664 Cic.
969 2610 1002 2665 de
1021 2610 1053 2662 N.
1070 2609 1106 2662 D.
1125 2606 1159 2675 ll,
1178 2611 1223 2674 10,
1246 2610 1289 2661 10.
1324 2602 1384 2656 lllud

344 2696 417 2750 enim
435 2696 566 2750 Morisoto
585 2696 663 2750 facile
680 2697 816 2764 concedo,
833 2698 861 2750 in
880 2711 1008 2770 sequente
1026 2708 1085 2750 tum
1101 2716 1159 2750 non
1177 2714 1234 2748 esse
1253 2693 1384 2749 continua·

344 2785 444 2840 tionem
464 2784 657 2850 enumerandi,
687 2784 811 2838 sedtum
836 2788 900 2858 poni
920 2807 971 2859 pro
989 2797 1048 2839 tum
1066 2786 1178 2856 deniqne
1197 2801 1260 2837 cum
1280 2781 1384 2853 quadam

344 2872 419 2944 quasi
436 2873 614 2944 oppositione.
651 2870 693 2923 Ad
711 2874 869 2925 sententiam
896 2873 976 2928 laudo
996 2872 1052 2927 Cio.
1079 2891 1129 2944 pro
1148 2871 1214 2943 Leg.
1238 2869 1330 2923 Manil.
1347 2871 1384 2930 13,

344 2962 394 3014 38ε
424 2977 508 3030 neque
525 2959 594 3009 enim
617 2969 709 3028 potest
736 2959 883 3010 exercitum
909 2963 933 3012 is
960 2962 1093 3016 continere
1118 2961 1279 3031 imperator,
1305 2957 1385 3031 quise

344 3050 401 3114 ipse
419 3064 472 3097 non
490 3045 616 3123 continet.
652 3045 713 3099 Mc.

415 3142 525 3200 spernat
544 3132 724 3202 voluptates,]
742 3133 853 3206 Legitur
871 3149 977 3206 spernet
994 3139 1023 3193 in
1048 3136 1133 3191 Codd.
1154 3135 1228 3189 Gud.
1246 3135 1278 3190 Α.
1299 3136 1352 3188 Cn.
1363 3135 1385 3184 1.

345 3218 424 3272 Drsd.
443 3224 469 3274 5.
506 3218 536 3272 ln
556 3219 635 3274 Drsd.
654 3224 679 3274 1.
704 3233 743 3276 est
760 3223 933 3278 iracundias
952 3236 1093 3280 renunt.
1131 3224 1214 3281 Drsd.
1233 3227 1258 3280 3.
1283 3223 1384 3276 irncnn·

346 3308 418 3359 Mam
435 3319 574 3363 renunt.
610 3309 690 3364 Drsd.
706 3314 729 3370 5.
758 3312 928 3366 iracundiam
947 3319 1081 3371 coissent,
1107 3313 1257 3364 avaritiam
1281 3320 1386 3363 ceteros·

346 3416 409 3468 qne
427 3426 461 3439 -
475 3399 611 3467 expellat.
665 3399 775 3471 Legitur
799 3401 937 3453 coherceat
961 3401 989 3455 in
1009 3399 1095 3455 Codd.
1121 3398 1224 3454 Crn.1.
1242 3384 1268 3454 1.
1291 3395 1386 3451 Sueriu.

347 3485 419 3538 Gud.
430 3486 463 3539 A.
474 3483 542 3540 Cod.
554 3499 644 3542 autem
655 3487 762 3543 Suerin.
773 3487 865 3560 paullo
878 3491 1001 3562 superius
1017 3500 1076 3562 post
1090 3487 1215 3540 libidines
1229 3487 1303 3541 addit
1315 3502 1386 3543 snos,-

346 3595 396 3646 pro
421 3587 512 3628 tenent
539 3576 675 3631 usitatiore
705 3577 792 3630 forma
819 3577 899 3632 babet
922 3579 1067 3632 contineat.
1117 3575 1170 3629 Sed
1195 3586 1286 3629 tamen
1311 3569 1387 3625 estin

346 3663 424 3714 Vere.
444 3661 504 3715 Act.
524 3660 557 3714 11.
586 3664 615 3715 L.
635 3662 681 3730 lll,
701 3666 727 3729 1,
746 3668 772 3719 3.
796 3666 1014 3735 cupiditates-
1035 3675 1166 3717 tenere.
1201 3663 1259 3716 Pro
1278 3661 1387 3714 libidines

346 3760 435 3800 autem
453 3750 481 3801 in
500 3749 580 3802 Drsd.
598 3755 624 3803 1.
642 3761 680 3803 est
698 3751 861 3807 libidinem.
909 3755 964 3807 Pro
983 3762 1087 3805 ceteros
1115 3761 1154 3805 est
1180 3760 1216 3802 et
1245 3758 1344 3802 eeteros
1365 3744 1387 3797 in

346 3834 483 3907 Excerptis
500 3835 567 3907 Eyb.
587 3837 658 3908 apud
678 3836 743 3904 0r.,
762 3839 790 3891 in
808 3839 889 3896 Drsd.
908 3844 933 3895 1.
952 3846 977 3897 3.
996 3852 1021 3894 ει
1039 3842 1097 3893 css.
1118 3843 1143 3892 1.
1181 3839 1249 3893 Post
1276 3837 1347 3889 labes
1366 3833 1388 3885 in

348 3922 426 3977 Drsd.
444 3929 471 3978 4.
491 3922 653 3977 additurus
677 3925 812 3996 frondes,
839 3930 912 4002 quod
931 3942 1021 3984 ortum
1047 3938 1085 3981 est
1104 3947 1133 3980 er
1152 3927 1241 3998 glossa
1260 3927 1304 3978 vel
1314 3925 1389 3996 stan·

347 4010 406 4078 des,
435 4031 503 4084 quae
521 4024 559 4066 est
581 4013 608 4066 in
636 4013 707 4069 Gud.
728 4016 772 4083 Β.,
799 4036 854 4072 non
879 4019 1025 4073 admodum
1052 4026 1122 4088 apta.
1162 4017 1307 4070 Meliorem
1322 4011 1389 4066 babet

347 4098 406 4155 Cn.
426 4104 450 4154 1.
469 4119 548 4172 supra
568 4101 614 4156 lin.
632 4105 762 4159 maculas·
799 4108 853 4164 Pro
873 4118 966 4160 tenent
986 4106 1035 4160 Ox.
1055 4123 1078 4158 o.
1099 4103 1181 4159 habet
1194 4106 1300 4174 finiet,
1330 4095 1391 4173 quod

346 4208 402 4242 uon
422 4201 461 4244 est
479 4189 643 4261 glossatoris,
662 4193 707 4246 sed
726 4196 829 4249 scribae
848 4197 916 4250 male
936 4195 1061 4267 legentis:
1079 4194 1125 4248 sed
1142 4192 1233 4264 glossa
1253 4202 1292 4247 est
1308 4184 1390 4244 Onlb

348 4280 475 4345 reprimat
494 4300 544 4353 pro
562 4282 684 4353 repellat.
703 4283 760 4337 Mr.
797 4286 902 4350 „Lobes
926 4283 1010 4336 animi
1034 4293 1111 4349 sunt,
1142 4302 1213 4354 quae
1240 4277 1393 4354 frequentius

348 4361 473 4420 dicuntur
491 4369 550 4422 vitia
569 4370 631 4423 item
652 4370 831 4428 vitiositates.“
848 4374 956 4445 Wyti.

419 4456 592 4508 iracundiam
611 4489 645 4498 ·-
664 4461 918 4528 reputantium,
947 4478 996 4532 pro
1021 4469 1130 4528 tenent,
1159 4481 1241 4517 unus.
1291 4465 1397 4514 Terreat.
