3450 5342
725 684 766 728 iu
798 682 1002 730 rnoouuruu.
1128 644 1133 651 ⁸
1309 665 1383 740 327

334 834 415 899 ubi,.
432 846 460 888 ut
478 834 543 888 solet
561 835 656 891 Cicero
676 858 782 893 suarum
800 845 994 897 sententiarum
1021 842 1137 914 optimus
1161 862 1215 896 esse
1243 846 1381 920 interpres,

333 922 386 975 hoc
405 922 524 993 scripsite
550 927 625 976 Haeo
643 926 730 996 igitur
751 931 875 999 quaestio
894 949 911 981 σ
928 931 1045 1002 propriis
1060 929 1181 999 personis
1205 941 1232 980 et
1259 938 1380 1002 tempori·

333 1007 383 1059 ltus
402 1009 441 1058 od
457 1011 576 1062 universi
592 1014 697 1081 generis
706 1015 853 1068 orationem
866 1018 997 1070 traducta
1007 1017 1164 1086 appellatur
1177 1019 1259 1074 θέσις.
1294 1017 1382 1085 Quem

333 1107 423 1148 autem
442 1117 521 1168 supra
541 1118 569 1151 er
588 1099 704 1169 epistolis
729 1101 762 1153 ad
781 1102 900 1157 Atticum
927 1104 1042 1158 laudavit
1063 1103 1153 1156 locum
1180 1103 1276 1174 Xystus
1302 1101 1384 1159 Betu-

333 1182 413 1248 leius,
432 1182 462 1236 L.
481 1184 525 1251 lX,
545 1189 570 1239 4.
596 1186 751 1259 addiditque
774 1189 868 1244 subiici
886 1192 938 1243 iam
962 1211 977 1244 a
997 1190 1128 1244 Cicerone
1152 1189 1271 1262 exempla
1289 1196 1385 1244 θέσεων

334 1271 368 1322 de
387 1273 542 1342 tyrannide,
562 1293 591 1326 ea
611 1271 708 1328 Cicero
725 1294 801 1328 suam
821 1277 918 1348 ipsius,
939 1295 1008 1350 quae
1028 1289 1093 1332 tunc
1111 1289 1182 1344 erat,
1202 1276 1385 1333 conditionem

333 1359 486 1430 respiciens,
505 1361 537 1413 ad
557 1360 672 1415 amicum
682 1361 802 1417 Graecae
816 1363 922 1436 linguae
936 1367 1134 1437 peritissimum,
1153 1364 1257 1418 Graece
1275 1351 1386 1436 scripsit,

334 1466 418 1518 eaque
429 1445 492 1500 huie
501 1447 629 1502 Excursui
639 1450 737 1504 addere
749 1452 832 1506 visum
843 1465 894 1506 est:
913 1457 946 1506 Εἰ
952 1458 1071 1530 μενετέον
1083 1457 1108 1506 ἐν
1122 1456 1158 1525 τῇ
1171 1455 1281 1524 πατρίδι
1290 1471 1387 1522 τυραν-

334 1537 456 1605 νουμένῃς
476 1539 688 1606 Τυραννουμένης
700 1541 729 1590 δὲ
742 1537 832 1609 αύτῆς,
852 1543 873 1592 εἰ
883 1546 962 1593 παντί
976 1538 1064 1613 τρύπῳ
1077 1544 1232 1612 τυραννίδος
1246 1540 1387 1594 κατάλυσιν

333 1627 553 1690 πραγματευτέον,
572 1619 620 1674 κᾶν
630 1627 713 1694 μέλλῃ
728 1623 774 1677 ded
783 1630 862 1678 τοῦτο
876 1633 934 1699 νιερί
949 1634 1001 1681 τῶν
1013 1622 1078 1680 ύλων
1092 1623 1195 1696 ἡπόλις
1204 1628 1386 1694 κινδυνεύσεννς

334 1711 367 1759 Εἰ
384 1706 541 1778 εὐλαβητέον
558 1709 602 1762 τδν
620 1713 798 1778 καταλύοντα,
815 1713 852 1785 μή
871 1712 951 1774 αὖτίς
970 1718 1091 1786 αἰρηταις
1119 1717 1152 1765 Εἰ
1170 1719 1303 1784 πειρατέον
1320 1711 1387 1785 α’ρή-

332 1819 387 1862 γειν
403 1803 440 1869 τῇ
457 1802 567 1870 πατρίδι
584 1807 776 1874 τυραννουμένῃ
798 1807 881 1874 καιρῷ
900 1809 943 1856 καί
962 1804 1027 1872 λόγῳ
1045 1805 1160 1869 μᾶλλον,
1184 1798 1335 1872 ἢπολέμῳς
1356 1806 1387 1856 Εἰ

333 1884 467 1938 πολιτικδν
483 1886 515 1939 τύ
534 1883 675 1957 ἡσυχάζειν.
687 1887 894 1960 ἀναχωρήσαντα
913 1912 972 1955 ποι,
1000 1893 1048 1960 τῆς
1065 1893 1194 1960 πατρίδος
1212 1894 1385 1960 τυραννουμέ-

334 1994 396 2041 νης,
424 1978 457 2026 Εἰ
479 1972 525 2026 ded
550 1973 647 2035 παντίς
671 1980 738 2029 ἰτέον
762 1974 882 2031 κινδύνου
901 1981 949 2048 τῆς
967 1980 1117 2048 ἐλευθερίας
1136 1979 1208 2046 σέρις
1227 1980 1260 2028 Εἰ
1278 1973 1386 2039 πόλεμον

334 2068 458 2115 ἐπακτέον
473 2065 507 2134 τῇ
522 2063 606 2133 χύρρ,
626 2070 670 2115 καί
686 2067 870 2135 πολιορκητέον
887 2063 987 2135 ταύτην
1006 2067 1224 2134 τυραννουμένρνς
1238 2067 1272 2115 Εἰ
1291 2069 1335 2115 καί
1350 2065 1386 2132 μή
1443 2130 1445 2136 y

334 2145 509 2210 δοκιμάζοντα
527 2146 575 2220 τήν
601 2149 648 2203 ded
665 2153 778 2213 πολέμου
804 2149 945 2204 κατάλυσιν
964 2155 1011 2221 τῆς
1029 2153 1197 2222 τυραννίδος,
1222 2170 1388 2222 συναπογρα-

336 2240 412 2289 πτεόν
429 2231 496 2299 ὅμως
516 2251 570 2296 τοῖς
589 2236 720 2309 α’ρίστοις,·
746 2243 779 2290 Εἰ
797 2252 852 2298 τοῖς
872 2237 1015 2309 εὐεργέταις
1041 2243 1084 2290 καί
1103 2242 1187 2300 φίλοις
1206 2242 1386 2307 συγκινδυνεύ-

335 2330 393 2377 τέον
414 2330 440 2378 ε’ν
464 2339 521 2385 τοῖς
551 2328 708 2394 πολιτικοῖς,
727 2327 778 2379 κιῖν
795 2324 832 2395 μή
856 2329 966 2379 δοκῶσιν
988 2314 1017 2378 eti
1040 2328 1230 2392 βεβουλεῦσθαι
1253 2333 1311 2398 περί
1337 2333 1387 2379 τῶν

337 2409 416 2478 iiior,
436 2419 468 2466 Εἰ
486 2411 499 2465 0‘
516 2415 616 2481 μεγάλα
634 2413 682 2484 τήν
700 2417 818 2484 πατρίδα
836 2412 1016 2483 εὐεργετήσας,
1043 2411 1078 2465 δι’
1097 2410 1160 2465 ariri
1179 2435 1207 2467 τε
1227 2417 1305 2466 τοῦτο
1325 2411 1387 2482 riurj-

337 2521 415 2554 κεστα
425 2502 520 2554 παθνίν
531 2507 575 2554 καί
584 2507 739 2572 φθονηθείς,
758 2498 939 2553 κινδυνεύσειεν
952 2503 985 2554 δν
1002 2498 1140 2570 έθελοντής
1159 2496 1221 2570 ύπέρ
1231 2505 1280 2569 τῆς
1292 2509 1387 2571 πατρί-

337 2592 398 2658 doe,-
417 2591 450 2640 Εἰ
465 2592 564 2650 έφετέον
582 2587 654 2658 αύτῷ
670 2590 764 2641 ἑαυτοῦ
781 2610 843 2642 ποτε
862 2593 906 2640 καί
924 2591 975 2640 τῶν
989 2586 1153 2641 οἰκειοτάτων
1171 2593 1304 2640 ποιεῖσθαι
1323 2587 1387 2657 πρύ-

337 2697 410 2728 νοιαν
428 2673 542 2746 α’φεμένρ
560 2673 609 2734 τοίς
628 2672 693 2747 πρύς
711 2671 773 2735 τούς
790 2670 929 2743 ἰσχύοντας
947 2677 1140 2739 διαπολιτείαςς
1166 2673 1244 2741 Quae
1263 2692 1324 2726 cum
1344 2692 1389 2726 re·

337 2774 415 2834 putas
432 2763 529 2835 scripta
548 2783 603 2818 esse
622 2784 637 2817 a
656 2763 788 2817 Cicerone
806 2783 830 2817 a.
849 2783 875 2816 u.
896 2783 919 2817 c.
935 2767 1001 2817 1⁰5.
1027 2764 1103 2817 cuius
1121 2762 1196 2816 initio
1216 2760 1313 2816 Caesar
1331 2761 1389 2813 Ru·

338 2849 463 2903 biconem
481 2853 636 2920 transierat,
655 2851 740 2919 vides,
758 2851 822 2923 quid
841 2852 961 2904 animum
982 2851 1037 2904 eius
1055 2849 1157 2922 quinto¹
1169 2861 1230 2902 ante
1249 2847 1388 2902 Caesarem

337 2939 509 2992 intersectum
528 2959 600 2993 anno
619 2939 786 3011 potissimum
806 2939 989 2994 commoverit.
1035 2936 1088 2990 Sed
1117 2947 1146 2989 ut
1169 2936 1202 2991 ad
1222 2936 1388 3008 propositum

338 3037 455 3080 revertar
473 3040 498 3081 et
516 3026 578 3082 huic
589 3028 622 3080 de
634 3048 688 3080 uno
701 3027 830 3081 vocabulo
841 3025 1013 3097 disputationi
1025 3022 1171 3078 clausulam
1185 3023 1290 3092 addam,
1309 3022 1389 3076 laudo

338 3115 406 3166 duos
425 3114 506 3166 tibros
524 3115 611 3168 bonae
630 3115 715 3187 frugis
734 3117 837 3188 plenos,
858 3116 905 3188 qui
924 3113 1003 3167 hodie
1022 3113 1122 3185 minus,
1142 3131 1224 3182 quam
1242 3119 1389 3177 merentur,

339 3204 456 3254 virorum
475 3201 617 3255 doctorum
635 3203 757 3256 manibus
777 3203 827 3257 teri
848 3202 981 3255 videntur:
1001 3213 1062 3255 sunt
1081 3210 1170 3252 autem
1190 3199 1209 3252 1.
1227 3196 1258 3251 C.
1275 3195 1390 3250 Ther-

339 3288 406 3342 nesti
424 3289 538 3343 Lexicon
556 3289 756 3360 Technologiae
770 3288 938 3343 Graecorum
956 3286 1122 3352 Rhetoricae,
1142 3288 1250 3343 τ.Θίσις
1266 3288 1387 3356 ρ.155·-

338 3381 402 3431 157.
421 3387 446 3429 et
473 3377 590 3429 eiusdem
609 3378 656 3430 riri
676 3377 791 3432 Lexicon
818 3375 1016 3445 Technologiae
1041 3373 1196 3427 Latinorum
1221 3371 1388 3437 Rhetoricae,

341 3485 363 3513 v.
383 3464 527 3531 Quaestio,
546 3483 572 3534 p.
582 3466 751 3531 ete-318,
772 3463 870 3536 quibus
888 3462 961 3515 lectis
978 3461 1088 3515 habebis
1099 3460 1170 3531 quod
1190 3459 1310 3513 sufficiat.
1329 3457 1387 3510 Mr.

763 3597 971 3609 ...-----

732 3713 943 3774 EXGURSUS
967 3714 1005 3771 lt.
1052 3718 1056 3723 “

575 3851 649 3926 Au
684 3850 1027 3928 rnnnnoxou
1053 3852 1085 3946 1,
1111 3848 1152 3922 ι,

370 4046 411 4057 —-
433 4010 494 4095 ιγαί
515 4011 600 4074 lraee
623 4009 798 4074 imbecilla
822 3990 862 4055 '-
887 4006 1118 4071 verhobene
1136 4013 1356 4091 putaverunt

754 4108 979 4197 appellanda.

412 4257 562 4316 „Bonorum
583 4270 681 4303 nomen
701 4272 752 4322 pro
770 4249 957 4322 facultatibus
974 4251 1010 4303 ita
1029 4247 1153 4300 usitatum
1172 4255 1218 4310 est,
1236 4254 1264 4296 ut
1285 4243 1310 4294 in
1329 4241 1391 4295 lure

340 4336 416 4391 civiti
436 4340 474 4390 rix
493 4339 639 4411 quicquam
657 4338 775 4391 invenias
794 4338 887 4392 tritius.
933 4337 961 4389 {d
987 4335 1166 4405 comprobant
1189 4331 1256 4384 tituli
1288 4332 1318 4382 de
1338 4334 1393 4381 Bo-

340 4445 435 4478 norum
456 4427 636 4497 possessione:
668 4438 693 4480 et
723 4446 805 4498 usque
834 4427 900 4480 adeo
927 4437 954 4480 tu
980 4418 1094 4494 quoque
1113 4419 1210 4475 Cicero
1241 4439 1301 4473 cum
1329 4416 1390 4471 alibi
