3450 5342
312 714 314 719 v
347 677 421 754 230
672 694 845 746 eentuoxe
874 695 1069 789 simmam.

346 863 374 916 in
394 861 464 915 diem
488 857 666 912 addictione.“
693 859 784 929 Xyst.
814 857 925 912 Betui.
971 858 1013 912 De
1041 855 1100 927 iege
1119 853 1178 908 XII.
1206 855 1299 909 Tabb.
1323 876 1398 928 quan

346 949 435 1003 laudat
452 947 524 1018 Xyet.
543 945 600 1000 Bet.
619 945 670 998 vid.
694 945 733 999 lo.
752 944 809 997 Nic.
828 944 942 999 Funccii
971 945 1054 1015 Leges
1072 943 1130 1002 1111.
1155 943 1245 998 Tabb.
1265 945 1306 1013 (4.
1333 944 1399 996 Rint.

345 1037 437 1107 1744.)
455 1057 481 1108 ρ.
501 1036 661 1089 att-258.
698 1032 757 1086 ΜΓ.

417 1123 508 1189 Nexu]
546 1120 612 1188 „Sic
636 1119 765 1174 sexdecim
785 1119 845 1171 mei.
882 1119 946 1172 Duo
964 1121 1052 1172 oere.“
1071 1118 1144 1173 Atd.
1165 1118 1257 1173 Man.
1294 1123 1398 1187 „Neam

346 1223 402 1266 erat
421 1209 552 1282 quaedam
570 1209 635 1261 iuris
649 1207 801 1274 solennitas,
822 1226 893 1279 quae
911 1207 939 1259 in
957 1225 1049 1259 recum
1066 1206 1266 1261 abalienatione
1284 1207 1344 1262 fieri
1360 1229 1398 1262 so·

346 1301 424 1354 lebat.
461 1296 522 1350 Gaii
541 1295 721 1349 iurisconsulti
749 1294 783 1347 de
808 1315 877 1347 nexu
897 1293 1020 1348 iaciendo
1045 1293 1113 1349 baec
1139 1295 1221 1348 verba
1239 1307 1318 1350 sunt·
1344 1301 1397 1359 Est,

345 1385 447 1485 inquit,
467 1385 630 1451 mancipatio
647 1383 811 1453 imaginaria
839 1382 972 1454 quaedam
989 1382 1123 1447 venditio,
1147 1384 1255 1454 quod'
1244 1402 1336 1453 ipsum
1360 1385 1397 1436 ius

343 1452 482 1568 proprium
499 1480 538 1522 est
558 1469 657 1521 civium
674 1473 872 1522 Romanorum:
891 1485 977 1540 eoque
994 1487 1036 1521 res
1053 1469 1096 1520 ita
1115 1469 1229 1540 agitur:
1259 1469 1397 1522 Adhibitis

345 1579 397 1612 non
416 1559 503 1610 minus
521 1575 603 1628 quam
621 1558 739 1629 quinque
757 1555 873 1610 testibus
908 1557 1010 1610 ciuibus
1034 1557 1163 1610 Romania
1185 1557 1353 1626 puberibus
1375 1569 1397 1610 et

343 1656 486 1715 praeterea
501 1644 557 1695 alio
575 1644 693 1697 eiusdem
713 1643 891 1710 conditionis,
910 1645 958 1717 qui
976 1644 1073 1697 librum
1091 1662 1203 1698 aeneam
1223 1656 1333 1710 teneat,
1356 1648 1397 1718 qui

345 1732 501 1802 appellatur
518 1731 653 1801 libripens.
689 1737 720 1785 Ie
739 1733 786 1804 qui
803 1734 966 1802 mancipium
983 1732 1101 1803 accipit,
1117 1751 1164 1786 aee
1183 1743 1284 1795 tenens,
1300 1733 1343 1783 ito
1359 1733 1397 1783 di·

345 1821 399 1871 cit:
428 1822 491 1891 'Ego
511 1820 583 1871 bunc
607 1821 785 1872 hominemex
804 1822 863 1871 iure
882 1820 1032 1889 Quiritium
1056 1837 1141 1873 meum
1160 1838 1218 1872 esse
1243 1820 1303 1887 aio,
1328 1821 1395 1890 isque

345 1909 409 1960 neibi
426 1917 532 1975 emptus
548 1917 588 1958 est
609 1908 691 1960 buius
710 1926 771 1960 aera
790 1926 927 1979 aeneaque
943 1906 1024 1959 libra.
1059 1907 1164 1959 Deinde
1172 1907 1394 1977 percutitiibrun

344 2012 418 2057 aere,
436 1995 517 2065 idque
541 2014 587 2046 aas
612 1994 661 2045 dot
685 1997 724 2060 ei,
743 2015 761 2046 a
780 2015 833 2066 quo
853 1995 1014 2065 mancipium
1031 1995 1131 2064 accipit
1142 1996 1226 2067 quasi
1240 1996 1328 2064 pretii
1336 1994 1391 2046 loco.

347 2081 432 2132 Nulla
451 2091 543 2132 outem
561 2101 604 2133 res
622 2081 679 2152 lege
704 2086 775 2135 XII.
793 2082 953 2135 tabularum
969 2083 1064 2146 aliter,
1082 2083 1136 2134 nisi
1151 2101 1202 2152 per
1224 2084 1298 2135 banc
1314 2083 1391 2135 soien-

344 2169 456 2219 nitatem
476 2168 626 2220 abalienari
642 2173 780 2238 poterat.“
798 2170 872 2222 Fcc.
890 2168 983 2240 Syiv.
1020 2167 1184 2241 „Emptione
1203 2169 1301 2222 etiuce
1314 2187 1391 2222 nexus

344 2254 396 2307 Atii
417 2255 510 2325 legunt
526 2258 622 2310 nexo.“
659 2256 823 2323 [Gernbardi
841 2257 892 2310 Ed.
908 2256 1089 2312 Facciolatum
1107 2255 1244 2310 dicentem
1256 2256 1323 2311 facit
1334 2255 1391 2308 aiios

345 2341 434 2412 legere
452 2359 545 2394 nexus.
580 2342 750 2414 Perpetem]
787 2345 940 2399 Faccioi.

415 2441 567 2500 quaesunt
586 2431 848 2503 dominorumsocta
867 2429 982 2504 nexu,]
1016 2431 1098 2499 Quod
1126 2431 1189 2485 dixit
1215 2429 1249 2484 G.
1272 2429 1388 2500 Langius,

344 2515 460 2586 optimos
477 2517 560 2571 libros
578 2518 675 2573 babere
694 2539 776 2587 nexo,
801 2521 929 2594 additque
946 2520 1105 2584 Lambinus,
1131 2539 1159 2572 se
1177 2538 1213 2571 ue
1234 2537 1319 2572 unum
1337 2517 1388 2589 qui·

343 2600 404 2654 dem
424 2602 522 2657 librum
541 2605 648 2673 vidisse,
674 2608 720 2679 qui
740 2607 874 2661 exhiberet
899 2626 985 2671 nexu,
1012 2607 1037 2660 id
1067 2608 1122 2660 iam
1146 2626 1176 2659 ex
1204 2605 1266 2659 Atdi
1285 2603 1388 2658 Maeotii

343 2691 457 2744 sedecim
477 2694 628 2759 codicibus,
654 2695 700 2766 qui
722 2695 899 2766 posteriorem
918 2696 1018 2749 babent
1042 2694 1234 2766 scriptionem,
1264 2693 1337 2746 valde
1353 2711 1388 2743 re·

342 2780 488 2850 stringitur.
525 2781 614 2835 Editio
638 2783 747 2854 quidem
774 2804 804 2837 en
829 2784 960 2838 veteribus
985 2782 1058 2836 nulla
1083 2782 1187 2835 videtur
1206 2780 1307 2834 babere
1323 2797 1386 2831 nexo.

342 2866 448 2920 Habent
466 2879 554 2922 autem
574 2888 644 2921 nexu
663 2870 748 2922 Codd.
768 2870 834 2923 om.
854 2891 962 2938 omnes,
991 2872 1109 2942 itemque
1127 2868 1201 2922 Gud.
1220 2870 1255 2922 Α.
1273 2869 1305 2922 Β.
1329 2866 1387 2921 Sue-

344 2955 394 3007 rin.
413 2955 507 3008 Duisb.
536 2955 595 3010 Cre.
614 2961 639 3008 2.
657 2959 681 3010 3.
708 2956 788 3008 Drsd.
807 2961 832 3010 1.
850 2963 874 3009 2.
894 2962 919 3012 3.
939 2963 979 3023 4.;
1005 2958 1076 3011 sotus
1103 2956 1184 3011 Drsd.
1205 2961 1231 3011 5.
1257 2966 1293 3006 et
1312 2955 1386 3026 sucta

343 3060 397 3092 ere
422 3042 493 3108 (sic).
549 3042 615 3094 111υό
642 3054 669 3093 et
696 3053 757 3095 ante
778 3043 864 3114 suctu
891 3044 1013 3099 inserunt
1031 3043 1118 3098 Codd.
1147 3043 1221 3098 Gud.
1241 3043 1272 3095 Β.
1300 3045 1385 3095 Grai

343 3127 422 3177 D1sd.
443 3130 468 3178 1
486 3131 511 3180 3.
529 3131 555 3181 4.
592 3129 622 3180 ln
641 3127 707 3181 cod.
726 3127 784 3182 Cn.
805 3135 829 3183 1.
848 3143 886 3184 est
912 3143 1064 3204 quaesunt
1089 3133 1256 3184 dominorum
1274 3141 1325 3183 aut
1341 3129 1383 3180 aii·

343 3233 410 3284 quo,·
439 3215 483 3266 sed
507 3203 541 3267 ab
559 3216 593 3269 ai.
611 3236 647 3269 m.
666 3216 785 3270 additum
805 3229 843 3272 est
868 3230 899 3269 et
920 3222 1008 3291 factu
1026 3239 1109 3284 nexu,
1137 3230 1200 3273 ante
1226 3229 1294 3280 aut,·
1325 3216 1383 3270 solus

342 3299 393 3352 Ox.
412 3301 431 3354 1.
450 3301 528 3356 babet
547 3304 712 3357 dominorum
730 3309 892 3358 astricta
911 3327 991 3361 nexu.
1039 3307 1167 3361 Ceterum
1192 3306 1304 3365 adrem
1323 3303 1382 3360 coni.

342 3387 427 3441 Lexic.
446 3388 526 3446 iurid.
546 3413 575 3444 ex
601 3393 719 3447 Brisson.
737 3391 845 3447 Hotom.
870 3395 966 3448 Pratei.
990 3395 1080 3448 Cuiac.
1109 3415 1133 3449 v.
1153 3398 1260 3448 Nexum
1288 3416 1314 3467 p.
1331 3395 1381 3447 ttt.

341 3475 474 3532 Dirbsenii
499 3480 558 3534 Lex.
585 3481 660 3534 Man.
685 3482 792 3536 Latinit.
817 3482 895 3536 font.
924 3486 975 3536 luc.
1007 3485 1062 3536 civ.
1090 3484 1170 3536 Rom.
1197 3503 1221 3536 v.
1247 3486 1349 3534 Nexum
1362 3487 1382 3530 et

341 3570 435 3620 Naxus
455 3589 481 3638 p.
500 3572 552 3623 6²2
572 3589 610 3641 sq.
628 3570 717 3623 Eiusd.
736 3570 806 3625 Krit.
825 3571 851 3624 d.
871 3569 927 3623 XII.
946 3571 1006 3624 Tat.
1023 3572 1198 3642 Fragmenta:
1219 3593 1245 3643 p.
1265 3573 1317 3626 30¹1
1333 3584 1380 3637 sqq·

341 3652 464 3707 Creuzer.
483 3656 576 3708 Roem.
595 3658 737 3730 Antiquitt.
756 3659 805 3712 Ed.
825 3666 850 3714 2.
872 3664 937 3732 pulss
948 3681 987 3732 sq.
1025 3661 1113 3714 Locus
1132 3661 1178 3731 qui
1196 3680 1279 3732 supra
1300 3657 1380 3712 laude·

340 3750 385 3791 tuc
402 3741 567 3808 Florentini,
590 3756 627 3798 est
645 3745 744 3816 Digest.
764 3747 822 3802 Lib.
842 3750 862 3803 1.
881 3749 933 3802 Tit.
953 3754 978 3803 5.
998 3750 1014 3801 1.
1033 3753 1059 3803 4.
1095 3748 1233 3802 Heineccii
1253 3744 1379 3817 antiquitt

339 3827 444 3880 Romm.
488 3830 635 3902 lurispmd.
660 3834 753 3889 illustr.
776 3837 883 3891 Libii.
908 3839 960 3893 Tit.
979 3839 998 3891 1.
1025 3836 1049 3908 5.
1068 3841 1113 3890 211.
1134 3835 1180 3890 111.
1205 3838 1239 3890 Τ.
1258 3837 1289 3889 11.
1306 3833 1329 3907 5.
1346 3837 1379 3886 1⁵.

339 3912 440 3967 Laudat
457 3915 540 3988 Borg.
559 3917 616 3975 Cic.
637 3919 687 3975 Or.
708 3943 757 3993 pro
781 3925 860 3980 Caec.
875 3929 918 3980 35.
946 3938 977 3978 ut
996 3927 1075 3978 Sulla
1097 3946 1150 3978 non
1176 3927 1319 3979 sustulerit
1341 3923 1379 3972 bo·

339 4020 398 4051 rum
415 4022 523 4066 nexu,·
542 4006 575 4060 de
595 4008 710 4080 Repubi.
729 4012 748 4077 1,
768 4017 819 4067 tt:
846 4018 902 4066 Nec
920 4016 994 4066 civili
1020 4033 1123 4079 nexo,
1152 4016 1200 4068 ubi
1227 4015 1279 4090 sid,
1303 4017 1380 4067 annot·

338 4100 419 4142 nostr·
442 4111 468 4160 p·
484 4096 526 4146 15.
546 4115 600 4166 quo
620 4098 680 4152 ioco
699 4100 732 4153 de
749 4101 835 4155 forma
851 4104 967 4157 nominis
982 4103 1046 4157 baec
1065 4103 1218 4173 posuimus:
1239 4102 1378 4171 „Ceterum

337 4196 500 4249 quamquam
520 4201 617 4234 nexum
644 4187 708 4240 dicit
728 4186 824 4242 Cicero
851 4203 877 4244 et
900 4212 997 4255 nexus,
1027 4211 1088 4244 eum
1118 4204 1210 4246 tamen
1237 4194 1294 4246 eius
1315 4203 1378 4244 usum

336 4265 486 4321 observasse
508 4271 572 4324 mibi
593 4273 697 4340 videor,
728 4287 757 4328 ut
785 4276 909 4332 (1εηίιίνο
939 4279 1009 4333 Casu
1035 4282 1197 4352 pierumque
1226 4283 1297 4335 dicat
1321 4292 1377 4338 neu

337 4368 397 4402 casu
415 4355 527 4408 ablativo
545 4378 615 4411 nexu
624 4371 795 4435 ,utrumque
814 4367 994 4438 ambiguitatis
1014 4368 1136 4422 vitandae
1159 4375 1266 4427 causaf‘
1301 4369 1378 4422 Ena·

335 4437 425 4491 tietate
445 4442 564 4511 Magnoli
592 4446 641 4500 Or.
662 4452 777 4506 enotavit
801 4453 960 4521 lectionem,
992 4475 1045 4526 qua
1064 4456 1133 4510 duae
1162 4457 1243 4526 iliae,
1272 4473 1333 4530 ques
1355 4467 1378 4501 et
