3450 5342
627 687 825 739 renuoxon
847 688 878 735 v.
919 687 988 735 err.
1009 689 1049 752 ι.
1281 669 1355 745 215

302 871 381 903 unus.
419 855 575 902 contemnat
595 848 711 917 [volebat
729 847 886 915 contineat,]
907 867 984 905 unus.
1025 853 1160 920 Temperet
1177 871 1231 907 esse
1249 855 1277 909 in
1293 858 1355 929 qui-

304 937 416 989 busdam
435 937 508 989 libris
527 947 647 991 notatum
666 936 781 990 invenio.
801 965 835 975 -
874 939 1016 1004 Catrceat,
1033 955 1126 993 omnes
1143 939 1204 992 mei.
1252 945 1354 997 Arceat

304 1045 360 1077 esse
378 1024 405 1077 in
423 1025 581 1094 quibusdam
600 1025 674 1079 libris
694 1035 815 1079 notatum
839 1023 956 1079 invenio.
976 1053 1010 1065 -
1047 1029 1090 1079 Et
1109 1036 1225 1092 ceteras,
1249 1027 1353 1082 decem:

305 1111 332 1164 in
352 1131 468 1182 quorum
490 1130 543 1164 uno
563 1112 711 1166 additum.“
731 1111 805 1165 Ald.
823 1110 913 1165 Man.

377 1210 434 1250 tum
452 1202 564 1270 incipiat
583 1202 646 1254 aliis
663 1201 818 1272 imperare,]
843 1201 953 1274 Legitur
976 1201 1004 1255 in
1029 1201 1092 1257 Ere.
1111 1201 1180 1276 [tyb.
1209 1212 1295 1257 tuna
1313 1204 1357 1257 in·

305 1288 423 1355 cipiet,
441 1299 523 1340 tunc
541 1289 594 1349 inei
598 1289 652 1359 pit
670 1290 698 1343 in
716 1288 797 1342 Drsd.
811 1291 847 1354 54
873 1299 958 1341 tunc
975 1289 1089 1359 incipiat
1109 1290 1138 1343 in
1156 1288 1244 1347 Codd.
1263 1289 1315 1344 Ox.
1330 1311 1356 1361 η.

305 1378 364 1429 Cre.
384 1380 407 1429 1.
427 1388 452 1430 et
471 1375 578 1429 Suerin.
621 1379 728 1430 inverso
755 1375 852 1428 ordine
876 1375 974 1448 legitur
1002 1377 1065 1428 aliis
1081 1376 1195 1448 incipiat
1218 1376 1247 1431 iu
1272 1377 1357 1430 codd.

304 1463 384 1516 Drsd.
404 1468 429 1517 1.
447 1476 473 1517 et
490 1467 515 1517 3.
544 1475 570 1517 et
592 1464 661 1518 Edd.
685 1466 749 1518 Asc.
773 1466 853 1519 1511.
881 1474 908 1516 et
931 1464 993 1518 Par.
1018 1484 1038 1517 s.
1058 1483 1080 1518 a.
1106 1464 1228 1537 Pergunt
1255 1463 1305 1518 Ox.
1325 1464 1356 1519 E.

305 1552 385 1606 Drsd.
397 1557 421 1608 3.
439 1552 508 1605 Edd.
526 1553 586 1605 Par.
606 1571 626 1605 s.
644 1572 668 1606 a.
684 1563 711 1605 et
729 1551 789 1605 Asc.
801 1553 882 1606 1511.
901 1570 984 1622 quum
999 1561 1031 1603 et
1049 1551 1114 1622 ipse.
1144 1551 1182 1607 Ut
1200 1551 1225 1606 h.
1239 1552 1257 1605 l.
1278 1553 1356 1603 riede-

305 1660 352 1692 cus
370 1651 397 1693 et
414 1639 611 1709 turpitudinem
630 1639 698 1710 dicit·
711 1639 917 1709 improbissimos
936 1639 1073 1704 dominos,
1090 1636 1129 1692 sic
1146 1637 1204 1693 Cat.
1231 1639 1292 1708 maj.
1313 1642 1355 1704 14,

303 1730 348 1780 tt.
367 1745 410 1778 res
430 1744 555 1778 venereas
573 1727 707 1778 dominum
725 1736 859 1797 agrestem
878 1725 1009 1797 appellat,
1036 1737 1062 1779 et
1080 1726 1108 1779 in
1126 1725 1178 1781 hoc
1195 1726 1254 1799 ipso
1271 1727 1357 1779 Para-

304 1813 374 1865 doxo
396 1831 419 1865 c.
439 1814 465 1866 8.
491 1831 547 1883 pro.
564 1811 675 1866 honoris
695 1813 867 1885 cupiditatem
887 1815 1020 1867 dominam
1043 1815 1219 1884 imperiosam.
1244 1814 1274 1866 M
1282 1834 1303 1868 r.
1323 1843 1356 1853 -

303 1900 395 1967 „Vitia
413 1901 586 1952 dominorum
606 1901 690 1954 instar
702 1900 842 1972 ,imperant
861 1900 906 1966 iis,
927 1900 972 1972 qui
993 1901 1029 1954 eis
1045 1913 1106 1956 sunt
1124 1901 1214 1956 dediti.
1250 1900 1357 1954 Persius

310 1987 365 2040 Sat.
386 1988 417 2040 V.
438 1989 503 2055 [tat
522 1989 593 2059 sqq.]

421 2074 520 2141 „Liber
536 2081 611 2147 cgo.“
623 2105 655 2115 —
679 2076 755 2132 Unde
776 2077 870 2128 datum
889 2077 939 2129 lroc
961 2078 1052 2142 sumis,
1074 2088 1115 2129 tat
1133 2076 1238 2130 subdite
1257 2075 1356 2129 rebus?

420 2164 468 2214 An
487 2163 655 2214 dominum
674 2163 800 2235 ignaras,
820 2165 873 2214 nisi
892 2183 968 2236 quern
986 2164 1106 2216 vindicta
1126 2161 1257 2216 relaxat?

420 2279 456 2289 -
492 2279 526 2289 -
563 2278 598 2288 —
635 2279 670 2289 -
707 2251 737 2302 Si
754 2252 830 2302 intus
848 2261 876 2300 et
895 2251 923 2301 in
941 2251 1026 2302 iecore
1044 2269 1125 2322 aegro
1224 2271 1226 2275 ·

424 2341 585 2390 Nascuntur
604 2338 623 2387 d
629 2337 692 2388 omi
698 2339 733 2388 ni
742 2372 749 2396 ,
767 2339 833 2409 quin
851 2348 882 2389 tu
902 2338 1059 2406 impunitior
1077 2338 1142 2401 exis,

421 2428 516 2496 Atque
534 2426 592 2483 tic.
610 2444 687 2496 quem
705 2427 744 2476 ad
760 2425 882 2498 strigiles
899 2426 1004 2478 scutica
1022 2436 1049 2476 et
1068 2436 1156 2478 metas
1173 2427 1228 2498 egit
1242 2426 1354 2481 teritis?

305 2512 359 2565 Sed
379 2512 436 2564 vide
455 2524 536 2566 totam
562 2511 694 2579 Satiram,
719 2512 747 2567 in
768 2531 821 2584 qua
840 2512 893 2566 boc
912 2523 1101 2585 argumentum
1120 2514 1303 2586 persequitur,
1331 2526 1357 2568 et

304 2600 333 2653 in
353 2619 411 2654 eam
431 2600 463 2654 ls.
482 2598 701 2653 Casaubonum.“
719 2598 840 2654 Graev.
877 2599 1012 2655 Scribitur
1031 2600 1058 2652 in
1078 2600 1146 2654 cod.
1164 2600 1244 2653 Drsd.
1261 2605 1294 2653 4.
1310 2601 1354 2652 de-

305 2688 452 2740 decorari
458 2709 468 2748 ,-
488 2689 515 2740 in
535 2687 607 2740 Gud.
626 2689 658 2739 Α.
677 2686 758 2739 Drsd.
776 2690 802 2740 1.
819 2690 845 2741 3.
864 2690 891 2742 ὅ.
914 2687 994 2741 Bern.
1013 2686 1102 2741 Guell.
1121 2687 1183 2742 Exc.
1203 2686 1271 2759 Eyb.
1290 2697 1355 2738 aut

304 2774 481 2844 turpitudini.
519 2773 598 2827 Male.
634 2773 665 2827 ln
685 2775 751 2827 cod.
771 2774 852 2828 Bern.
871 2786 958 2828 estet
978 2775 1152 2844 turpitudini.
1188 2774 1242 2828 Sed
1260 2774 1357 2828 arctius

305 2863 394 2934 iungit
412 2863 507 2916 Cicero
533 2862 597 2916 haec
616 2862 692 2928 vitia,
722 2873 752 2915 ut
776 2862 805 2915 in
830 2863 909 2915 Verr.
934 2862 994 2916 Act.
1015 2860 1048 2913 ll.
1074 2862 1103 2914 L.
1123 2860 1214 2928 111,4,
1235 2866 1265 2916 8:
1293 2873 1358 2914 sunt

305 2951 394 3002 omnia
413 2980 446 2988 —
464 2970 567 3003 summa
585 2951 708 3003 dedecore
726 2969 765 3002 ac
788 2951 959 3020 turpitudine
977 2949 1061 3002 oblita
1071 2971 1082 3012 ,·
1110 2969 1161 3023 pro
1188 2948 1295 3004 Cluent·
1324 2954 1355 3005 4:

304 3039 361 3089 sine
379 3057 480 3091 summo
499 3039 622 3091 dedecore
640 3067 675 3079 -
694 3056 734 3090 oc
750 3038 928 3109 turpitudine.
965 3037 1024 3091 ΜΓ.

377 3126 507 3178 Dedecori
524 3145 557 3177 aa
575 3127 741 3196 turpitudini
747 3128 766 3194 ‚]
803 3127 978 3198 „Turpitudo
997 3127 1144 3199 opponitur
1161 3127 1292 3183 honestati
1309 3129 1356 3182 i.e.

305 3212 409 3278 virtuti,
428 3211 603 3284 pulcritudini
622 3213 733 3268 morali:
751 3214 865 3267 dedecus
884 3225 973 3268 autem
994 3225 1032 3269 est
1050 3215 1163 3270 effectus
1174 3217 1356 3288 turpitudinis,

306 3301 406 3353 tactum
425 3319 481 3352 non
501 3300 688 3354 tantummodo
706 3299 824 3367 malum,
843 3301 890 3354 sed
909 3303 988 3355 etiam
1008 3303 1146 3356 moraliter
1163 3303 1293 3370 deforme,
1312 3305 1356 3357 in·

304 3388 462 3450 honesturn,
481 3391 588 3457 turpe.“
605 3388 711 3459 Wytr.
747 3388 802 3440 Pro
822 3387 931 3440 desierit
950 3399 988 3441 est
1000 3389 1125 3459 derigerit
1144 3388 1172 3441 in
1183 3389 1250 3444 Cod.
1264 3389 1356 3445 Crui.

303 3477 352 3549 qui
373 3485 412 3527 est
429 3490 506 3526 error
523 3473 664 3527 surdastris
689 3473 861 3527 caecutientis
879 3492 972 3527 errore
996 3473 1024 3525 in
1044 3472 1094 3526 Or.
1112 3473 1144 3527 E.
1170 3475 1355 3545 scriptumest

301 3572 399 3632 patere
418 3580 467 3631 pro
482 3578 587 3630 parere.
623 3558 752 3616 Codicem
776 3579 888 3633 quoque
913 3559 1090 3614 Pithoeanum
1116 3558 1214 3614 habere
1235 3573 1287 3612 aut
1308 3582 1357 3633 pro

302 3672 337 3702 ac
357 3650 440 3703 refert
457 3647 601 3716 Graevius,
620 3659 646 3703 et
665 3649 780 3703 eundern
800 3667 860 3701 mor
880 3659 939 3700 tum
957 3667 1008 3720 pro
1028 3647 1098 3703 dum.
1117 3646 1176 3700 ΜΓ.

377 3742 451 3790 Dum
470 3737 575 3810 quidem
593 3737 635 3790 tris
653 3736 755 3790 obediet
763 3737 786 3808 ,1
801 3733 869 3790 Cod.
889 3735 940 3789 Or.
958 3735 990 3788 E.
1009 3733 1153 3789 obediverit
1159 3756 1169 3796 ‚·
1188 3734 1357 3806 Osrapom.
1427 3766 1430 3770 ·

306 3826 379 3880 Gud.
398 3826 430 3878 A.
451 3825 481 3878 B.
501 3825 595 3881 Duisl».
615 3826 696 3879 Drsd.
714 3832 738 3880 2.
757 3825 898 3892 obedierit,
917 3843 999 3896 quam
1017 3823 1177 3890 lectionem,
1206 3843 1261 3878 nou
1291 3844 1358 3896 pro·
1403 3888 1408 3895 ἱ

306 3915 438 3983 baudam,
463 3926 597 3985 receptam
624 3914 699 3967 video
724 3913 751 3966 in
771 3912 839 3968 Edd.
863 3914 933 3966 Vict.
952 3913 1020 3966 lloh.
1045 3911 1136 3983 Steph.
1158 3915 1262 3966 Camer.
1298 3914 1357 3966 Vox

305 4006 350 4057 liis
368 4004 462 4056 omissa
482 4014 520 4056 est
537 4006 565 4055 in
586 4004 666 4056 Drsd.
687 4006 729 4070 1.;
748 4003 804 4054 liic
822 4001 927 4055 obedit
946 3999 1026 4055 habet
1043 4000 1123 4054 Drsd.
1143 4005 1168 4054 5.
1206 3999 1266 4052 Mr.

379 4094 440 4143 Nan
459 4091 533 4143 mado
551 4091 716 4161 irnpcrator,]
735 4093 814 4156 „Non
832 4091 907 4143 modo
923 4109 988 4143 non
1007 4089 1158 4160 imperator,
1177 4087 1241 4141 duo.
1278 4085 1357 4141 Male.

306 4178 366 4248 [Sic
384 4190 474 4233 noster
490 4179 569 4232 etiam
589 4179 713 4244 Suerin.;
731 4179 803 4233 Gud.
823 4179 854 4232 Α.
872 4199 925 4233 non
943 4179 1018 4231 mado
1035 4179 1180 4248 imperator
1198 4194 1263 4227 non
1281 4175 1358 4246 cst]

305 4267 353 4320 Sic
372 4266 469 4320 Graeci
495 4265 542 4333 arip
567 4260 650 4332 inore,
667 4266 704 4337 μή
723 4263 778 4333 iim,
806 4266 842 4337 μῆ
860 4262 962 4333 iiecyr,
980 4265 1017 4336 μή
1033 4258 1075 4316 ‘a'rc
1092 4259 1142 4333 dri,
1170 4259 1206 4331 μή
1224 4283 1266 4329 τι,
1293 4261 1359 4332 μήτι

306 4350 352 4423 δὴ,
367 4351 404 4424 μή
423 4363 450 4406 ct
467 4377 508 4422 pr,
526 4351 563 4425 ur}
581 4363 609 4407 rt
627 4379 654 4424 ys
673 4354 736 4424 dif‘
755 4354 827 4407 Atd.
844 4355 929 4408 Man.
972 4354 1056 4406 Plane
1074 4351 1143 4404 idem
1164 4362 1255 4404 monet
1272 4350 1359 4406 Mori-

306 4454 396 4511 sotus‚
416 4443 665 4509 testemssudaeum
686 4444 822 4498 adhibens.
865 4442 990 4513 intelligit
1009 4439 1041 4493 G.
1060 4437 1161 4492 Budaei
1185 4442 1358 4495 Commenta·
