3450 5342
339 672 360 717 X
490 670 590 717 ttuux
616 667 798 714 terentius
826 667 945 714 cutttct
972 668 1014 713 ΑΙ)
1041 668 1226 717 statuunt.

338 828 365 880 in
384 827 437 880 tine
455 826 563 898 legitur:
589 827 679 878 Morci
700 825 786 892 Tellij
803 826 936 878 Ciceronis
955 824 1034 876 Liber
1059 825 1090 876 de
1112 825 1260 893 paradoxis
1279 827 1392 896 explicit

333 916 455 986 feliciter
473 914 626 983 Erffordioe
644 915 679 964 In
701 911 802 982 Vigilio
820 912 927 964 Maricio
940 901 1307 982 a'pttannottccccbttlt.
1334 914 1392 968 tta-

340 1002 384 1055 bet
402 1001 470 1055 solas
487 1001 673 1072 inscriptiones
697 999 819 1067 Latinas,
846 999 967 1055 Graecae
985 1002 1088 1056 desunt.
1125 1001 1264 1055 Vocabula
1284 1001 1390 1058 Graeca

340 1089 493 1162 depravata,
521 1100 548 1143 et
569 1090 604 1143 ita
624 1088 747 1161 quidem,
774 1099 804 1142 ut
822 1091 938 1162 scriptor
961 1090 1061 1145 litteras
1078 1090 1196 1145 Graecas
1221 1110 1272 1163 pro
1289 1093 1391 1147 Latinis

338 1180 471 1250 corruptis
493 1177 614 1231 babuisse
640 1169 774 1242 videatur,
804 1196 820 1229 a
846 1197 873 1230 se
906 1179 1090 1250 corrigendas:
1121 1179 1159 1233 sic
1185 1179 1258 1250 quod
1284 1178 1390 1234 Graece

336 1267 465 1338 scriptum
489 1265 593 1319 videbat
616 1261 725 1330 ceraei,
756 1265 868 1318 fortasse
901 1286 1042 1338 perperam
1068 1278 1201 1320 exaratum
1228 1268 1390 1332 ΘΗΤΙΚΑ,

336 1354 441 1426 scripsit
458 1355 621 1409 ΟΝΟΥΝΑ.
666 1351 793 1406 Ceterum
820 1373 872 1407 nec
889 1354 998 1407 Latinae
1023 1354 1209 1425 inscriptiones
1225 1353 1304 1425 plane
1324 1372 1388 1407 cum

336 1441 413 1494 editis
430 1441 608 1495 consentiunt.
644 1439 792 1512 Aliquoties
810 1441 982 1512 reperiuntur
1001 1437 1256 1513 derroppoooieero,
1275 1441 1319 1494 sed
1340 1460 1389 1495 co·

337 1530 395 1583 lore
419 1531 503 1583 rubro
527 1529 617 1583 oblita.
662 1528 778 1600 Vestigia
805 1529 931 1602 antiquae
954 1529 1121 1602 scriptionis,
1147 1549 1228 1602 quam
1254 1526 1388 1599 o’pdoypo·

336 1626 398 1680 pter
416 1629 526 1684 vocant,
543 1615 623 1670 babet
641 1616 737 1670 multa:
766 1636 849 1689 quare
868 1637 897 1670 es
927 1617 1019 1671 codice
1047 1616 1192 1670 admodum
1220 1627 1319 1669 vetusto
1339 1615 1388 1668 de-

336 1706 450 1776 scriptus
467 1704 577 1759 ridetur.
621 1705 715 1777 Neque
732 1705 942 1758 contemnendas
959 1704 1037 1759 babet
1056 1704 1146 1757 multis
1163 1704 1228 1758 locis
1246 1703 1388 1758 lectiones:

336 1791 410 1845 valde
427 1804 516 1846 autem
535 1793 652 1846 diversus
669 1804 707 1846 est
725 1813 739 1846 a
759 1791 827 1847 Cod.
847 1792 905 1846 Cra.
924 1797 950 1847 1.

405 1883 431 1935 3.
469 1881 530 1936 Cod,
550 1881 719 1933 Creuaeri
738 1882 851 1945 tertius,
868 1882 931 1935 item
951 1880 1119 1947 chartaceus,
1137 1879 1254 1944 octonis,
1273 1879 1387 1950 scriptus

335 1989 359 2022 a.
378 1965 646 2021 MCCCCLXXXIV.
673 1987 724 2021 nec
748 1979 838 2021 tamen
866 1968 968 2022 videtur
985 1968 1133 2038 descriptus
1149 1967 1193 2036 (ut
1220 1964 1302 2018 multa
1330 1967 1388 2018 eius

337 2055 463 2126 temporis
481 2054 598 2126 exempla
617 2053 749 2107 librorum
769 2053 919 2124 minorum)
937 2075 966 2108 ex
985 2054 1054 2108 libro
1073 2054 1142 2125 typis
1160 2052 1304 2123 exscripto:
1323 2071 1386 2106 cum

337 2141 410 2195 nulla
428 2141 500 2194 enim
519 2162 549 2195 er
567 2142 672 2209 multis,
691 2161 756 2215 quas
773 2141 874 2209 babeo,
893 2142 1062 2198 Editionibus
1073 2142 1203 2194 veteribus
1221 2139 1299 2211 plane
1318 2158 1387 2192 con-

337 2230 415 2284 venit.
458 2229 545 2283 Habet
571 2230 695 2284 lacunam
714 2230 777 2284 inde
803 2230 927 2284 amedio
946 2231 1075 2283 Paradoxi
1094 2229 1174 2301 primi
1192 2228 1277 2298 capite
1295 2227 1386 2297 primo

337 2336 422 2389 usque
451 2317 483 2369 ad
509 2317 602 2389 capitis
628 2318 736 2372 secundi
763 2318 897 2387 medium,
928 2329 959 2373 ut
984 2318 1079 2371 solium
1103 2317 1225 2370 excidisse
1248 2326 1386 2386 appareat.

336 2402 456 2458 Graecas
473 2404 659 2476 inscriptiones
677 2425 733 2459 non
752 2406 837 2461 babet.
872 2408 903 2460 ln
916 2412 955 2461 'eo
973 2405 1111 2471 vocabulo,
1131 2404 1163 2457 de
1181 2423 1236 2475 quo
1254 2404 1286 2456 ad
1298 2402 1385 2458 Codd.

336 2495 362 2546 1.
380 2497 406 2545 2.
423 2492 508 2546 locuti
526 2513 632 2561 sumus,
651 2494 703 2548 boc
721 2493 800 2548 babet
816 2495 965 2566 singulare,
994 2494 1066 2566 quod
1084 2492 1177 2547 litteris
1195 2490 1295 2544 Latinis
1311 2502 1386 2546 recte

336 2580 460 2635 scribitur
478 2581 597 2648 rlretica,
615 2581 660 2635 sed
678 2583 765 2636 addita
783 2583 811 2636 io
831 2582 960 2636 orationis
976 2583 1043 2635 serie
1063 2580 1161 2652 glossa:
1190 2578 1220 2628 id
1243 2588 1285 2629 est
1307 2596 1385 2646 pos-

336 2670 429 2721 sessi
436 2688 491 2734 oo,
508 2669 581 2723 unde
598 2681 723 2742 apparet,
743 2690 773 2724 ea
792 2671 965 2725 conversione
985 2687 1092 2741 pravam
1104 2666 1248 2721 multorum
1258 2664 1385 2734 scriptio-

230 2764 238 2781 “
337 2775 399 2810 nem
418 2755 528 2828 κτητικᾰ
552 2777 607 2811 esse
631 2758 771 2812 redditam.
816 2758 888 2811 lnest
911 2757 938 2809 in
965 2756 1017 2810 boc
1034 2755 1134 2809 Codice
1152 2754 1230 2807 etiam
1248 2752 1386 2804 Somnium

335 2844 476 2915 Scipionis.
511 2845 573 2899 Non
595 2857 710 2917 praestat
727 2847 833 2900 duobus
851 2844 1083 2910 antecedentibus,
1117 2842 1238 2913 adeoque
1267 2840 1298 2893 iis
1313 2841 1385 2892 infe-

336 2931 393 2984 rior
407 2933 517 2986 videtur.
563 2931 785 3004 Inscriptionibus
802 2932 1003 2986 Paradoxorum
1023 2932 1122 2986 Latinis
1139 2930 1302 3002 praecedunt
1321 2927 1385 2981 bae:

332 3021 422 3087 primo
438 3019 602 3088 propositio:
620 3021 738 3072 secundo
753 3021 915 3089 propositio,
935 3019 982 3074 rel.
1002 3049 1037 3061 -

406 3104 462 3157 Hos
479 3123 529 3176 ego
548 3103 673 3160 Creuaeri
691 3107 772 3161 libros
788 3108 845 3179 ipse
864 3109 964 3162 contuli
984 3127 1047 3162 cunr
1065 3106 1114 3159 Ed.
1135 3103 1296 3158 Gernhardi.

406 3195 498 3246 4—8.
536 3194 614 3246 Coclcl.
632 3196 845 3249 Dresdenses
864 3197 988 3268 quinque.
1008 3225 1043 3235 -
1073 3193 1166 3261 Quum
1184 3192 1268 3245 tribus
1286 3188 1387 3244 abhinc

336 3278 412 3332 annis
436 3278 553 3351 legerem
580 3280 611 3334 t.
631 3279 665 3335 G.
689 3280 836 3337 Ottouis
860 3283 918 3352 (cui
944 3283 1071 3337 debemus
1097 3279 1227 3333 editiones
1250 3279 1385 3331 librorum

336 3364 475 3420 Ciceronis
501 3369 535 3420 de
552 3367 694 3424 Senectute
719 3381 746 3423 et
763 3370 796 3422 de
814 3369 940 3437 Finibus,
964 3389 1032 3441 quae
1050 3367 1207 3439 prodierunt
1225 3383 1249 3417 a.
1266 3367 1337 3418 1830
1360 3376 1388 3418 et

334 3454 426 3523 1831.)
446 3458 650 3510 Gomnoentorios
669 3458 780 3512 Criticos
798 3460 826 3510 in
840 3459 918 3511 codd.
937 3457 1010 3513 Bilrl.
1030 3454 1170 3511 Gissrnsir,
1189 3452 1222 3521 (f.
1235 3471 1272 3505 m.
1283 3449 1385 3514 Gissae‚

335 3542 430 3614 lleyer.
449 3544 722 3600 teramnensis
743 3568 788 3619 pp.
807 3552 903 3602 euml.
924 3546 993 3599 tabb.
1012 3541 1132 3614 lithogr.)
1150 3540 1232 3594 incidi
1251 3539 1383 3592 inlocum

336 3628 452 3701 aliquem
471 3632 511 3702 (p.
530 3632 588 3700 17.)
595 3672 602 3698 ‚
623 3653 676 3705 quo
695 3634 792 3687 dicitur
810 3645 910 3688 exstare
928 3634 956 3686 in
984 3652 1014 3685 ea
1033 3628 1198 3682 Bibliotheca
1218 3626 1308 3680 Codex
1327 3632 1386 3678 Po-

336 3716 497 3768 rodoxorum
517 3716 662 3785 Ciceronis,
682 3722 755 3792 isque
774 3723 902 3793 pessimae
922 3733 1015 3774 notae:
1033 3717 1112 3784 „Non
1132 3717 1226 3770 melius
1236 3716 1314 3786 (baec
1323 3729 1386 3770 sunt

336 3804 433 3869 „verba
453 3802 576 3873 Ottonis,
595 3808 628 3859 V.
637 3806 692 3876 Cl.)
711 3828 792 3881 quam
811 3809 844 3862 de
863 3809 1007 3864 Codicibus
1024 3805 1106 3858 Laelii
1125 3816 1151 3858 et
1169 3803 1279 3857 Catonis
1296 3802 1386 3857 Maio-

336 3890 405 3956 „ris‚
430 3890 557 3945 iudicium
582 3895 648 3947 lerri
672 3907 759 3966 potest
777 3896 809 3950 de
828 3898 885 3950 eius
904 3895 1011 3950 Codicis
1034 3891 1153 3964 exemplo
1171 3892 1387 3956 Paradoxorom,

335 3996 436 4048 „quem
454 3999 534 4050 supra
548 3981 579 4035 N.
602 3983 645 4048 ΙΙΙ,
663 3989 690 4038 4.
707 3984 909 4057 descripsimus,
935 3984 1038 4053 inquo
1064 3980 1106 4034 bic
1124 3978 1229 4032 libellus
1247 3976 1388 4032 Ciceronis

335 4064 393 4132 elit.
410 4065 435 4118 d.
452 4066 497 4122 lol.
517 4070 679 4125 toa-151.
699 4083 752 4126 tam
770 4074 848 4127 foede
872 4070 1047 4141 interpolatus
1074 4078 1169 4130 exstat,
1194 4078 1223 4119 ut
1251 4065 1289 4117 vix
1308 4064 1389 4120 Cice-

336 4169 448 4217 „ronem
466 4154 493 4206 in
513 4173 545 4206 eo
562 4175 698 4228 agnoscas.
736 4161 827 4230 Quare
841 4159 959 4231 exempla
972 4157 1103 4210 variarum
1120 4155 1267 4209 lectionum
1279 4153 1389 4223 alserre,

336 4240 381 4307 „id
400 4259 461 4295 vero
480 4255 518 4296 est
537 4243 655 4299 chartam
675 4250 795 4320 perdere.
832 4252 874 4302 At
893 4266 975 4320 quum
994 4248 1050 4315 ipse
1063 4263 1112 4315 ego
1130 4244 1212 4294 liuius
1224 4241 1308 4293 libelli
1319 4245 1389 4295 Tul-

338 4328 424 4394 „liorri
442 4333 533 4384 varios
550 4334 674 4390 lectiones
690 4359 704 4390 e
724 4339 839 4410 quinque
860 4335 941 4388 Codd.
959 4330 1156 4386 Dresderrsibus
1174 4329 1252 4402 longe
1271 4330 1391 4382 rrreliori-

340 4413 408 4481 „bos
426 4417 551 4487 lrobeom,
574 4428 665 4495 gratis
683 4445 729 4478 eos
746 4427 844 4495 offero,
872 4422 957 4493 siquis
975 4421 1014 4473 eis
1032 4421 1073 4472 uti
1099 4418 1191 4473 velit.“
1236 4417 1310 4471 Haec
1337 4439 1391 4492 ego
