3450 5342
743 694 778 740 ll.
821 694 1007 744 nummum.
1029 696 1032 701 ’
1351 701 1400 756 Π,

342 859 380 907 D.
393 857 457 907 XV.
469 883 502 892 -
522 853 574 906 llas
593 864 645 906 tres
662 853 730 907 Edd.
747 872 798 926 ego
817 856 874 926 ipse
894 855 1009 918 romuli,
1029 873 1091 908 cum
1111 842 1243 926 plerisque
1262 859 1396 924 omnihus,

342 961 413 1013 quae
430 952 587 1013 sequuntur.
625 942 697 995 llaec
715 953 803 996 autem
822 941 912 996 Editio
932 941 1028 996 collata
1049 953 1090 996 est
1107 961 1121 994 a
1141 961 1182 995 me
1201 942 1398 1016 Heidelbergae.

413 1035 439 1085 4.
477 1034 516 1083 Μ.
539 1033 569 1085 Τ.
590 1029 720 1082 Ciceronis
737 1029 886 1081 Paradoxo
908 1031 957 1082 Vr.
983 1029 1021 1081 ad
1039 1033 1080 1081 M.
1098 1033 1218 1082 Brutum
1244 1050 1303 1083 eum
1327 1035 1396 1085 Hie-

342 1117 447 1184 ronymi
475 1102 572 1186 Wolfii
600 1115 768 1187 Oetingensis
796 1115 1027 1170 annotationibus.
1078 1117 1207 1169 Basileus
1240 1119 1301 1187 (ot'i.
1329 1119 1397 1176 ller-

343 1221 412 1273 wag.
431 1223 479 1274 per
497 1202 559 1257 Eus.
578 1202 781 1274 Episcopiumz)
806 1201 845 1255 Μ.
867 1202 903 1258 D.
922 1201 1011 1256 thX.
1029 1202 1048 1256 f.
1069 1222 1105 1257 m.
1148 1203 1237 1276 Saepe
1265 1205 1398 1272 lectiones,

346 1311 415 1362 quae
433 1291 539 1344 suntin
558 1290 683 1344 lemmate
711 1290 931 1357 annotationum,
959 1310 1013 1343 non
1034 1290 1198 1345 conveniunt
1221 1311 1283 1346 cum
1304 1296 1397 1360 ,verbis

342 1380 370 1430 in
389 1389 512 1433 contextu
531 1379 652 1451 receptis.
689 1378 777 1433 Editio
798 1378 909 1431 minime
928 1388 965 1431 est
983 1378 1188 1432 contemnenda.

413 1468 439 1520 5.
475 1469 516 1522 M.
539 1466 623 1518 Tullii
641 1466 772 1518 Ciceronis
790 1464 939 1517 Paradoxo
957 1464 995 1514 od
1012 1467 1052 1520 M.
1071 1470 1199 1518 Brutum.
1235 1470 1290 1520 Mit
1309 1471 1397 1522 histo-

341 1553 447 1604 rischen
465 1554 524 1605 und
537 1554 771 1624 philosophisclien
789 1553 982 1624 Einleitungcn
1001 1553 1058 1604 und
1069 1553 1261 1608 erlduternden
1277 1558 1394 1610 Anmer-

342 1641 447 1709 tungen
465 1640 521 1711 fiir
538 1670 573 1681 -
592 1643 755 1711 Gymnasien
781 1639 871 1695 beorh.
900 1661 924 1694 ν.
947 1639 974 1692 J.
993 1638 1029 1692 D.
1057 1639 1246 1713 Biichling.
1272 1643 1342 1698 Be'r'l.
1370 1666 1398 1700 u.

342 1726 596 1793 Stralsund,1idi.
614 1732 640 1782 8.
681 1728 724 1781 Ad
752 1727 872 1781 criticam
896 1736 922 1779 et
948 1728 1150 1798 grammaticam
1170 1731 1302 1783 rationem
1321 1732 1395 1785 nihili

341 1814 399 1866 lere
418 1812 594 1867 aestimanda:
621 1814 655 1867 ad
679 1815 926 1885 interpretationem
954 1814 1040 1881 utilis,
1065 1815 1111 1869 sed
1136 1814 1264 1887 pleraque
1289 1816 1396 1872 aliunde

340 1910 404 1952 suut
422 1909 559 1970 excerpta,
578 1911 604 1954 et
623 1899 702 1954 nimis
721 1900 829 1973 quidem
848 1901 965 1953 verbose.

414 1991 440 2043 (i.
478 1990 517 2040 M.
540 1987 625 2039 Tullii
643 1988 775 2039 Ciceronis
792 1987 941 2039 Porodoxa
968 1989 1006 2038 acl
1022 1991 1064 2041 M.
1081 1992 1208 2044 Brutum.
1251 1991 1394 2042 Recensuit

341 2086 367 2127 et
387 2073 661 2127 animadversionibus
679 2075 811 2127 instruxit
828 2074 860 2126 ll.
881 2076 899 2129 l.
920 2074 1099 2146 Borgers.,
1118 2074 1185 2129 Phil.
1204 2075 1303 2131 Theor.
1322 2077 1395 2149 Mag.

341 2174 366 2215 et
386 2162 447 2216 Litt.
457 2162 537 2215 llum.
548 2163 662 2217 Doctor.
674 2191 708 2200 -
728 2162 812 2232 Lugd.
824 2162 914 2215 Batai.
934 2175 960 2217 et
979 2163 1235 2234 Noviomagi.182(i.
1255 2184 1300 2236 pp.
1307 2169 1351 2220 tt).
1367 2171 1392 2220 8.

341 2247 388 2302 Est
405 2249 470 2303 haec
488 2250 569 2303 editio
588 2269 635 2302 sua
659 2250 738 2303 laude
758 2270 814 2303 non
841 2251 1007 2318 fraudanda,
1038 2271 1202 2323 quamquam
1221 2263 1297 2320 sunt,
1326 2273 1394 2325 quae

342 2355 426 2406 quum
445 2336 479 2388 ad
498 2338 647 2390 orationem
666 2348 692 2391 et
711 2338 744 2390 ad
763 2337 920 2404 lectionem,
946 2350 1003 2392 tum
1024 2339 1056 2391 ad
1082 2359 1173 2392 rerum
1193 2340 1394 2411 explicationem

342 2423 514 2477 desideranda
534 2425 679 2478 videantur.
727 2425 818 2493 Quam
846 2444 895 2478 nos
915 2428 1039 2497 proprie,
1066 2446 1095 2478 ex
1114 2426 1245 2481 hodierno
1264 2427 1391 2500 loquendi

342 2530 406 2577 usu,
424 2512 536 2566 dicimus
557 2513 739 2567 recensionem
759 2523 897 2566 contextus
915 2533 1020 2579 noram,
1040 2533 1096 2567 non
1109 2514 1212 2568 exhibet
1230 2516 1330 2570 editor:
1348 2517 1393 2571 sed

341 2601 505 2654 utilissimam
531 2614 620 2655 tamen
647 2600 736 2655 libello
762 2611 854 2653 nostro
879 2600 983 2654 edendo
1011 2602 1112 2655 navavit
1140 2622 1265 2673 operam,
1298 2602 1393 2656 collata

340 2707 397 2740 non
418 2700 520 2741 tantum
539 2688 629 2741 multis
645 2688 710 2742 locis
736 2688 852 2741 editione
882 2688 1003 2759 principe
1027 2689 1201 2760 Moguntina,
1228 2692 1291 2744 anni
1315 2694 1394 2758 1465,

340 2776 386 2828 sed
406 2774 516 2828 totidem
542 2775 619 2828 etiam
644 2775 709 2828 locis
735 2774 881 2829 Codicihus
906 2777 1041 2830 Vossianis
1059 2777 1179 2841 duobus,
1208 2778 1255 2849 qui
1280 2790 1341 2832 sunt
1364 2781 1393 2833 in

339 2863 505 2917 Bibliotheca
528 2863 687 2916 Academica
706 2863 981 2934 Lugduno-Batava,
1006 2864 1078 2917 unde
1097 2865 1225 2934 excerpsit
1243 2866 1395 2936 complures

340 2953 467 3006 lectiones
487 2969 540 3005 non
560 2952 783 3016 contemnendas,
804 2970 889 3003 unum
908 2947 986 3005 etiam
1005 2951 1096 3005 locum
1116 2949 1304 3006 difficillimum
1328 2973 1393 3024 pro·
1485 2968 1491 2973 ·

340 3041 463 3094 habiliter
479 3039 597 3093 restituit.
641 3037 762 3091 Contulit
780 3038 852 3090 idem
872 3039 968 3092 multos
986 3037 1124 3093 Ciceronis
1141 3038 1230 3105 locos,
1259 3058 1326 3109 quos
1351 3039 1393 3092 di·

341 3138 420 3191 cunt,
439 3123 636 3197 παραλλήλους,
663 3125 709 3196 qui
728 3145 926 3197 nonnunquam
957 3126 995 3179 vel
1022 3125 1194 3180 stabiliendae
1220 3126 1329 3180 lectioni
1353 3127 1392 3180 vel

339 3213 485 3267 sententiae
497 3213 666 3285 explicandae
678 3213 830 3266 inserviunt.
866 3213 912 3267 Est
925 3215 1014 3281 etiam,
1031 3213 1076 3266 ubi
1091 3213 1124 3266 de
1138 3215 1267 3268 sententia
1277 3215 1393 3286 scripto-

339 3304 376 3355 ris
403 3300 573 3372 intelligenda
601 3300 699 3354 utiliter
724 3300 862 3371 praecipit.
910 3298 1036 3355 Ceterum
1063 3300 1114 3353 vid.
1139 3298 1223 3354 Orell.
1252 3299 1392 3355 Onomast.

337 3392 363 3442 T
405 3391 461 3444 .T.
483 3392 502 3445 l.
540 3428 547 3443 .
619 3428 627 3443 .
691 3423 695 3429 -

366 3392 438 3529 uni.
474 3393 651 3529 Adhibitilitus
669 3476 748 3528 etiam
766 3474 893 3528 lectiones
919 3475 1054 3526 Editionis
1073 3474 1155 3526 seculi
1184 3475 1273 3545 quinti
1290 3475 1393 3536 decimi,

337 3586 406 3639 quas
425 3563 552 3635 excerpsit
570 3563 590 3615 l.
609 3561 643 3617 G.
663 3563 807 3628 llutten,
826 3560 965 3632 Gymnasii
991 3559 1123 3631 Spirensis
1141 3561 1247 3614 Rector.
1293 3559 1338 3614 Est
1362 3563 1389 3614 in

337 3651 502 3708 Bibliotheca
522 3654 593 3718 eius,
613 3652 685 3724 quod
705 3651 829 3716 diximus,
849 3648 997 3721 Gymnasii.
1025 3649 1158 3703 Accurate
1177 3648 1314 3718 descripsit
1333 3667 1391 3702 eam

336 3743 489 3795 Editionem
510 3742 548 3793 vir
565 3740 659 3793 doctus
678 3739 704 3792 in
724 3739 807 3804 libro,
832 3737 878 3809 qui
897 3737 1064 3792 inscribitur:
1098 3737 1391 3790 Historisclr-littero-

335 3829 690 3900 risela-lribliogrophisebes
721 3828 869 3899 Mogozin,
898 3827 1026 3898 herousg.
1053 3845 1104 3878 oon
1133 3826 1158 3880 J.
1186 3824 1220 3878 G.
1246 3824 1388 3881 Meusel.

336 3919 397 3989 (Vl.
415 3915 512 3981 Siiict;
531 3915 677 3982 Chemnitz‚
697 3919 775 3970 twa.
794 3934 820 3986 p.
838 3913 1016 3982 trs-126.)
1052 3912 1187 3966 Existimat
1206 3912 1388 3980 lluttenus,

337 4025 396 4059 eam
417 4026 471 4060 esse
490 4007 560 4060 circa
579 4026 602 4060 a.
612 4009 692 4061 148⁰.
709 4005 777 4077 typis
796 4003 961 4075 exscriptam.
998 3999 1064 4054 Mihi
1084 4002 1201 4073 quidem,
1219 4020 1303 4074 quum
1322 4000 1388 4054 Edi-

337 4094 453 4158 tionem,
473 4113 553 4165 quam
572 4093 623 4146 disi
641 4092 908 4162 Heidelbergensem‚
933 4108 1001 4161 quae
1027 4089 1056 4142 iu
1084 4090 1207 4143 manibus
1231 4101 1284 4157 est,
1314 4108 1387 4143 nunc

336 4181 448 4235 consero
467 4201 529 4234 cum
548 4181 657 4235 llutteni
675 4180 869 4252 descriptione,
895 4196 1060 4250 quamquam
1088 4176 1191 4250 aliquot
1217 4176 1342 4230 lectiones
1359 4177 1388 4228 in

335 4270 380 4323 illa
402 4269 504 4341 reperi,
525 4290 594 4340 quae
612 4290 667 4323 non
687 4281 814 4323 notantur
830 4268 858 4320 in
879 4266 1022 4320 collatione
1041 4264 1175 4336 Spirensi,
1195 4263 1288 4316 eadem
1308 4263 1387 4334 plane

334 4376 389 4410 esse
410 4356 526 4424 videtur,
546 4376 629 4428 quum
649 4369 674 4412 et
694 4376 838 4429 operarum
855 4375 960 4410 errores
977 4365 1002 4408 et
1024 4351 1176 4407 chartarum
1195 4349 1281 4403 forma
1302 4362 1326 4404 et
1345 4353 1387 4405 fo·

333 4445 432 4497 liorum
453 4463 580 4498 nunierus
600 4446 773 4510 conveniant,
793 4463 881 4516 neque
900 4442 988 4512 aliqua
1005 4439 1084 4491 lectio
1103 4441 1135 4493 sit
1153 4439 1187 4493 ab
1201 4439 1318 4494 llutteno
1336 4459 1387 4494 an·
