3450 5342
710 701 923 751 rnooaumn.
1291 678 1339 752 25

284 857 362 914 latini
381 859 476 915 dicunt
494 855 600 929 aliquid
613 856 642 908 in
661 869 803 928 occeptum
822 857 939 930 referre,
965 857 1038 912 unde
1056 856 1107 911 alia
1125 867 1183 911 orta
1201 869 1240 913 est
1257 861 1340 933 signi-

283 947 376 1001 ficatio
395 945 575 1020 metaphorica
594 947 678 998 alicui
695 947 804 1018 aliquid
811 956 952 1016 occeptum
963 946 1066 1016 referre
1083 964 1135 1016 pro
1149 944 1230 999 alicui
1245 947 1341 1001 debere

285 1036 326 1089 vel
344 1037 475 1092 donatum
493 1034 635 1111 accepisse.
654 1035 837 1106 Wyttenb.
881 1033 946 1088 Loci
965 1044 1054 1088 autem
1074 1052 1155 1104 supra
1176 1051 1206 1085 es
1223 1034 1343 1087 verrinis

286 1123 387 1180 laudati
405 1136 468 1181 sunt
484 1125 586 1179 Actll.
605 1121 680 1188 lib.l,
699 1124 825 1187 57,149;
844 1120 891 1174 lib.
898 1120 931 1186 ll,
941 1125 988 1188 70,
999 1124 1068 1185 17ος
1087 1119 1272 1188 tib.1,so,ta.
1287 1119 1343 1172 Mt.

360 1216 421 1265 Non
438 1223 481 1266 est
493 1211 589 1278 enim‚]
609 1209 697 1278 „Edd
709 1211 770 1261 Non
787 1211 875 1261 euim
895 1218 948 1260 est
966 1208 1064 1260 tole.“
1083 1206 1248 1260 Graer.·-
1265 1207 1343 1273 „Vo-

287 1312 348 1346 cem
369 1291 425 1344 tate
448 1293 632 1365 interpositam
651 1295 749 1367 passim
770 1295 867 1351 delevit
885 1294 1047 1350 Gulielmius
1065 1313 1080 1346 e
1100 1294 1162 1347 libri
1179 1292 1342 1347 Mauriciani

286 1380 354 1449 fide,
373 1391 500 1453 tanquam
519 1382 686 1450 abundaret,
703 1394 730 1437 et
748 1383 883 1438 venustius
899 1381 1172 1453 subintelligeretur.“
1189 1379 1288 1436 Grut.

357 1489 411 1523 nou
428 1480 470 1523 est
487 1471 566 1538 enim]
585 1468 763 1526 Grammatici
781 1471 909 1526 addidere
929 1471 1002 1536 tulo,
1029 1468 1102 1542 quod
1127 1486 1183 1521 non
1208 1477 1247 1520 est
1264 1486 1340 1538 opus.

289 1557 397 1610 Faec

343 1647 422 1698 ‚Non
439 1656 482 1699 est
499 1649 568 1701 enim
576 1648 595 1714 ‚]
625 1646 745 1700 Probam
769 1644 840 1699 hanc
869 1642 1013 1699 lectionem
1031 1641 1130 1696 habent
1153 1639 1240 1695 Codd.
1258 1641 1341 1697 Bern.

284 1731 347 1785 Cra.
364 1733 391 1788 8.
410 1731 477 1786 On.
493 1742 521 1786 et
537 1733 678 1801 Vossiani,
708 1732 778 1786 Edd.
793 1732 878 1786 Paris.
896 1752 916 1784 s.
935 1751 959 1785 a.
982 1731 1109 1784 Darentr.
1129 1733 1209 1783 1515.
1227 1737 1277 1782 vet.
1296 1747 1339 1798 ap.

282 1817 401 1872 Mensel.
419 1818 486 1885 (nisi
504 1819 580 1890 quod
607 1819 711 1874 exbibet
729 1837 782 1872 non
803 1818 874 1870 enim
890 1819 947 1885 est)
972 1827 999 1871 et
1022 1817 1085 1870 inde
1103 1836 1118 1870 a
1136 1815 1216 1870 Grut.
1237 1834 1339 1869 omues.

283 1904 516 1977 Reliquos-libros
533 1917 650 1978 occupat
669 1925 780 1978 pravum
797 1904 863 1959 illud
882 1905 954 1963 tate.
977 1903 1023 1957 sed
1048 1922 1105 1957 non
1124 1922 1180 1956 uno
1206 1902 1268 1957 loco
1292 1922 1340 1956 eo·

284 1991 400 2062 demque
409 1992 536 2064 positum,
554 2004 584 2048 ut
602 1993 686 2066 magis
703 1994 782 2048 etiam
800 1993 917 2065 glossam
935 2010 1074 2064 agnoscas.
1111 1990 1158 2046 Sic
1168 1990 1246 2046 Sues.
1258 1992 1338 2047 Drsd.

283 2083 309 2134 4.
328 2085 354 2135 b.
373 2091 400 2134 et
418 2079 491 2135 Gud.
510 2080 542 2134 B.
559 2079 659 2135 habent
676 2100 729 2156 non
746 2081 816 2133 erum
834 2080 892 2132 tale
910 2089 966 2146 est,
984 2077 1056 2133 Gud.
1067 2077 1099 2133 B.
1116 2097 1169 2133 non
1187 2079 1256 2132 enim
1273 2079 1338 2141 tole,

284 2167 382 2222 omisso
400 2177 450 2221 est.
486 2167 549 2222 Mr.

361 2263 399 2314 Ut
417 2261 447 2312 in
464 2278 526 2312 ures
541 2261 606 2330 poni
619 2261 749 2332 possin}
764 2265 815 2328 „Iu
830 2277 961 2330 ‘arusm,
988 2261 1117 2334 quinque.
1163 2265 1199 2314 In
1215 2279 1276 2314 arce
1300 2281 1337 2318 sc.

287 2345 469 2402 Atheniensi.“
489 2347 563 2402 Ald.
579 2347 668 2403 Man.
705 2348 793 2416 „cort
811 2348 907 2402 Duisb.
925 2349 953 2402 in
974 2350 1099 2409 orcha,
1116 2347 1211 2405 Grai.
1226 2351 1259 2403 -in
1270 2362 1339 2415 arte,

285 2433 357 2489 Gud.
376 2437 403 2492 8.
418 2435 448 2488 in
465 2453 593 2504 arcem,
611 2435 671 2492 Cri.
689 2439 716 2491 3.
734 2435 815 2489 Drsd.
834 2438 860 2490 1.
879 2446 912 2488 ut
929 2454 1019 2501 arce,
1047 2436 1144 2492 omisso
1162 2437 1200 2491 in.
1218 2437 1336 2493 Drsd.3.

284 2523 314 2574 iu
331 2540 394 2575 arce
412 2524 550 2592 reponi:
569 2544 625 2579 non
644 2524 732 2592 male,
749 2524 771 2577 si
790 2523 881 2597 plures
899 2535 926 2578 et
950 2523 1076 2577 meliores
1093 2523 1256 2579 addicerent.
1274 2525 1336 2580 Mr.

356 2609 446 2678 Quasi
462 2609 513 2661 itta
523 2611 648 2664 Minerua
657 2612 785 2681 Phidiae]
804 2611 871 2676 „itta
881 2613 1007 2664 Minerva
1019 2613 1090 2680 (sine
1105 2612 1244 2680 Phidiae),
1260 2632 1338 2668 nnus.

283 2696 342 2750 Illa
361 2695 436 2748 abest
452 2696 486 2749 ab
504 2715 570 2751 uno.
616 2698 736 2755 Minerva
753 2700 865 2754 Phidiae
890 2719 920 2752 ex
940 2719 1010 2754 aere.
1057 2699 1127 2753 Plin.
1153 2699 1200 2754 lib.
1218 2700 1337 2767 xxxiv,
1396 2739 1398 2743 «

285 2782 568 2857 conanensium
586 2803 644 2840 non
661 2786 697 2842 ita
713 2787 851 2843 laudatam
871 2788 972 2841 iecerat
987 2807 1017 2840 ex
1036 2787 1127 2841 ebore.
1165 2787 1268 2840 Plinius
1285 2788 1338 2841 ibi·
1420 2834 1431 2855 s

285 2873 347 2927 dem
364 2881 392 2926 el
408 2871 457 2925 lib·
473 2871 593 2940 XXXVI,
613 2879 709 2946 oph.
726 2875 795 2930 Vide
814 2875 886 2929 Plut.
906 2874 935 2927 in
952 2873 1067 2941 Pericle,
1085 2873 1271 2945 Thucydidem
1291 2873 1337 2928 lib.

284 2961 319 3018 ll.
352 2960 515 3015 Pausaniam
532 2969 560 3014 et
577 2959 634 3016 Cic.
651 2961 681 3014 in
697 2961 779 3018 Tusc-
800 2961 911 3030 Quaest.
928 2972 954 3015 et
971 2961 1052 3016 Arist.
1067 2961 1101 3015 de
1111 2960 1247 3017 Mundo.“
1263 2960 1336 3014 Ald.

284 3047 370 3104 Man.
404 3047 512 3102 Phidias
529 3049 671 3104 statuarius
688 3050 755 3118 diis,
770 3070 851 3123 quam
870 3049 1037 3116 hominibus,
1067 3049 1215 3104 efficiendis
1241 3049 1338 3104 melior

284 3135 377 3190 artilex
395 3134 518 3188 traditur.
561 3135 591 3189 ln
609 3138 691 3191 ebore
710 3157 773 3192 vero
791 3137 873 3210 longe
898 3137 965 3192 citra
988 3138 1139 3204 aemulum,
1164 3137 1204 3191 vel
1226 3138 1248 3192 si
1272 3137 1337 3192 nihil

283 3223 335 3278 nisi
352 3221 502 3277 Minervam
520 3223 631 3278 Athenis
648 3225 865 3298 autOlympium
883 3226 912 3279 in
930 3225 1007 3279 Elide
1018 3226 1107 3280 lovem
1125 3226 1242 3280 fecisset:
1262 3227 1337 3280 cuius

283 3310 456 3385 pulchritudo
476 3311 602 3367 adiecisse
620 3313 721 3385 aliquid
739 3313 820 3368 etiam
834 3318 959 3385 receptae
982 3312 1106 3384 religioni
1127 3313 1243 3379 videtur,
1269 3314 1337 3367 adeo

281 3400 405 3454 maiestas
422 3400 511 3472 operis
529 3400 610 3454 deum
628 3401 760 3473 aequavit.
796 3401 884 3455 Autor
902 3412 940 3455 est
958 3398 1141 3468 Quintilianus
1159 3401 1204 3453 lib.
1215 3405 1257 3454 12.
1289 3400 1338 3455 ci-

282 3506 347 3542 cero
366 3486 395 3540 in
413 3485 482 3541 libro
502 3489 536 3542 de
555 3486 674 3542 Oratore
690 3488 725 3541 ad
743 3488 858 3542 Brutum
876 3497 957 3559 negat
974 3485 1084 3540 Phidiae
1097 3488 1178 3558 signis
1193 3488 1337 3560 quiequam

282 3573 309 3628 in
327 3574 377 3628 illo
389 3593 487 3648 genere
498 3576 581 3630 videri
600 3576 752 3648 perfectius.
787 3574 839 3629 llic
855 3574 973 3646 speciem
990 3573 1031 3626 sui
1039 3572 1177 3626 Minervae
1195 3574 1225 3626 in
1243 3572 1337 3646 clypeo

281 3663 405 3731 inclusit,
423 3682 485 3718 eum
504 3665 650 3720 inscribere
668 3657 724 3717 non
743 3662 850 3730 liceret,
870 3673 901 3717 ut
916 3661 954 3716 ait
971 3660 1067 3715 Cicero
1085 3659 1300 3715 Tusculanarum
1310 3665 1337 3722 1.

282 3754 352 3804 Eam
369 3753 457 3824 siquis
474 3753 655 3816 dissolvisset,
673 3751 856 3806 collocationis
874 3751 1027 3803 universum
1043 3748 1155 3819 speciem
1173 3748 1337 3816 sustulisset,
1373 3817 1378 3823 .

282 3850 310 3893 ut
328 3838 367 3893 ait
383 3837 456 3892 idem
474 3838 545 3892 libro
562 3839 596 3893 de
614 3839 731 3895 Oratore
748 3840 781 3893 ad
801 3838 943 3893 Brutum.“
961 3838 984 3890 1²
990 3857 1034 3893 rc.
1052 3836 1184 3911 Sylv.-
1203 3838 1337 3905 „Prover-

281 3925 351 3980 biale
371 3925 499 3998 quiddam
517 3925 628 3981 redolet.
662 3927 772 3982 Aristot.
791 3927 826 3980 de
842 3926 949 3980 Mundo
966 3935 993 3980 et
1011 3924 1068 3981 Cic.
1085 3925 1181 3980 Tusco.
1201 3927 1227 3978 1.
1254 3925 1337 3982 daea
1454 3948 1460 3957 ·

281 4014 411 4069 scribunt.
446 4014 524 4069 llanc
541 4014 691 4069 Minervam
708 4011 814 4082 Ὑγείαν
831 4014 905 4069 Plut.
919 4015 949 4068 in
959 4013 1063 4068 Pericle
1082 4013 1265 4086 cognominat.
1283 4012 1337 4067 Ce-

280 4103 422 4156 lebrantur
438 4120 454 4155 a
472 4101 562 4156 Plinio
579 4113 606 4158 et
622 4102 754 4158 Pausania
772 4103 852 4158 etiam
875 4101 942 4156 aliae
958 4101 1112 4170 Minervae,
1142 4120 1208 4173 quas
1230 4100 1338 4154 Phidias

280 4192 361 4257 iecit,
380 4208 445 4260 prae
463 4189 558 4244 oeteds
575 4209 654 4258 sero,
686 4210 755 4263 quae
780 4191 808 4246 in
826 4191 998 4246 Parthenone
1024 4190 1126 4260 templo
1151 4187 1237 4259 posita
1260 4187 1337 4240 saiw

279 4278 375 4348 Xyst.
393 4276 504 4330 Betui.
539 4277 666 4344 „Phidias
682 4279 842 4335 architectus
852 4291 878 4334 et
890 4279 1031 4334 statuarius
1043 4275 1209 4346 temporibus
1218 4275 1336 4342 Periclis,

279 4365 358 4420 cuius
376 4365 532 4419 auctoritate
551 4364 661 4420 Athenis
679 4366 795 4440 plurima
815 4367 879 4424 feeit
898 4385 997 4437 opera,
1022 4365 1051 4418 in
1069 4363 1109 4416 his
1127 4362 1284 4433 palmariam
1302 4364 1337 4419 il-

281 4454 337 4508 lam
357 4451 495 4508 Minervae
512 4464 643 4521 statuam,
661 4464 731 4526 qoa'e
750 4456 778 4510 in
797 4474 858 4512 arce
876 4450 1033 4511 Atheniensi
1051 4449 1165 4524 reposita
1184 4463 1229 4507 est.
1265 4451 1336 4509 Sen-
