3450 5342
609 698 803 745 rarsooxou
832 700 875 745 vr.
907 697 975 746 ιιι.
993 700 1028 746 ιι.
1265 660 1336 754 291

287 859 414 930 Sylburg.
441 858 474 912 ad
498 869 579 912 nostr.
604 858 703 911 locum.
729 857 790 910 Frc.
809 856 927 927 Sylvius,
954 859 999 930 qui
1026 858 1099 911 illam
1123 862 1337 918 emendationem

289 967 344 999 non
366 959 490 1014 noverat,
510 947 651 1002 lectionem
669 948 811 998 intercisus
830 947 977 1018 explicabat
997 950 1185 1020 „interpositas
1209 962 1254 1005 aut
1272 954 1339 1006 deti-

288 1037 392 1101 nitas“,
411 1035 538 1088 nimirum
558 1036 702 1106 pactiones.
722 1063 756 1073 -
793 1028 976 1102 „dssentirem
1001 1037 1149 1102 lambino,
1174 1039 1194 1090 si
1213 1039 1339 1093 interces-

288 1142 336 1173 sus
355 1123 406 1193 legi
433 1134 512 1196 atque
535 1123 562 1176 in
589 1122 639 1176 hac
663 1122 774 1174 n'otione
798 1124 911 1194 reperiri
936 1136 1078 1179 constaret.
1121 1125 1214 1197 ltaque
1241 1131 1338 1200 recepi,

290 1230 351 1264 cum
372 1212 489 1282 Langio,
509 1212 655 1278 Lambino,
681 1211 823 1278 Manutiis,
850 1213 1063 1277 intercessiones,
1091 1213 1142 1267 hoc
1161 1225 1200 1268 est
1215 1215 1346 1287 sponsio-'
1372 1198 1375 1202 ⁴

288 1319 335 1352 nes
353 1299 508 1371 interposita
526 1299 578 1352 fide
601 1320 662 1366 sua,
691 1319 718 1353 se
736 1300 888 1353 soluturum
914 1321 963 1372 pro
992 1302 1036 1365 iis,
1067 1300 1093 1353 ni
1120 1301 1170 1373 ipsi
1197 1300 1339 1369 solverent,

287 1407 368 1458 quam
388 1389 593 1458 promittebant,
612 1387 771 1460 pecuniam,
797 1397 826 1440 ut
844 1388 921 1454 fecit,
948 1408 1009 1442 curn
1032 1389 1175 1442 creditores
1193 1387 1224 1443 C.
1241 1389 1338 1443 lulium

288 1474 444 1542 Caesarem,
463 1495 478 1529 a
498 1488 621 1549 praetura
642 1475 670 1527 in
690 1474 845 1547 Hispaniam
864 1475 1018 1528 ulteriorem
1038 1475 1153 1544 iturum,
1182 1476 1337 1545 retinerent,

288 1584 355 1635 quos
371 1565 523 1618 interventu
541 1563 629 1617 Crassi
647 1563 771 1635 inprimis
788 1561 902 1615 removit
919 1572 983 1616 teste
1001 1561 1147 1616 Plutarcho
1167 1562 1194 1615 in
1213 1563 1269 1617 eius
1286 1565 1337 1621 vite

288 1654 407 1720 [e.12.].
444 1653 474 1705 ln
493 1651 656 1710 Gruteriano
676 1650 842 1717 [intercisos]
862 1648 953 1702 nullus
974 1669 1066 1703 sensus
1085 1670 1113 1703 ea
1133 1648 1172 1702 his
1190 1650 1288 1717 verbis,
1308 1663 1338 1706 nt

287 1740 323 1793 ibi
342 1740 439 1806 iacent,
460 1749 546 1811 potest
564 1738 633 1803 elici,
653 1757 704 1791 nec
721 1749 759 1790 est
772 1738 844 1790 unde
857 1739 973 1809 pendeat
988 1737 1171 1809 pecuniarum.
1208 1736 1254 1791 Sic
1265 1741 1336 1792 euim

287 1828 314 1878 in
332 1825 375 1879 illa
394 1826 518 1880 habetur:
549 1827 596 1898 qui
614 1835 681 1877 tues
699 1826 846 1877 mercedum
863 1827 1003 1895 pactiones
1028 1823 1186 1889 intercisas,
1207 1828 1338 1894 pecunie-

286 1935 348 1966 rum
364 1915 394 1966 in
413 1912 570 1967 coitionibus
586 1913 800 1968 candidatorum.
838 1913 909 1968 llaec
928 1933 978 1968 nec
997 1915 1053 1984 ipse
1074 1911 1167 1965 Lorias
1178 1911 1276 1982 Apollo
1294 1914 1337 1978 in,-

286 2001 415 2072 telligat.“
434 2000 611 2055 Graevius.
656 2000 702 2055 Sic
726 2002 908 2072 usurpabatur
932 2000 1152 2055 aiureconsultis
1177 1999 1248 2053 aliud
1267 2022 1337 2074 quo-

287 2109 340 2161 qne
365 2090 490 2155 verbum,
520 2090 593 2161 quod
618 2089 708 2142 laudat
734 2089 835 2142 Parcus
862 2089 879 2144 l.
899 2109 922 2143 c.
942 2109 971 2142 es
997 2088 1074 2142 Celso
1101 2087 1182 2154 lCto,
1208 2089 1335 2145 Pandect.

286 2175 315 2227 L.
337 2180 380 2232 17.
399 2178 439 2231 tit.
460 2180 485 2231 1.
505 2177 523 2230 Ι.
541 2181 590 2231 48:
616 2180 647 2247 Q.
667 2178 778 2230 Mucius
795 2179 931 2230 Scaeuola
955 2178 1012 2229 ait:
1038 2177 1068 2228 Si
1092 2176 1153 2248 quis
1179 2175 1228 2228 sub
1246 2181 1336 2232 usuris

289 2267 418 2320 creditam
437 2267 578 2336 pecuniam
591 2265 822 2336 fideiussisset,·
852 2265 877 2320 h.
897 2285 920 2318 e.
940 2263 1133 2319 intercessisset.
1152 2291 1185 2302 -
1226 2267 1336 2329 „Inter-

287 2355 416 2407 cessiones
434 2353 562 2407 dicuntur
580 2353 607 2405 in
628 2372 657 2405 re
677 2353 814 2425 pecuniari
834 2353 963 2420 ludebat,
983 2352 1094 2423 opinor,
1112 2351 1142 2403 B.
1157 2354 1336 2424 pecuniarinJ,

287 2451 316 2494 ut
334 2443 499 2510 interponere
516 2451 661 2512 usurpatur
680 2460 730 2512 pro
749 2439 844 2493 Milon.
862 2445 895 2494 9:
924 2438 1091 2492 convocabat
1118 2437 1219 2500 tribus,
1240 2458 1268 2491 se
1285 2441 1336 2492 in-

288 2527 510 2598 terponebat.
547 2528 627 2581 Cont'.
654 2516 738 2581 corn.
765 2529 834 2600 Nep.
863 2529 917 2584 An.
939 2533 964 2592 2,
983 2531 1008 2581 4.
1027 2536 1052 2578 et
1071 2529 1097 2590 9,
1115 2526 1160 2579 5.“
1179 2524 1280 2596 Borg.
1300 2555 1335 2566 -

285 2616 323 2683 „i.
342 2635 364 2667 e.
392 2633 475 2685 quum
491 2614 624 2668 candidati
643 2614 752 2686 aliquod
773 2635 872 2668 munus
902 2625 995 2686 petunt
1023 2625 1049 2666 et
1077 2611 1109 2665 de
1135 2611 1185 2666 hac
1209 2613 1335 2684 petitione

260 2763 268 2768 Α,
285 2700 416 2757 coitiones
434 2699 539 2767 lrabeat,
559 2702 765 2756 inconventus
784 2703 817 2755 ad
834 2715 940 2756 mutuas
959 2701 1126 2755 conditiones
1143 2699 1288 2767 faciendas,
1308 2714 1336 2755 ut

285 2791 355 2844 alter
373 2791 448 2844 alteri
467 2791 574 2844 cederet
590 2801 698 2861 accepta
712 2791 843 2861 pecunia;
861 2803 891 2845 tu
910 2801 937 2842 te
951 2791 1081 2844 arbitrum
1096 2799 1122 2842 et
1140 2787 1269 2858 pecuniae
1288 2788 1336 2841 da·

286 2888 374 2931 torem
391 2878 592 2947 interposuisti,
622 2897 721 2949 magno
751 2878 850 2933 scilicet
876 2879 996 2931 foenore.
1033 2875 1113 2930 Cont'.
1142 2875 1199 2946 ipse
1225 2875 1281 2929 Cic.
1303 2877 1335 2930 ad

286 2964 323 3032 Q.
342 2948 387 3019 Fi.
405 2965 449 3031 lll,
467 2967 511 3018 1.“
532 2965 711 3035 Wyttenb.
748 2965 852 3030 Restat,
874 2977 902 3018 ut
921 2976 1073 3018 nostrorum
1093 2962 1223 3015 librorum
1244 2962 1337 3016 lectio·

287 3073 335 3106 nes
352 3052 457 3106 addam.
503 3051 531 3104 Si
551 3071 580 3104 ex
607 3052 711 3105 silentio
730 3053 904 3106 collationum
924 3051 1085 3107 concludere
1104 3049 1179 3113 licet,
1200 3068 1260 3100 non
1280 3050 1337 3101 sine

286 3140 442 3194 auctoritate
468 3140 599 3193 Codicum
624 3151 662 3192 est
689 3139 768 3194 lectio
795 3141 1011 3205 intercessiones,
1038 3137 1083 3191 sed
1108 3135 1208 3189 habent
1232 3135 1282 3189 Ox.
1300 3137 1335 3192 U.

286 3226 359 3280 Gud.
377 3227 410 3280 Α.
429 3227 508 3280 Drsd.
528 3231 553 3280 1.
571 3229 597 3284 3.
615 3232 655 3292 4.;
673 3227 752 3281 habet
771 3227 850 3292 item,
871 3239 899 3280 ut
917 3227 1011 3280 diserte
1030 3223 1171 3288 scribitur,
1192 3232 1264 3275 retus
1282 3225 1335 3276 Ca·

285 3313 338 3366 roli
356 3312 500 3385 Stephani:
530 3313 575 3366 sed
593 3313 656 3366 inde
674 3333 689 3367 a
709 3313 847 3368 Gronorio
867 3315 934 3368 Edd.
959 3333 1069 3373 omnes;
1101 3321 1162 3363 ante
1188 3307 1335 3365 Gruterum

283 3401 487 3454 intercessiones
505 3398 605 3459 habent
625 3400 718 3454 Lamb.
745 3400 841 3455 Colon.
869 3400 980 3454 Lambb.
1007 3397 1089 3451 Goth.
1118 3405 1144 3448 et
1167 3412 1251 3465 marg.
1270 3396 1335 3451 Edd.

285 3487 367 3541 Boul.
386 3498 411 3540 et
429 3486 500 3540 tud.
516 3485 590 3553 tat,
610 3488 728 3559 itemque
747 3488 795 3542 Ed.
813 3489 886 3541 Petri
904 3487 998 3552 Sulla,
1017 3497 1052 3550 et,
1071 3486 1091 3536 si
1106 3482 1172 3534 fides
1190 3481 1334 3551 collationi,

283 3577 336 3630 Ed.
356 3594 399 3646 ap.
417 3573 502 3627 Meus.
537 3573 615 3627 Unus
633 3573 702 3629 Cod.
715 3575 793 3631 Suer.
812 3575 916 3630 exhibet
933 3576 1028 3626 inter
1046 3569 1238 3623 homicidas
1255 3587 1337 3636 pecu·

284 3664 412 3723 nicrum5
432 3660 481 3714 Ed.
500 3680 556 3733 prc.
577 3663 722 3714 intercidas
731 3684 741 3724 ,·
759 3663 809 3717 Ed.
828 3662 910 3716 lldlb.
930 3682 951 3716 s.
969 3661 986 3715 l.
1004 3673 1029 3714 et
1047 3680 1070 3715 a.
1089 3658 1204 3719 incisas,
1223 3656 1293 3709 Gud.
1305 3657 1334 3712 B.

283 3750 425 3810 int’eisne,·
445 3749 539 3820 reliqui
559 3769 667 3816 omnes,
687 3762 713 3804 et
729 3751 821 3823 scripti
832 3761 858 3804 et
870 3744 940 3817 editi,
961 3750 1059 3802 babent
1073 3746 1224 3811 intercisas,
1244 3744 1334 3801 Guelf.

284 3837 357 3891 solus
383 3838 499 3890 int'cias.
541 3838 633 3910 Pergit
657 3837 736 3890 Drsd.
755 3841 779 3892 5.
802 3840 971 3908 pecuniam.
1016 3835 1221 3888 Intercessiones
1244 3832 1335 3887 Gero-

284 3923 386 3977 hardus
402 3944 430 3977 se
448 3925 528 3978 etiam
548 3926 677 3997 reperisse
696 3927 778 3980 relert
795 3927 824 3979 in
842 3926 892 3978 Ed.
912 3925 997 3996 Lugd.
1017 3926 1096 3978 1556.
1132 3921 1191 3974 ΜΡ.

358 4013 387 4062 in
406 4012 576 4081 coitionibus]
603 4011 683 4065 Solus
702 4012 752 4065 Os.
771 4013 802 4065 E.
830 4023 864 4064 et
887 4014 924 4066 in.
961 4011 1089 4083 Sequitur
1115 4005 1281 4059 contionibus
1306 4007 1335 4060 in

283 4097 372 4151 Codd.
387 4097 452 4152 Ora.
471 4120 496 4169 η.
515 4117 544 4161 ψ.
564 4098 636 4154 Gud.
657 4099 688 4152 A.
708 4098 738 4152 B.
756 4099 836 4152 Drsd.
855 4105 881 4154 5.
900 4112 926 4153 et
944 4098 993 4152 Ed.
1012 4099 1073 4150 Par.
1093 4098 1178 4157 taum
1204 4094 1334 4145 concioni-

285 4187 336 4238 bus
355 4187 382 4238 in
402 4187 487 4240 Codd.
506 4186 614 4241 Suesia.
632 4187 712 4241 Drsd.
731 4191 757 4241 1.
776 4193 800 4240 2.
819 4190 844 4242 3.
863 4192 889 4242 4.
917 4189 974 4240 cn.
996 4187 1021 4239 3.
1040 4182 1108 4235 Edd.
1125 4180 1205 4234 lldlb.
1223 4179 1272 4231 Ed.
1292 4199 1334 4251 ap.

282 4274 370 4326 Meus.
389 4274 450 4328 Par.
470 4278 549 4329 1512.
568 4279 648 4330 15⁴3.
676 4275 764 4328 llerw.
789 4277 860 4327 Crat.
885 4277 955 4328 Ven.
975 4271 1148 4326 attente.
1175 4266 1236 4318 Asc.
1255 4268 1334 4322 1511,

282 4360 347 4413 Ald.
367 4364 445 4415 1517.
464 4366 544 4417 1552.
572 4363 640 4416 Rob.
665 4362 757 4434 Steph.
782 4360 858 4433 syth.
889 4361 973 4432 Lugd.
1002 4359 1067 4429 Arg.
1092 4354 1163 4409 And.
1189 4353 1263 4420 Tal.,
1290 4355 1335 4407 sed

283 4447 352 4502 lraec
374 4449 402 4502 in
428 4468 516 4521 marg.
543 4449 622 4504 habet
645 4449 813 4503 coitionibus.
855 4449 885 4502 lo
906 4451 964 4503 Cra.
983 4451 1007 4501 1.
1028 4451 1053 4500 2.
1078 4443 1143 4496 Orx.
1164 4441 1194 4494 E.
1215 4442 1233 4493 l.
1253 4441 1285 4495 N.
1302 4441 1335 4494 U.

1031 4531 1103 4605 19*
