3450 5342
372 666 447 739 346
770 685 934 733 uxouusus
962 686 1019 733 vn.

379 850 519 905 Ciceronis
537 865 663 911 manum,
692 845 737 916 qui
763 855 822 915 post
833 847 914 913 serto
939 844 1027 914 pulsis
1054 844 1271 915 magistratibus
1300 847 1422 903 additurus

373 938 482 991 sortasse
501 934 605 987 luisset:
624 943 736 984 senatus
755 949 793 983 ne
813 949 906 982 nomen
924 931 1057 1002 quidem
1074 932 1105 983 in
1123 951 1152 984 re
1169 933 1288 1002 publico
1308 948 1377 1000 erut,
1393 936 1422 988 rel

367 1015 485 1079 'senatus
504 1022 561 1074 vix
579 1039 671 1072 nomen
688 1019 716 1071 in
734 1018 889 1089 republica
906 1029 977 1071 erat·
1019 1018 1128 1087 Quare,
1158 1020 1182 1073 si
1209 1023 1350 1077 coniicere
1368 1024 1423 1087 licet,

372 1111 555 1167 coniecturam
573 1108 702 1161 faciamus
720 1126 800 1179 quam
820 1106 963 1159 minimum
980 1125 995 1160 a
1014 1106 1145 1160 librorum
1167 1107 1292 1163 lectione
1311 1112 1424 1164 receden-

373 1213 440 1261 tem,
458 1197 502 1251 cui
523 1195 631 1268 quidem
650 1214 706 1249 non
727 1194 873 1248 admodum
892 1206 1087 1268 pepercerunt,
1107 1195 1154 1268 qui
1174 1195 1273 1250 locum
1294 1201 1422 1253 emendare

373 1285 488 1359 aggressi
506 1295 576 1338 sunt.
613 1281 687 1350 Quid
706 1302 767 1336 vero
786 1282 889 1336 facilius
913 1282 970 1336 lieri
998 1283 1097 1354 potuit,
1126 1302 1212 1354 quam
1242 1296 1275 1338 ut
1300 1297 1362 1339 aute
1384 1286 1422 1340 ΝΟ

374 1374 505 1429 excideret
523 1362 575 1424 Nl?
606 1370 698 1438 Quare
712 1371 890 1424 coniecerim:
908 1380 1021 1423 senatus
1039 1369 1111 1422 nisi
1128 1390 1227 1424 nomen
1241 1372 1273 1425 in
1284 1392 1314 1425 re
1331 1373 1423 1443 publicu

374 1481 439 1514 non
456 1469 534 1512 erat.-
563 1460 631 1527 [nou
650 1457 725 1524 dico,
751 1457 893 1511 nonnisi
915 1476 1024 1523 nomen,
1055 1477 1124 1530 quae
1150 1470 1212 1514 erat
1230 1461 1424 1533 Wytteubacbii

374 1549 454 1603 altera
473 1546 641 1601 coniecturas
667 1565 729 1599 nam
747 1546 782 1599 ita
801 1565 857 1599 uon
876 1544 982 1600 locutus
998 1557 1037 1600 est
1055 1545 1180 1613 Ciceros]
1210 1547 1245 1601 Et
1272 1550 1310 1603 ita
1335 1550 1424 1622 aliquo·

374 1634 435 1688 ties:
454 1634 487 1686 de
506 1632 593 1686 Amic.
613 1633 647 1698 V,
669 1636 716 1685 18:
744 1633 793 1685 sed
809 1633 859 1685 lroc
874 1634 990 1702 primum
1008 1633 1108 1698 sentio,
1133 1635 1207 1686 nist
1226 1636 1257 1687 in
1279 1636 1355 1690 donis
1370 1638 1424 1689 uni-

376 1723 469 1774 citr'am
486 1739 542 1773 esse
558 1740 622 1773 non
645 1739 723 1789 posse
730 1741 740 1781 ,·
767 1721 837 1788 Vlll,
857 1725 905 1776 28:
933 1739 1003 1792 quae
1025 1720 1147 1791 (caritas)
1173 1723 1270 1774 dirimi
1296 1726 1368 1778 nisi
1389 1725 1422 1774 de-

375 1809 496 1864 testabili
514 1808 609 1860 scelere
627 1828 691 1860 non
710 1820 810 1880 potest;
834 1811 868 1863 ad
892 1809 929 1878 Q,
947 1809 1034 1863 Frate.
1054 1807 1097 1875 ΙΙΙ,
1116 1813 1143 1877 4,
1164 1813 1199 1864 3:
1228 1830 1304 1882 quoe
1323 1842 1357 1854 -
1375 1831 1424 1864 con-

370 1899 423 1967 fini
440 1898 514 1950 nisi
530 1897 726 1966 perdomitum
744 1926 781 1939 -
796 1898 916 1967 peritum
935 1926 968 1937 -
989 1917 1056 1950 non
1078 1902 1226 1967 possunt.“
1266 1899 1331 1953 Vid.
1358 1899 1423 1970 Syru-

376 1985 430 2039 bol.
448 1996 529 2039 nostr.
549 1984 616 2038 Crit.
634 1985 665 2050 ll,
684 1990 709 2037 2.
729 2005 755 2055 p.
773 1989 799 2039 5.
825 1984 1108 2054 (Ulmae,1828.4.)
1154 1983 1216 2052 Qui
1243 1987 1343 2039 eodem
1367 2003 1421 2038 auno

376 2075 405 2127 in
423 2074 474 2128 Ed.
487 2074 561 2145 Opp.
574 2072 631 2126 Cic.
650 2072 716 2126 baec
734 2072 870 2125 Paradora
890 2072 972 2125 edidit
986 2070 1052 2138 On,
1071 2071 1136 2124 nibil
1154 2073 1214 2143 ipse
1235 2074 1356 2139 tentarit,
1372 2072 1422 2125 alio·

377 2181 438 2214 rum
455 2163 550 2228 modo,
569 2160 691 2227 Graevii,
710 2161 844 2232 Borgersii
855 2201 862 2226 ,
882 2158 1075 2231 Peerlkampii,
1095 2171 1122 2213 et
1141 2158 1171 2211 iu
1185 2159 1330 2215 Analectis
1346 2162 1421 2232 pout

377 2261 495 2304 nostram
513 2248 691 2314 enumeravit,
716 2247 791 2308 nullo
816 2249 873 2301 sere
901 2249 992 2302 addito
1010 2247 1124 2314 iudicio,
1152 2247 1205 2300 uisi
1233 2248 1310 2320 quod
1340 2249 1420 2300 bonan

378 2336 519 2409 appellavit
536 2336 670 2408 Borgersii
689 2336 885 2408 suspicionem,
915 2336 1043 2389 nimirum
1062 2335 1082 2388 si
1109 2335 1145 2388 ita
1166 2336 1291 2390 colloces
1308 2337 1420 2390 vertare

377 2435 521 2478 uenerat
540 2427 603 2496 (pro
620 2444 685 2476 non
702 2444 736 2477 re
753 2430 844 2491 erat).·
863 2425 899 2479 ita
918 2437 1024 2490 tamen,
1043 2423 1116 2476 utin
1136 2422 1275 2476 librorum
1295 2423 1419 2495 scriptione

265 2516 273 2529 ‘
379 2513 497 2567 rideatur
521 2513 698 2584 acquiescere.
744 2512 799 2580 Qui
829 2513 969 2566 novissime
995 2512 1085 2566 locum
1113 2521 1242 2564 nostrum
1269 2509 1418 2567 tractaritll.

349 2624 351 2628 ⁴
379 2599 555 2668 Klotuius,
574 2601 614 2670 (iu
634 2599 830 2668 Quaestionum
848 2600 1035 2654 Tullianarum
1062 2598 1132 2652 libro
1151 2599 1262 2670 primo,
1292 2599 1388 2672 Lipsiae
1402 2615 1417 2647 a.

379 2690 459 2744 183⁰.
477 2689 562 2742 edito:
579 2709 606 2761 p.
625 2690 677 2744 132
696 2687 749 2759 sq.)
767 2688 802 2741 ita
821 2688 975 2760 disputavit,
994 2699 1023 2741 ut
1042 2686 1160 2760 primum
1180 2687 1303 2754 diceret,
1328 2688 1350 2740 si
1368 2686 1417 2738 Bor·

380 2778 458 2851 gersii
476 2777 658 2831 coniecturam
684 2776 797 2847 probes,
825 2795 888 2830 curn
907 2775 1010 2831 Orellio
1028 2776 1212 2830 necessarium
1237 2797 1296 2831 esse
1323 2777 1418 2831 scribere

379 2885 407 2918 re
426 2876 570 2917 nouerat:
590 2864 689 2916 mirum
714 2875 801 2917 tamen
827 2863 878 2917 sibi
895 2864 993 2931 videri,
1018 2883 1048 2917 ea
1074 2864 1153 2917 rerba
1182 2863 1276 2919 habita
1307 2884 1360 2918 esse
1382 2881 1416 2936 pro

380 2956 526 3023 corruptis,
558 2971 627 3023 quae
652 2971 686 3003 ne
712 2951 827 3020 speciem
861 2952 970 3024 quidem
994 2972 1058 3025 prae
1085 2971 1112 3005 se
1137 2954 1229 3008 serant
1248 2950 1417 3026 corruptionis

380 3039 508 3106 „Cicero,
528 3038 578 3106 (sic
596 3037 712 3108 pergit)
736 3039 774 3091 uti
793 3038 924 3094 hocloco
942 3040 1002 3094 satis
1020 3060 1065 3107 ea,
1081 3047 1161 3110 'quae
1180 3042 1262 3109 dicit,
1293 3049 1417 3115 exaggerat,

379 3129 414 3181 ita
428 3127 482 3179 istis
500 3145 610 3196 quoque
629 3126 713 3178 verbis
731 3126 834 3180 videtur
852 3125 923 3180 idem
948 3128 1053 3182 iecisse:
1079 3148 1162 3200 quare
1180 3150 1238 3200 quo
1264 3132 1369 3201 gravius
1389 3125 1419 3178 di·

380 3223 466 3279 ceret,
486 3213 615 3266 civitatem
637 3231 668 3267 eo
687 3225 807 3286 tempore
826 3209 947 3288 exiguam
965 3237 998 3272 ac
1020 3236 1103 3288 paene
1128 3216 1234 3277 nullam
1253 3219 1349 3285 fuisse,
1370 3216 1419 3270 baec

380 3302 483 3374 scripsit
501 3323 584 3374 quum
603 3331 636 3343 -
655 3315 768 3356 senatus
792 3323 884 3356 nonren
908 3306 937 3357 in
962 3323 990 3357 re
1012 3304 1124 3375 publiea
1147 3324 1203 3359 non
1228 3317 1307 3371 erat,
1333 3317 1360 3359 ut
1382 3303 1419 3355 tn

380 3389 491 3444 diceret:
512 3410 594 3462 quum
613 3420 648 3428 —
667 3402 780 3442 senatus
798 3410 892 3443 nomen
909 3393 938 3444 in
956 3391 1109 3462 republica
1135 3413 1189 3445 non
1214 3405 1295 3462 erat,
1319 3393 1418 3447 nedum

380 3479 602 3530 auctoritas:
629 3478 701 3549 quod
719 3498 752 3530 eo
770 3480 874 3533 facilius
899 3481 949 3535 erit
972 3480 1005 3534 ad
1030 3479 1253 3552 intelligendum,
1279 3481 1301 3535 si
1330 3481 1419 3535 verbum

379 3585 471 3620 nonren
490 3566 696 3638 pronunciando
714 3567 877 3632 iuvabimus,
902 3568 974 3621 unde
992 3579 1119 3641 appareat
1143 3570 1292 3640 cogitando
1312 3568 1418 3642 quiddam

380 3653 489 3725 opponi.
534 3653 564 3704 Si
587 3654 730 3725 scripsisset
754 3654 866 3710 Cicero:
891 3677 973 3728 quum
998 3666 1164 3710 —senatus
1191 3677 1230 3709 ne
1254 3677 1347 3712 nomen
1364 3653 1420 3728 qui·

380 3742 448 3790 dem
466 3743 495 3790 in
513 3759 541 3792 re
558 3741 668 3808 publica
689 3752 764 3807 erat,
785 3743 823 3794 vel
844 3764 927 3814 quum
946 3773 980 3784 —
993 3754 1106 3797 senatus
1119 3744 1233 3797 etiam
1251 3763 1342 3798 nornen
1357 3743 1384 3792 in
1399 3755 1420 3789 re

377 3825 487 3895 publica
505 3837 651 3890 nouerat,
679 3847 759 3881 nemo
784 3829 861 3882 facile
887 3831 920 3883 de
946 3831 1076 3888 hocloco
1095 3832 1255 3887 dubitasset:
1284 3849 1368 3887 rerum
1394 3844 1420 3878 ne

379 3919 427 3972 ista
453 3913 561 3986 quidem
589 3914 692 3968 ratione
718 3935 802 3987 quum
830 3930 868 3972 est
890 3919 986 3976 Cicero
1010 3920 1128 3985 locutus,
1159 3920 1306 3994 quisquam
1331 3913 1421 3972 debebit

381 4001 519 4067 haesitare,
539 4022 623 4075 quum
643 4014 745 4057 constet
763 4004 833 4058 inter
851 4026 945 4060 omnes
971 4027 1064 4061 nomen
1081 4026 1161 4079 saepe
1180 4009 1218 4062 ita
1237 4009 1306 4075 dici,
1339 4015 1366 4058 ut
1381 4019 1420 4063 retr

380 4093 546 4158 auctoritas,
564 4104 651 4145 cetera
670 4105 851 4163 opponantur.
896 4095 950 4148 Nos
977 4095 1112 4150 dicamus:
1143 4095 1216 4148 Also
1234 4113 1294 4148 war
1311 4095 1364 4146 dies
1380 4089 1420 4140 da·

381 4178 449 4230 muls
467 4180 525 4230 lein
543 4184 639 4246 Stant,
665 4182 707 4232 als
726 4183 767 4233 die
792 4187 903 4236 Gesetze
927 4184 956 4236 in
981 4183 1127 4236 demselben
1156 4184 1249 4238 nichts
1273 4183 1378 4256 gulten,
1393 4206 1418 4216 ‘

381 4268 449 4318 nacla
466 4268 654 4338 gewaltsamer
679 4269 857 4342 Vertreibung
876 4273 922 4324 der
941 4273 1254 4344 Magistratspersonen,
1282 4272 1328 4324 des
1350 4273 1419 4322 Senu-

382 4363 422 4404 res
442 4357 542 4406 Name
563 4356 668 4427 (sogar)
693 4358 748 4424 [sed
774 4357 825 4412 boc
842 4359 930 4430 ipsum
955 4378 1037 4432 sogor
1060 4359 1144 4426 deest]
1175 4377 1228 4410 aus
1256 4359 1315 4410 dem
1337 4361 1418 4409 Stante

383 4446 586 4497 versclnvundeu
608 4447 691 4496 w‹1r.“
728 4446 799 4501 Haec
818 4447 870 4503 ille.
907 4448 963 4501 Iam
981 4459 1010 4503 ut
1028 4465 1115 4503 meam
1138 4445 1355 4517 qualemcunque
1371 4456 1420 4494 seu·
