<?xml version="1.0" encoding="UTF-8"?>
<!DOCTYPE html PUBLIC "-//W3C//DTD XHTML 1.0 Transitional//EN"
    "http://www.w3.org/TR/xhtml1/DTD/xhtml1-transitional.dtd">
<html xmlns="http://www.w3.org/1999/xhtml" xml:lang="en" lang="en">
 <head>
  <title>
</title>
<meta http-equiv="Content-Type" content="text/html;charset=utf-8" />
  <meta name='ocr-system' content='tesseract 3.04.00' />
  <meta name='ocr-capabilities' content='ocr_page ocr_carea ocr_par ocr_line ocrx_word'/>
</head>
<body>
  <div class='ocr_page' id='page_1' title='image "./paradoxa00wyttgoog_0082.png"; bbox 0 0 3450 5342; ppageno 0'>
   <div class='ocr_carea' id='block_1_1' title="bbox 337 529 1061 604">
    <p class='ocr_par' dir='ltr' id='par_1_1' title="bbox 337 529 1061 604">
     <span class='ocr_line' id='line_1_1' title="bbox 337 529 1061 604; baseline -0.014 0"><span class='ocrx_word' id='word_1_1' title='bbox 337 529 387 604; x_wconf 79' lang='lat'><strong>24</strong></span> <span class='ocrx_word' id='word_1_2' title='bbox 664 551 844 600; x_wconf 63' lang='lat' dir='ltr'><strong>venenox».</strong></span> <span class='ocrx_word' id='word_1_3' title='bbox 866 547 1061 596; x_wconf 78' lang='lat' dir='ltr'><strong>eromonon.</strong></span> 
     </span>
    </p>
   </div>
   <div class='ocr_carea' id='block_1_2' title="bbox 336 704 1397 4379">
    <p class='ocr_par' dir='ltr' id='par_1_2' title="bbox 336 704 1393 1044">
     <span class='ocr_line' id='line_1_2' title="bbox 336 704 1393 779; baseline -0.009 -12"><span class='ocrx_word' id='word_1_4' title='bbox 336 712 446 768; x_wconf 78' lang='lat' dir='ltr'>Paullus</span> <span class='ocrx_word' id='word_1_5' title='bbox 456 713 483 765; x_wconf 90' lang='lat' dir='ltr'><strong>in</strong></span> <span class='ocrx_word' id='word_1_6' title='bbox 493 711 540 767; x_wconf 76' lang='lat' dir='ltr'><strong>sin.</strong></span> <span class='ocrx_word' id='word_1_7' title='bbox 551 711 586 766; x_wconf 88' lang='lat' dir='ltr'><strong>D.</strong></span> <span class='ocrx_word' id='word_1_8' title='bbox 595 712 628 766; x_wconf 84' lang='lat' dir='ltr'><strong>de</strong></span> <span class='ocrx_word' id='word_1_9' title='bbox 645 710 736 765; x_wconf 81' lang='lat' dir='ltr'><strong>solut:</strong></span> <span class='ocrx_word' id='word_1_10' title='bbox 755 713 820 762; x_wconf 81' lang='lat' dir='ltr'><strong>Cum</strong></span> <span class='ocrx_word' id='word_1_11' title='bbox 838 717 930 761; x_wconf 82' lang='lat' dir='ltr'><strong>nutem</strong></span> <span class='ocrx_word' id='word_1_12' title='bbox 944 708 1059 761; x_wconf 76' lang='lat' dir='ltr'><strong>creditor</strong></span> <span class='ocrx_word' id='word_1_13' title='bbox 1065 707 1165 779; x_wconf 77' lang='lat' dir='ltr'><strong>pignos</strong></span> <span class='ocrx_word' id='word_1_14' title='bbox 1179 704 1349 761; x_wconf 70' lang='lat' dir='ltr'><strong>oneratum</strong></span> <span class='ocrx_word' id='word_1_15' title='bbox 1365 704 1393 757; x_wconf 82' lang='lat' dir='ltr'><strong>ii·</strong></span> 
     </span>
     <span class='ocr_line' id='line_1_3' title="bbox 337 789 1392 870; baseline -0.007 -20"><span class='ocrx_word' id='word_1_16' title='bbox 337 819 394 853; x_wconf 82' lang='lat' dir='ltr'><strong>cere</strong></span> <span class='ocrx_word' id='word_1_17' title='bbox 410 801 436 853; x_wconf 88' lang='lat' dir='ltr'><strong>ei</strong></span> <span class='ocrx_word' id='word_1_18' title='bbox 450 801 568 870; x_wconf 84' lang='lat' dir='ltr'><strong>pretium</strong></span> <span class='ocrx_word' id='word_1_19' title='bbox 585 799 615 852; x_wconf 85' lang='lat' dir='ltr'><strong>in</strong></span> <span class='ocrx_word' id='word_1_20' title='bbox 632 807 772 867; x_wconf 82' lang='lat' dir='ltr'><strong>occeptum</strong></span> <span class='ocrx_word' id='word_1_21' title='bbox 786 796 898 866; x_wconf 77' lang='lat' dir='ltr'><strong>referre.</strong></span> <span class='ocrx_word' id='word_1_22' title='bbox 934 793 993 850; x_wconf 78' lang='lat' dir='ltr'><strong>eie.</strong></span> <span class='ocrx_word' id='word_1_23' title='bbox 1012 795 1042 849; x_wconf 88' lang='lat' dir='ltr'><strong>in</strong></span> <span class='ocrx_word' id='word_1_24' title='bbox 1058 795 1135 848; x_wconf 84' lang='lat' dir='ltr'><strong>Verr.</strong></span> <span class='ocrx_word' id='word_1_25' title='bbox 1151 792 1185 847; x_wconf 85' lang='lat' dir='ltr'><strong>de</strong></span> <span class='ocrx_word' id='word_1_26' title='bbox 1199 793 1335 847; x_wconf 80' lang='lat' dir='ltr'><strong>Praetura</strong></span> <span class='ocrx_word' id='word_1_27' title='bbox 1343 789 1392 843; x_wconf 85' lang='lat' dir='ltr'><strong>Ur·</strong></span> 
     </span>
     <span class='ocr_line' id='line_1_4' title="bbox 337 880 1391 958; baseline -0.01 -15"><span class='ocrx_word' id='word_1_28' title='bbox 337 890 421 944; x_wconf 82' lang='lat' dir='ltr'><strong>hana:</strong></span> <span class='ocrx_word' id='word_1_29' title='bbox 449 891 522 958; x_wconf 82' lang='lat' dir='ltr'><strong>Opus</strong></span> <span class='ocrx_word' id='word_1_30' title='bbox 541 887 571 940; x_wconf 84' lang='lat' dir='ltr'><strong>in</strong></span> <span class='ocrx_word' id='word_1_31' title='bbox 588 895 727 956; x_wconf 79' lang='lat' dir='ltr'><strong>acceptum</strong></span> <span class='ocrx_word' id='word_1_32' title='bbox 745 884 841 936; x_wconf 83' lang='lat' dir='ltr'><strong>retulit</strong></span> <span class='ocrx_word' id='word_1_33' title='bbox 859 883 1037 957; x_wconf 77' lang='lat' dir='ltr'><strong><em>quadriennio</em></strong></span> <span class='ocrx_word' id='word_1_34' title='bbox 1052 891 1115 953; x_wconf 80' lang='lat' dir='ltr'><strong>port</strong></span> <span class='ocrx_word' id='word_1_35' title='bbox 1135 899 1218 954; x_wconf 81' lang='lat' dir='ltr'><strong>quom</strong></span> <span class='ocrx_word' id='word_1_36' title='bbox 1235 880 1308 932; x_wconf 77' lang='lat' dir='ltr'><strong>diem</strong></span> <span class='ocrx_word' id='word_1_37' title='bbox 1326 882 1391 949; x_wconf 84' lang='lat' dir='ltr'><strong>operi</strong></span> 
     </span>
     <span class='ocr_line' id='line_1_5' title="bbox 337 966 1392 1044; baseline -0.009 -16"><span class='ocrx_word' id='word_1_38' title='bbox 337 975 452 1039; x_wconf 76' lang='lat' dir='ltr'><strong>dixerat,</strong></span> <span class='ocrx_word' id='word_1_39' title='bbox 469 975 522 1025; x_wconf 81' lang='lat' dir='ltr'><strong>hoo</strong></span> <span class='ocrx_word' id='word_1_40' title='bbox 532 972 690 1036; x_wconf 81' lang='lat' dir='ltr'><strong>conditione,</strong></span> <span class='ocrx_word' id='word_1_41' title='bbox 705 971 729 1025; x_wconf 80' lang='lat' dir='ltr'><strong>si</strong></span> <span class='ocrx_word' id='word_1_42' title='bbox 747 972 808 1044; x_wconf 82' lang='lat' dir='ltr'><strong>quie</strong></span> <span class='ocrx_word' id='word_1_43' title='bbox 818 970 958 1041; x_wconf 83' lang='lat' dir='ltr'><strong>depopuio</strong></span> <span class='ocrx_word' id='word_1_44' title='bbox 972 970 1122 1041; x_wconf 77' lang='lat' dir='ltr'><em>redemptor</em></span> <span class='ocrx_word' id='word_1_45' title='bbox 1131 969 1322 1022; x_wconf 73' lang='lat' dir='ltr'><strong>oomseieeet.“</strong></span> <span class='ocrx_word' id='word_1_46' title='bbox 1340 966 1392 1021; x_wconf 82' lang='lat' dir='ltr'><strong>Mr-</strong></span> 
     </span>
    </p>

    <p class='ocr_par' dir='ltr' id='par_1_3' title="bbox 336 1056 1392 1219">
     <span class='ocr_line' id='line_1_6' title="bbox 404 1056 1392 1132; baseline -0.006 -16"><span class='ocrx_word' id='word_1_47' title='bbox 404 1064 434 1116; x_wconf 83' lang='lat' dir='ltr'><strong>in</strong></span> <span class='ocrx_word' id='word_1_48' title='bbox 452 1071 577 1131; x_wconf 85' lang='lat' dir='ltr'><strong>opertum</strong></span> <span class='ocrx_word' id='word_1_49' title='bbox 595 1071 627 1112; x_wconf 87' lang='lat' dir='ltr'><strong>ut</strong></span> <span class='ocrx_word' id='word_1_50' title='bbox 641 1060 780 1132; x_wconf 82' lang='lat' dir='ltr'><strong>proferas]</strong></span> <span class='ocrx_word' id='word_1_51' title='bbox 817 1059 861 1113; x_wconf 82' lang='lat' dir='ltr'><strong>Al.</strong></span> <span class='ocrx_word' id='word_1_52' title='bbox 879 1061 908 1112; x_wconf 81' lang='lat' dir='ltr'><strong>in</strong></span> <span class='ocrx_word' id='word_1_53' title='bbox 927 1068 1067 1130; x_wconf 83' lang='lat' dir='ltr'><strong>acoeptum</strong></span> <span class='ocrx_word' id='word_1_54' title='bbox 1085 1067 1117 1110; x_wconf 82' lang='lat' dir='ltr'><strong>ut</strong></span> <span class='ocrx_word' id='word_1_55' title='bbox 1137 1057 1266 1130; x_wconf 73' lang='lat' dir='ltr'><strong>referor,</strong></span> <span class='ocrx_word' id='word_1_56' title='bbox 1289 1056 1392 1112; x_wconf 77' lang='lat' dir='ltr'><strong>honest</strong></span> 
     </span>
     <span class='ocr_line' id='line_1_7' title="bbox 336 1147 773 1219; baseline -0.005 -16"><span class='ocrx_word' id='word_1_57' title='bbox 336 1151 364 1204; x_wconf 89' lang='lat' dir='ltr'><strong>in</strong></span> <span class='ocrx_word' id='word_1_58' title='bbox 385 1148 507 1204; x_wconf 82' lang='lat' dir='ltr'><strong>codicem</strong></span> <span class='ocrx_word' id='word_1_59' title='bbox 526 1147 637 1219; x_wconf 82' lang='lat' dir='ltr'><strong>accepti.</strong></span> <span class='ocrx_word' id='word_1_60' title='bbox 673 1147 773 1203; x_wconf 87' lang='lat' dir='ltr'><strong>Face.</strong></span> 
     </span>
    </p>

    <p class='ocr_par' dir='ltr' id='par_1_4' title="bbox 337 1230 1393 2447">
     <span class='ocr_line' id='line_1_8' title="bbox 408 1230 1391 1306; baseline -0.002 -18"><span class='ocrx_word' id='word_1_61' title='bbox 408 1241 444 1289; x_wconf 78' lang='lat' dir='ltr'><strong>Iu</strong></span> <span class='ocrx_word' id='word_1_62' title='bbox 459 1246 584 1306; x_wconf 84' lang='lat' dir='ltr'><strong>opertum</strong></span> <span class='ocrx_word' id='word_1_63' title='bbox 603 1246 636 1287; x_wconf 86' lang='lat' dir='ltr'><strong>ot</strong></span> <span class='ocrx_word' id='word_1_64' title='bbox 650 1235 803 1306; x_wconf 83' lang='lat' dir='ltr'><strong>proferas,]</strong></span> <span class='ocrx_word' id='word_1_65' title='bbox 823 1232 973 1301; x_wconf 82' lang='lat' dir='ltr'><strong>„Revocavi</strong></span> <span class='ocrx_word' id='word_1_66' title='bbox 994 1231 1137 1288; x_wconf 83' lang='lat' dir='ltr'><strong>lectionem</strong></span> <span class='ocrx_word' id='word_1_67' title='bbox 1161 1230 1234 1286; x_wconf 79' lang='lat' dir='ltr'><strong>ttdd.</strong></span> <span class='ocrx_word' id='word_1_68' title='bbox 1254 1241 1330 1299; x_wconf 72' lang='lat' dir='ltr'><strong>vett,</strong></span> <span class='ocrx_word' id='word_1_69' title='bbox 1348 1251 1391 1304; x_wconf 87' lang='lat' dir='ltr'><strong>pro</strong></span> 
     </span>
     <span class='ocr_line' id='line_1_9' title="bbox 339 1320 1391 1396; baseline -0.005 -19"><span class='ocrx_word' id='word_1_70' title='bbox 339 1342 390 1395; x_wconf 91' lang='lat' dir='ltr'><strong>qua</strong></span> <span class='ocrx_word' id='word_1_71' title='bbox 410 1324 512 1396; x_wconf 88' lang='lat' dir='ltr'><strong>primus</strong></span> <span class='ocrx_word' id='word_1_72' title='bbox 531 1343 562 1376; x_wconf 84' lang='lat' dir='ltr'><strong>ex</strong></span> <span class='ocrx_word' id='word_1_73' title='bbox 579 1321 683 1395; x_wconf 83' lang='lat' dir='ltr'><strong>aliquot</strong></span> <span class='ocrx_word' id='word_1_74' title='bbox 701 1321 782 1377; x_wconf 87' lang='lat' dir='ltr'>MSS.</span> <span class='ocrx_word' id='word_1_75' title='bbox 798 1321 946 1377; x_wconf 76' lang='lat' dir='ltr'><strong>Lambinus</strong></span> <span class='ocrx_word' id='word_1_76' title='bbox 966 1320 1049 1375; x_wconf 83' lang='lat' dir='ltr'><strong>edidit</strong></span> <span class='ocrx_word' id='word_1_77' title='bbox 1066 1321 1095 1373; x_wconf 81' lang='lat' dir='ltr'><strong>in</strong></span> <span class='ocrx_word' id='word_1_78' title='bbox 1115 1329 1256 1390; x_wconf 83' lang='lat' dir='ltr'><strong>acceptum</strong></span> <span class='ocrx_word' id='word_1_79' title='bbox 1274 1330 1310 1373; x_wconf 84' lang='lat' dir='ltr'><strong>ut</strong></span> <span class='ocrx_word' id='word_1_80' title='bbox 1327 1321 1391 1392; x_wconf 79' lang='lat' dir='ltr'><strong>rese·</strong></span> 
     </span>
     <span class='ocr_line' id='line_1_10' title="bbox 339 1408 1392 1484; baseline -0.005 -21"><span class='ocrx_word' id='word_1_81' title='bbox 339 1431 399 1478; x_wconf 86' lang='lat' dir='ltr'><strong>roe,</strong></span> <span class='ocrx_word' id='word_1_82' title='bbox 427 1432 496 1484; x_wconf 86' lang='lat' dir='ltr'><strong>quae</strong></span> <span class='ocrx_word' id='word_1_83' title='bbox 514 1423 604 1466; x_wconf 84' lang='lat' dir='ltr'><strong>tamen</strong></span> <span class='ocrx_word' id='word_1_84' title='bbox 623 1430 678 1464; x_wconf 94' lang='lat' dir='ltr'><strong>non</strong></span> <span class='ocrx_word' id='word_1_85' title='bbox 698 1410 844 1482; x_wconf 77' lang='lat' dir='ltr'><strong>respondet</strong></span> <span class='ocrx_word' id='word_1_86' title='bbox 859 1410 1048 1482; x_wconf 79' lang='lat' dir='ltr'><strong>sequentihus:</strong></span> <span class='ocrx_word' id='word_1_87' title='bbox 1078 1427 1133 1461; x_wconf 78' lang='lat' dir='ltr'><strong>nori</strong></span> <span class='ocrx_word' id='word_1_88' title='bbox 1149 1418 1190 1461; x_wconf 80' lang='lat' dir='ltr'><strong>eet</strong></span> <span class='ocrx_word' id='word_1_89' title='bbox 1214 1409 1289 1460; x_wconf 85' lang='lat' dir='ltr'><strong>enim</strong></span> <span class='ocrx_word' id='word_1_90' title='bbox 1313 1417 1346 1460; x_wconf 76' lang='lat' dir='ltr'><strong>ut</strong></span> <span class='ocrx_word' id='word_1_91' title='bbox 1367 1408 1392 1458; x_wconf 80' lang='lat' dir='ltr'><strong><em>ir</em></strong></span> 
     </span>
     <span class='ocr_line' id='line_1_11' title="bbox 338 1493 1391 1570; baseline -0.004 -21"><span class='ocrx_word' id='word_1_92' title='bbox 338 1517 400 1550; x_wconf 82' lang='lat' dir='ltr'><strong>arce</strong></span> <span class='ocrx_word' id='word_1_93' title='bbox 413 1502 480 1569; x_wconf 84' lang='lat' dir='ltr'><strong>poni</strong></span> <span class='ocrx_word' id='word_1_94' title='bbox 493 1501 608 1570; x_wconf 84' lang='lat' dir='ltr'><strong>possit.“</strong></span> <span class='ocrx_word' id='word_1_95' title='bbox 627 1497 762 1554; x_wconf 82' lang='lat' dir='ltr'><strong>Schiita.</strong></span> <span class='ocrx_word' id='word_1_96' title='bbox 803 1497 864 1551; x_wconf 93' lang='lat' dir='ltr'><strong>Non</strong></span> <span class='ocrx_word' id='word_1_97' title='bbox 892 1497 1046 1553; x_wconf 78' lang='lat' dir='ltr'><strong>obedientes</strong></span> <span class='ocrx_word' id='word_1_98' title='bbox 1070 1505 1164 1551; x_wconf 82' lang='lat' dir='ltr'><strong>nactus</strong></span> <span class='ocrx_word' id='word_1_99' title='bbox 1191 1503 1232 1548; x_wconf 82' lang='lat' dir='ltr'><strong>est</strong></span> <span class='ocrx_word' id='word_1_100' title='bbox 1257 1493 1391 1550; x_wconf 78' lang='lat' dir='ltr'><strong>Schiitzim</strong></span> 
     </span>
     <span class='ocr_line' id='line_1_12' title="bbox 339 1581 1391 1659; baseline -0.004 -20"><span class='ocrx_word' id='word_1_101' title='bbox 339 1585 546 1655; x_wconf 85' lang='lat' dir='ltr'><strong>Gernhardum,</strong></span> <span class='ocrx_word' id='word_1_102' title='bbox 565 1586 714 1655; x_wconf 86' lang='lat' dir='ltr'><strong>Orellium,</strong></span> <span class='ocrx_word' id='word_1_103' title='bbox 727 1585 922 1659; x_wconf 73' lang='lat' dir='ltr'><strong>&#39;Borgersiumz</strong></span> <span class='ocrx_word' id='word_1_104' title='bbox 950 1606 964 1639; x_wconf 94' lang='lat' dir='ltr'><strong>e</strong></span> <span class='ocrx_word' id='word_1_105' title='bbox 983 1581 1199 1656; x_wconf 80' lang='lat' dir='ltr'><strong>quihus-Gernh.</strong></span> <span class='ocrx_word' id='word_1_106' title='bbox 1245 1581 1303 1650; x_wconf 83' lang='lat' dir='ltr'><strong>„Et</strong></span> <span class='ocrx_word' id='word_1_107' title='bbox 1327 1582 1391 1647; x_wconf 81' lang='lat' dir='ltr'><strong>huie,</strong></span> 
     </span>
     <span class='ocr_line' id='line_1_13' title="bbox 338 1669 1393 1748; baseline -0.005 -20"><span class='ocrx_word' id='word_1_108' title='bbox 338 1676 442 1748; x_wconf 87' lang='lat' dir='ltr'><strong>inquit,</strong></span> <span class='ocrx_word' id='word_1_109' title='bbox 461 1675 511 1748; x_wconf 88' lang='lat' dir='ltr'><strong>ipsi</strong></span> <span class='ocrx_word' id='word_1_110' title='bbox 531 1675 677 1742; x_wconf 87' lang='lat' dir='ltr'><strong>locutioni,</strong></span> <span class='ocrx_word' id='word_1_111' title='bbox 695 1695 748 1748; x_wconf 87' lang='lat' dir='ltr'><strong>qua</strong></span> <span class='ocrx_word' id='word_1_112' title='bbox 767 1673 899 1746; x_wconf 83' lang='lat' dir='ltr'><strong>signifieat</strong></span> <span class='ocrx_word' id='word_1_113' title='bbox 917 1692 974 1726; x_wconf 87' lang='lat' dir='ltr'><strong>rem</strong></span> <span class='ocrx_word' id='word_1_114' title='bbox 993 1691 1049 1726; x_wconf 89' lang='lat' dir='ltr'><strong>non</strong></span> <span class='ocrx_word' id='word_1_115' title='bbox 1065 1670 1159 1742; x_wconf 73' lang='lat' dir='ltr'><strong>magni</strong></span> <span class='ocrx_word' id='word_1_116' title='bbox 1175 1669 1256 1742; x_wconf 88' lang='lat' dir='ltr'><strong>pretii</strong></span> <span class='ocrx_word' id='word_1_117' title='bbox 1271 1689 1347 1737; x_wconf 84' lang='lat' dir='ltr'><strong>eeee,</strong></span> <span class='ocrx_word' id='word_1_118' title='bbox 1370 1679 1393 1723; x_wconf 89' lang='lat' dir='ltr'><strong>et</strong></span> 
     </span>
     <span class='ocr_line' id='line_1_14' title="bbox 339 1755 1392 1835; baseline -0.006 -19"><span class='ocrx_word' id='word_1_119' title='bbox 339 1764 425 1818; x_wconf 83' lang='lat' dir='ltr'><strong>verbis</strong></span> <span class='ocrx_word' id='word_1_120' title='bbox 440 1765 511 1816; x_wconf 77' lang='lat' dir='ltr'><strong>rtihil</strong></span> <span class='ocrx_word' id='word_1_121' title='bbox 523 1764 635 1832; x_wconf 82' lang='lat' dir='ltr'><strong>postulo</strong></span> <span class='ocrx_word' id='word_1_122' title='bbox 652 1764 738 1835; x_wconf 76' lang='lat' dir='ltr'><strong>magis</strong></span> <span class='ocrx_word' id='word_1_123' title='bbox 755 1763 881 1818; x_wconf 78' lang='lat' dir='ltr'><strong>convenit</strong></span> <span class='ocrx_word' id='word_1_124' title='bbox 905 1763 934 1815; x_wconf 80' lang='lat' dir='ltr'><strong>in</strong></span> <span class='ocrx_word' id='word_1_125' title='bbox 959 1768 1148 1829; x_wconf 73' lang='lat' dir='ltr'><strong>acceptarunt</strong></span> <span class='ocrx_word' id='word_1_126' title='bbox 1165 1757 1284 1829; x_wconf 64' lang='lat' dir='ltr'><strong>reserere.</strong></span> <span class='ocrx_word' id='word_1_127' title='bbox 1329 1755 1392 1826; x_wconf 81' lang='lat' dir='ltr'><strong>Quis</strong></span> 
     </span>
     <span class='ocr_line' id='line_1_15' title="bbox 340 1846 1393 1922; baseline -0.003 -19"><span class='ocrx_word' id='word_1_128' title='bbox 340 1851 412 1903; x_wconf 86' lang='lat' dir='ltr'><strong>enim</strong></span> <span class='ocrx_word' id='word_1_129' title='bbox 431 1850 578 1903; x_wconf 85' lang='lat' dir='ltr'><strong>modestior</strong></span> <span class='ocrx_word' id='word_1_130' title='bbox 596 1849 783 1922; x_wconf 71' lang='lat' dir='ltr'>postulaverit,</span> <span class='ocrx_word' id='word_1_131' title='bbox 805 1860 837 1904; x_wconf 90' lang='lat' dir='ltr'><strong>ut</strong></span> <span class='ocrx_word' id='word_1_132' title='bbox 854 1869 954 1905; x_wconf 86' lang='lat' dir='ltr'><strong>munus</strong></span> <span class='ocrx_word' id='word_1_133' title='bbox 979 1847 1104 1903; x_wconf 81' lang='lat' dir='ltr'><strong>suumin</strong></span> <span class='ocrx_word' id='word_1_134' title='bbox 1123 1858 1249 1918; x_wconf 84' lang='lat' dir='ltr'><strong>apertum</strong></span> <span class='ocrx_word' id='word_1_135' title='bbox 1274 1846 1393 1918; x_wconf 78' lang='lat' dir='ltr'><strong>profera-</strong></span> 
     </span>
     <span class='ocr_line' id='line_1_16' title="bbox 339 1934 1392 2009; baseline -0.005 -18"><span class='ocrx_word' id='word_1_136' title='bbox 339 1936 403 1991; x_wconf 77' lang='lat' dir='ltr'><strong>tur?</strong></span> <span class='ocrx_word' id='word_1_137' title='bbox 438 1936 551 1991; x_wconf 77' lang='lat' dir='ltr'><strong>Accedit</strong></span> <span class='ocrx_word' id='word_1_138' title='bbox 574 1937 647 2007; x_wconf 89' lang='lat' dir='ltr'><strong>qnod</strong></span> <span class='ocrx_word' id='word_1_139' title='bbox 667 1937 722 2009; x_wconf 80' lang='lat' dir='ltr'><strong>ipse</strong></span> <span class='ocrx_word' id='word_1_140' title='bbox 747 1935 805 1991; x_wconf 88' lang='lat' dir='ltr'><strong>Cic.</strong></span> <span class='ocrx_word' id='word_1_141' title='bbox 828 1935 853 2009; x_wconf 71' lang='grc'><strong>5.</strong></span> <span class='ocrx_word' id='word_1_142' title='bbox 871 1943 899 1992; x_wconf 79' lang='lat'><strong>4.</strong></span> <span class='ocrx_word' id='word_1_143' title='bbox 926 1937 991 1992; x_wconf 77' lang='lat' dir='ltr'><strong>dicit</strong></span> <span class='ocrx_word' id='word_1_144' title='bbox 1015 1934 1228 1998; x_wconf 74' lang='lat' dir='ltr'><strong>remoremini,</strong></span> <span class='ocrx_word' id='word_1_145' title='bbox 1254 1943 1392 2003; x_wconf 80' lang='lat' dir='ltr'><strong>poeeentne</strong></span> 
     </span>
     <span class='ocr_line' id='line_1_17' title="bbox 337 2021 1393 2096; baseline -0.001 -19"><span class='ocrx_word' id='word_1_146' title='bbox 337 2024 457 2096; x_wconf 87' lang='lat' dir='ltr'><strong>proferri</strong></span> <span class='ocrx_word' id='word_1_147' title='bbox 473 2026 503 2077; x_wconf 82' lang='lat' dir='ltr'><strong>in</strong></span> <span class='ocrx_word' id='word_1_148' title='bbox 520 2025 613 2078; x_wconf 85' lang='lat' dir='ltr'><strong>locem.</strong></span> <span class='ocrx_word' id='word_1_149' title='bbox 649 2023 701 2078; x_wconf 92' lang='lat' dir='ltr'><strong>Th.</strong></span> <span class='ocrx_word' id='word_1_150' title='bbox 719 2025 856 2080; x_wconf 83' lang='lat' dir='ltr'><strong>Bentleins</strong></span> <span class='ocrx_word' id='word_1_151' title='bbox 874 2026 978 2081; x_wconf 87' lang='lat' dir='ltr'><strong>dubitat</strong></span> <span class='ocrx_word' id='word_1_152' title='bbox 995 2035 1084 2079; x_wconf 84' lang='lat' dir='ltr'><strong>utram</strong></span> <span class='ocrx_word' id='word_1_153' title='bbox 1107 2021 1252 2078; x_wconf 88' lang='lat' dir='ltr'><strong>lectionem</strong></span> <span class='ocrx_word' id='word_1_154' title='bbox 1270 2033 1393 2094; x_wconf 85' lang='lat' dir='ltr'><strong>sequatur</strong></span> 
     </span>
     <span class='ocr_line' id='line_1_18' title="bbox 341 2110 1392 2184; baseline -0.005 -18"><span class='ocrx_word' id='word_1_155' title='bbox 341 2123 368 2166; x_wconf 85' lang='lat' dir='ltr'><strong>et</strong></span> <span class='ocrx_word' id='word_1_156' title='bbox 386 2132 436 2184; x_wconf 92' lang='lat' dir='ltr'><strong>pro</strong></span> <span class='ocrx_word' id='word_1_157' title='bbox 454 2122 579 2182; x_wconf 84' lang='lat' dir='ltr'><strong>opertum</strong></span> <span class='ocrx_word' id='word_1_158' title='bbox 597 2111 667 2166; x_wconf 87' lang='lat' dir='ltr'><strong>male</strong></span> <span class='ocrx_word' id='word_1_159' title='bbox 691 2113 801 2168; x_wconf 87' lang='lat' dir='ltr'><strong>coniicit</strong></span> <span class='ocrx_word' id='word_1_160' title='bbox 825 2115 962 2183; x_wconf 65' lang='lat' dir='ltr'><strong>apricum</strong></span> <span class='ocrx_word' id='word_1_161' title='bbox 994 2110 1044 2166; x_wconf 90' lang='lat' dir='ltr'><strong>Or.</strong></span> <span class='ocrx_word' id='word_1_162' title='bbox 1063 2122 1151 2165; x_wconf 87' lang='lat' dir='ltr'><strong>autem</strong></span> <span class='ocrx_word' id='word_1_163' title='bbox 1175 2111 1205 2164; x_wconf 88' lang='lat' dir='ltr'><strong>in</strong></span> <span class='ocrx_word' id='word_1_164' title='bbox 1219 2121 1347 2180; x_wconf 85' lang='lat' dir='ltr'><strong>opertum</strong></span> <span class='ocrx_word' id='word_1_165' title='bbox 1364 2119 1392 2162; x_wconf 83' lang='lat' dir='ltr'><strong>nt</strong></span> 
     </span>
     <span class='ocr_line' id='line_1_19' title="bbox 341 2198 1392 2274; baseline 0.001 -23"><span class='ocrx_word' id='word_1_166' title='bbox 341 2199 447 2269; x_wconf 81' lang='lat' dir='ltr'><strong>reserere</strong></span> <span class='ocrx_word' id='word_1_167' title='bbox 464 2199 622 2266; x_wconf 78' lang='lat' dir='ltr'><strong>maniiesto,</strong></span> <span class='ocrx_word' id='word_1_168' title='bbox 640 2200 745 2273; x_wconf 89' lang='lat' dir='ltr'><strong>inquit,</strong></span> <span class='ocrx_word' id='word_1_169' title='bbox 764 2213 939 2274; x_wconf 88' lang='lat' dir='ltr'><strong>corruptum,</strong></span> <span class='ocrx_word' id='word_1_170' title='bbox 970 2201 1138 2271; x_wconf 84' lang='lat' dir='ltr'><strong>oonjectura,</strong></span> <span class='ocrx_word' id='word_1_171' title='bbox 1168 2208 1198 2252; x_wconf 93' lang='lat' dir='ltr'><strong>ut</strong></span> <span class='ocrx_word' id='word_1_172' title='bbox 1215 2198 1336 2265; x_wconf 72' lang='lat' dir='ltr'><strong>videtur,</strong></span> <span class='ocrx_word' id='word_1_173' title='bbox 1361 2198 1392 2252; x_wconf 88' lang='lat' dir='ltr'><strong>ah</strong></span> 
     </span>
     <span class='ocr_line' id='line_1_20' title="bbox 340 2285 1391 2360; baseline 0 -20"><span class='ocrx_word' id='word_1_174' title='bbox 340 2286 430 2340; x_wconf 74' lang='lat' dir='ltr'><strong>Herm.</strong></span> <span class='ocrx_word' id='word_1_175' title='bbox 448 2289 528 2342; x_wconf 80' lang='grc'><strong>1534.</strong></span> <span class='ocrx_word' id='word_1_176' title='bbox 546 2297 679 2342; x_wconf 86' lang='lat' dir='ltr'><strong>mutatum</strong></span> <span class='ocrx_word' id='word_1_177' title='bbox 697 2300 736 2343; x_wconf 89' lang='lat' dir='ltr'><strong>est</strong></span> <span class='ocrx_word' id='word_1_178' title='bbox 752 2290 781 2342; x_wconf 84' lang='lat' dir='ltr'><strong>in</strong></span> <span class='ocrx_word' id='word_1_179' title='bbox 798 2301 925 2360; x_wconf 85' lang='lat' dir='ltr'><strong>opertum</strong></span> <span class='ocrx_word' id='word_1_180' title='bbox 942 2300 975 2342; x_wconf 88' lang='lat' dir='ltr'><strong>ut</strong></span> <span class='ocrx_word' id='word_1_181' title='bbox 992 2289 1134 2360; x_wconf 74' lang='lat' dir='ltr'><strong>proferas:</strong></span> <span class='ocrx_word' id='word_1_182' title='bbox 1161 2286 1255 2358; x_wconf 88' lang='lat' dir='ltr'><strong>sicque</strong></span> <span class='ocrx_word' id='word_1_183' title='bbox 1279 2285 1391 2342; x_wconf 83' lang='lat' dir='ltr'><strong>Feoeioi.</strong></span> 
     </span>
     <span class='ocr_line' id='line_1_21' title="bbox 343 2374 1234 2447; baseline 0.012 -23"><span class='ocrx_word' id='word_1_184' title='bbox 343 2374 382 2440; x_wconf 90' lang='lat' dir='ltr'><strong>[in</strong></span> <span class='ocrx_word' id='word_1_185' title='bbox 400 2386 514 2447; x_wconf 86' lang='lat' dir='ltr'><strong>utraque</strong></span> <span class='ocrx_word' id='word_1_186' title='bbox 532 2376 586 2444; x_wconf 89' lang='lat' dir='ltr'><strong>ed.]</strong></span> <span class='ocrx_word' id='word_1_187' title='bbox 606 2386 632 2431; x_wconf 92' lang='lat' dir='ltr'><strong>et</strong></span> <span class='ocrx_word' id='word_1_188' title='bbox 650 2374 756 2431; x_wconf 66' lang='lat' dir='ltr'><strong>Schw‘</strong></span> <span class='ocrx_word' id='word_1_189' title='bbox 792 2375 852 2430; x_wconf 88' lang='lat' dir='ltr'><strong>Mr.</strong></span> <span class='ocrx_word' id='word_1_190' title='bbox 1123 2408 1127 2413; x_wconf 93' lang='lat'><em>·</em></span> <span class='ocrx_word' id='word_1_191' title='bbox 1232 2414 1234 2421; x_wconf 51' lang='grc' dir='ltr'>ι</span> 
     </span>
    </p>

    <p class='ocr_par' dir='ltr' id='par_1_5' title="bbox 341 2461 1397 4379">
     <span class='ocr_line' id='line_1_22' title="bbox 411 2461 1393 2536; baseline 0.005 -23"><span class='ocrx_word' id='word_1_192' title='bbox 411 2465 447 2514; x_wconf 83' lang='lat' dir='ltr'><strong>In</strong></span> <span class='ocrx_word' id='word_1_193' title='bbox 464 2473 602 2533; x_wconf 83' lang='lat' dir='ltr'><strong>occeptum</strong></span> <span class='ocrx_word' id='word_1_194' title='bbox 620 2473 653 2516; x_wconf 85' lang='lat' dir='ltr'><strong>ut</strong></span> <span class='ocrx_word' id='word_1_195' title='bbox 670 2465 787 2536; x_wconf 76' lang='lat' dir='ltr'><strong>referes]</strong></span> <span class='ocrx_word' id='word_1_196' title='bbox 818 2465 922 2533; x_wconf 82' lang='lat' dir='ltr'><strong>Restat,</strong></span> <span class='ocrx_word' id='word_1_197' title='bbox 945 2475 976 2518; x_wconf 87' lang='lat' dir='ltr'><strong>ut</strong></span> <span class='ocrx_word' id='word_1_198' title='bbox 992 2464 1129 2518; x_wconf 80' lang='lat' dir='ltr'><strong>rideamne</strong></span> <span class='ocrx_word' id='word_1_199' title='bbox 1146 2463 1180 2516; x_wconf 86' lang='lat' dir='ltr'><strong>de</strong></span> <span class='ocrx_word' id='word_1_200' title='bbox 1190 2461 1275 2517; x_wconf 82' lang='lat' dir='ltr'><strong><em>-iihris</em></strong></span> <span class='ocrx_word' id='word_1_201' title='bbox 1292 2462 1393 2518; x_wconf 68' lang='lat' dir='ltr'><strong>nostris</strong></span> 
     </span>
     <span class='ocr_line' id='line_1_23' title="bbox 341 2547 1393 2624; baseline 0.003 -24"><span class='ocrx_word' id='word_1_202' title='bbox 341 2547 379 2601; x_wconf 76' lang='lat' dir='ltr'><strong>Ex</strong></span> <span class='ocrx_word' id='word_1_203' title='bbox 398 2547 464 2603; x_wconf 80' lang='lat' dir='ltr'><strong>Oxx.</strong></span> <span class='ocrx_word' id='word_1_204' title='bbox 480 2570 550 2604; x_wconf 86' lang='lat' dir='ltr'><strong>unus</strong></span> <span class='ocrx_word' id='word_1_205' title='bbox 568 2551 663 2620; x_wconf 86' lang='lat' dir='ltr'><strong>modo,</strong></span> <span class='ocrx_word' id='word_1_206' title='bbox 681 2569 705 2619; x_wconf 87' lang='lat' dir='ltr'><strong>o,</strong></span> <span class='ocrx_word' id='word_1_207' title='bbox 723 2552 805 2607; x_wconf 89' lang='lat' dir='ltr'><strong>hahet</strong></span> <span class='ocrx_word' id='word_1_208' title='bbox 823 2563 971 2622; x_wconf 79' lang='lat' dir='ltr'><strong>occeptum,</strong></span> <span class='ocrx_word' id='word_1_209' title='bbox 987 2551 1086 2624; x_wconf 83' lang='lat' dir='ltr'><strong>reliqui</strong></span> <span class='ocrx_word' id='word_1_210' title='bbox 1103 2561 1228 2622; x_wconf 83' lang='lat' dir='ltr'><strong>opertum</strong></span> <span class='ocrx_word' id='word_1_211' title='bbox 1236 2568 1301 2604; x_wconf 84' lang='lat' dir='ltr'><strong>cnm</strong></span> <span class='ocrx_word' id='word_1_212' title='bbox 1311 2548 1393 2604; x_wconf 75' lang='lat' dir='ltr'><strong>coto</strong></span> 
     </span>
     <span class='ocr_line' id='line_1_24' title="bbox 342 2635 1393 2712; baseline -0.001 -22"><span class='ocrx_word' id='word_1_213' title='bbox 342 2637 403 2692; x_wconf 86' lang='lat' dir='ltr'><strong>Bas.</strong></span> <span class='ocrx_word' id='word_1_214' title='bbox 418 2639 528 2712; x_wconf 79' lang='lat' dir='ltr'><strong>Erlang.</strong></span> <span class='ocrx_word' id='word_1_215' title='bbox 548 2638 607 2694; x_wconf 75' lang='lat' dir='ltr'><strong>Cre.</strong></span> <span class='ocrx_word' id='word_1_216' title='bbox 627 2643 652 2694; x_wconf 83' lang='lat' dir='ltr'><strong>t.</strong></span> <span class='ocrx_word' id='word_1_217' title='bbox 671 2645 695 2694; x_wconf 84' lang='lat'><strong>2.</strong></span> <span class='ocrx_word' id='word_1_218' title='bbox 714 2639 755 2708; x_wconf 82' lang='lat' dir='ltr'><strong>(hi</strong></span> <span class='ocrx_word' id='word_1_219' title='bbox 773 2640 844 2708; x_wconf 89' lang='lat' dir='ltr'><strong>duo,</strong></span> <span class='ocrx_word' id='word_1_220' title='bbox 861 2639 959 2693; x_wconf 81' lang='lat' dir='ltr'><strong>omisso</strong></span> <span class='ocrx_word' id='word_1_221' title='bbox 978 2641 1025 2707; x_wconf 84' lang='lat' dir='ltr'><strong>ut)</strong></span> <span class='ocrx_word' id='word_1_222' title='bbox 1045 2637 1105 2692; x_wconf 79' lang='lat' dir='ltr'><strong>Cra.</strong></span> <span class='ocrx_word' id='word_1_223' title='bbox 1122 2641 1148 2694; x_wconf 78' lang='grc'><strong>5.</strong></span> <span class='ocrx_word' id='word_1_224' title='bbox 1172 2635 1245 2690; x_wconf 76' lang='lat' dir='ltr'><strong>Get.</strong></span> <span class='ocrx_word' id='word_1_225' title='bbox 1263 2637 1299 2692; x_wconf 86' lang='grc' dir='ltr'><strong>Α.</strong></span> <span class='ocrx_word' id='word_1_226' title='bbox 1318 2637 1393 2703; x_wconf 88' lang='lat' dir='ltr'><strong>(item</strong></span> 
     </span>
     <span class='ocr_line' id='line_1_25' title="bbox 342 2723 1393 2796; baseline -0.001 -19"><span class='ocrx_word' id='word_1_227' title='bbox 342 2725 440 2781; x_wconf 87' lang='lat' dir='ltr'><strong>omisso</strong></span> <span class='ocrx_word' id='word_1_228' title='bbox 458 2730 522 2796; x_wconf 86' lang='lat' dir='ltr'><strong>ot),</strong></span> <span class='ocrx_word' id='word_1_229' title='bbox 550 2726 623 2781; x_wconf 87' lang='lat' dir='ltr'><strong>Gnd.</strong></span> <span class='ocrx_word' id='word_1_230' title='bbox 640 2730 667 2781; x_wconf 78' lang='grc'><strong>3.</strong></span> <span class='ocrx_word' id='word_1_231' title='bbox 698 2727 779 2780; x_wconf 83' lang='lat' dir='ltr'><strong>Drsd.</strong></span> <span class='ocrx_word' id='word_1_232' title='bbox 796 2731 822 2780; x_wconf 76' lang='lat'><strong>2.</strong></span> <span class='ocrx_word' id='word_1_233' title='bbox 847 2729 924 2780; x_wconf 84' lang='lat' dir='ltr'><strong>Voss.</strong></span> <span class='ocrx_word' id='word_1_234' title='bbox 941 2745 1028 2791; x_wconf 82' lang='lat' dir='ltr'><strong>nnus;</strong></span> <span class='ocrx_word' id='word_1_235' title='bbox 1057 2725 1130 2779; x_wconf 87' lang='lat' dir='ltr'><strong>Gud.</strong></span> <span class='ocrx_word' id='word_1_236' title='bbox 1143 2725 1175 2779; x_wconf 88' lang='lat' dir='ltr'><strong>B.</strong></span> <span class='ocrx_word' id='word_1_237' title='bbox 1195 2723 1276 2778; x_wconf 87' lang='lat' dir='ltr'><strong>hahet</strong></span> <span class='ocrx_word' id='word_1_238' title='bbox 1293 2735 1393 2795; x_wconf 80' lang='lat' dir='ltr'><strong>optem,</strong></span> 
     </span>
     <span class='ocr_line' id='line_1_26' title="bbox 342 2811 1392 2884; baseline 0.001 -20"><span class='ocrx_word' id='word_1_239' title='bbox 342 2811 422 2866; x_wconf 83' lang='lat' dir='ltr'><strong>Drsd.</strong></span> <span class='ocrx_word' id='word_1_240' title='bbox 441 2816 468 2867; x_wconf 87' lang='lat'><strong>1.</strong></span> <span class='ocrx_word' id='word_1_241' title='bbox 485 2814 514 2866; x_wconf 84' lang='lat' dir='ltr'><strong>in</strong></span> <span class='ocrx_word' id='word_1_242' title='bbox 533 2824 671 2882; x_wconf 84' lang='lat' dir='ltr'><strong>occeptum</strong></span> <span class='ocrx_word' id='word_1_243' title='bbox 687 2815 831 2884; x_wconf 78' lang='lat' dir='ltr'><strong>proferne,</strong></span> <span class='ocrx_word' id='word_1_244' title='bbox 858 2813 938 2868; x_wconf 71' lang='lat' dir='ltr'><strong>urst.</strong></span> <span class='ocrx_word' id='word_1_245' title='bbox 956 2817 982 2869; x_wconf 83' lang='grc'><strong>3.</strong></span> <span class='ocrx_word' id='word_1_246' title='bbox 1011 2824 1044 2866; x_wconf 83' lang='lat' dir='ltr'><strong>ut</strong></span> <span class='ocrx_word' id='word_1_247' title='bbox 1071 2814 1100 2866; x_wconf 77' lang='lat' dir='ltr'><strong><em>iri</em></strong></span> <span class='ocrx_word' id='word_1_248' title='bbox 1122 2821 1264 2882; x_wconf 76' lang='lat' dir='ltr'><strong>occeptum</strong></span> <span class='ocrx_word' id='word_1_249' title='bbox 1281 2812 1392 2884; x_wconf 84' lang='lat' dir='ltr'><strong>referor,</strong></span> 
     </span>
     <span class='ocr_line' id='line_1_27' title="bbox 343 2898 1394 2971; baseline 0.003 -20"><span class='ocrx_word' id='word_1_250' title='bbox 343 2898 422 2952; x_wconf 87' lang='lat' dir='ltr'><strong>Drsd.</strong></span> <span class='ocrx_word' id='word_1_251' title='bbox 440 2904 466 2953; x_wconf 84' lang='grc'><strong>4.</strong></span> <span class='ocrx_word' id='word_1_252' title='bbox 483 2900 513 2952; x_wconf 82' lang='lat' dir='ltr'><strong>in</strong></span> <span class='ocrx_word' id='word_1_253' title='bbox 530 2908 639 2968; x_wconf 85' lang='lat' dir='ltr'><strong>accepto</strong></span> <span class='ocrx_word' id='word_1_254' title='bbox 656 2910 689 2951; x_wconf 88' lang='lat' dir='ltr'><strong>ut</strong></span> <span class='ocrx_word' id='word_1_255' title='bbox 707 2901 827 2970; x_wconf 83' lang='lat' dir='ltr'><strong>reseres,</strong></span> <span class='ocrx_word' id='word_1_256' title='bbox 845 2918 908 2954; x_wconf 86' lang='lat' dir='ltr'><strong>eum</strong></span> <span class='ocrx_word' id='word_1_257' title='bbox 927 2899 996 2971; x_wconf 74' lang='lat' dir='ltr'><strong>cot.</strong></span> <span class='ocrx_word' id='word_1_258' title='bbox 1014 2899 1123 2955; x_wconf 87' lang='lat' dir='ltr'><strong>Suerin.</strong></span> <span class='ocrx_word' id='word_1_259' title='bbox 1158 2899 1198 2953; x_wconf 81' lang='lat' dir='ltr'><strong>Ex</strong></span> <span class='ocrx_word' id='word_1_260' title='bbox 1214 2899 1255 2954; x_wconf 84' lang='lat' dir='ltr'><strong>hie</strong></span> <span class='ocrx_word' id='word_1_261' title='bbox 1272 2901 1345 2956; x_wconf 78' lang='lat' dir='ltr'><strong>vides</strong></span> <span class='ocrx_word' id='word_1_262' title='bbox 1358 2900 1394 2955; x_wconf 85' lang='lat' dir='ltr'><strong>it-</strong></span> 
     </span>
     <span class='ocr_line' id='line_1_28' title="bbox 343 2983 1393 3058; baseline 0.007 -23"><span class='ocrx_word' id='word_1_263' title='bbox 343 2983 388 3037; x_wconf 90' lang='lat' dir='ltr'><strong>lud</strong></span> <span class='ocrx_word' id='word_1_264' title='bbox 404 2985 531 3055; x_wconf 80' lang='lat' dir='ltr'><strong>proferas</strong></span> <span class='ocrx_word' id='word_1_265' title='bbox 550 2985 629 3039; x_wconf 88' lang='lat' dir='ltr'><strong>etiam</strong></span> <span class='ocrx_word' id='word_1_266' title='bbox 646 2985 675 3038; x_wconf 90' lang='lat' dir='ltr'><strong>in</strong></span> <span class='ocrx_word' id='word_1_267' title='bbox 694 2983 763 3039; x_wconf 82' lang='lat' dir='ltr'><strong>cod.</strong></span> <span class='ocrx_word' id='word_1_268' title='bbox 774 2986 842 3042; x_wconf 80' lang='lat' dir='ltr'><strong>MS.</strong></span> <span class='ocrx_word' id='word_1_269' title='bbox 860 3007 924 3043; x_wconf 82' lang='lat' dir='ltr'><strong>esse.</strong></span> <span class='ocrx_word' id='word_1_270' title='bbox 960 2988 1015 3042; x_wconf 71' lang='lat' dir='ltr'><strong>set</strong></span> <span class='ocrx_word' id='word_1_271' title='bbox 1033 3000 1072 3043; x_wconf 85' lang='lat' dir='ltr'><strong>est</strong></span> <span class='ocrx_word' id='word_1_272' title='bbox 1090 2988 1185 3054; x_wconf 83' lang='lat' dir='ltr'><strong>etiarn,</strong></span> <span class='ocrx_word' id='word_1_273' title='bbox 1201 2999 1312 3058; x_wconf 85' lang='lat' dir='ltr'><strong>praeter</strong></span> <span class='ocrx_word' id='word_1_274' title='bbox 1328 2988 1393 3042; x_wconf 81' lang='lat' dir='ltr'><strong>Her·</strong></span> 
     </span>
     <span class='ocr_line' id='line_1_29' title="bbox 343 3071 1391 3144; baseline 0.006 -21"><span class='ocrx_word' id='word_1_275' title='bbox 343 3090 412 3144; x_wconf 81' lang='lat' dir='ltr'><strong>wag.</strong></span> <span class='ocrx_word' id='word_1_276' title='bbox 431 3075 518 3138; x_wconf 76' lang='lat'><strong>1534,</strong></span> <span class='ocrx_word' id='word_1_277' title='bbox 542 3071 571 3125; x_wconf 92' lang='lat' dir='ltr'><strong>in</strong></span> <span class='ocrx_word' id='word_1_278' title='bbox 596 3071 646 3126; x_wconf 88' lang='lat' dir='ltr'><strong>Ed.</strong></span> <span class='ocrx_word' id='word_1_279' title='bbox 669 3084 760 3128; x_wconf 83' lang='lat' dir='ltr'><strong>nostra</strong></span> <span class='ocrx_word' id='word_1_280' title='bbox 777 3074 868 3130; x_wconf 79' lang='lat' dir='ltr'><strong>Paris.</strong></span> <span class='ocrx_word' id='word_1_281' title='bbox 894 3096 913 3130; x_wconf 81' lang='lat' dir='ltr'><strong>s.</strong></span> <span class='ocrx_word' id='word_1_282' title='bbox 932 3095 957 3130; x_wconf 87' lang='lat' dir='ltr'><strong>a.</strong></span> <span class='ocrx_word' id='word_1_283' title='bbox 974 3076 1058 3130; x_wconf 81' lang='lat' dir='ltr'><strong>Pario.</strong></span> <span class='ocrx_word' id='word_1_284' title='bbox 1077 3077 1157 3131; x_wconf 81' lang='grc'><strong>1543.</strong></span> <span class='ocrx_word' id='word_1_285' title='bbox 1175 3075 1237 3131; x_wconf 79' lang='grc' dir='ltr'><strong>ΑΙιΙ.</strong></span> <span class='ocrx_word' id='word_1_286' title='bbox 1256 3079 1337 3132; x_wconf 81' lang='grc'><strong>1548.</strong></span> <span class='ocrx_word' id='word_1_287' title='bbox 1360 3073 1391 3129; x_wconf 82' lang='grc' dir='ltr'><strong>Η.</strong></span> 
     </span>
     <span class='ocr_line' id='line_1_30' title="bbox 343 3159 1392 3238; baseline 0.006 -27"><span class='ocrx_word' id='word_1_288' title='bbox 343 3159 430 3212; x_wconf 84' lang='lat' dir='ltr'><strong>Wott.</strong></span> <span class='ocrx_word' id='word_1_289' title='bbox 448 3159 567 3231; x_wconf 88' lang='lat' dir='ltr'><strong>itemque</strong></span> <span class='ocrx_word' id='word_1_290' title='bbox 585 3160 638 3213; x_wconf 86' lang='lat' dir='ltr'><strong>iam</strong></span> <span class='ocrx_word' id='word_1_291' title='bbox 656 3160 685 3214; x_wconf 91' lang='lat' dir='ltr'><strong>in</strong></span> <span class='ocrx_word' id='word_1_292' title='bbox 704 3162 764 3216; x_wconf 73' lang='lat' dir='ltr'><strong>Aac.</strong></span> <span class='ocrx_word' id='word_1_293' title='bbox 782 3165 862 3218; x_wconf 90' lang='grc'><strong>1511.</strong></span> <span class='ocrx_word' id='word_1_294' title='bbox 880 3164 1031 3230; x_wconf 84' lang='lat' dir='ltr'><strong>Camerar.;</strong></span> <span class='ocrx_word' id='word_1_295' title='bbox 1050 3165 1079 3216; x_wconf 87' lang='lat' dir='ltr'><strong>in</strong></span> <span class='ocrx_word' id='word_1_296' title='bbox 1096 3173 1222 3233; x_wconf 78' lang='lat' dir='ltr'><strong>opertum</strong></span> <span class='ocrx_word' id='word_1_297' title='bbox 1238 3173 1271 3217; x_wconf 89' lang='lat' dir='ltr'><strong>ut</strong></span> <span class='ocrx_word' id='word_1_298' title='bbox 1289 3165 1392 3238; x_wconf 76' lang='lat' dir='ltr'><strong>referor</strong></span> 
     </span>
     <span class='ocr_line' id='line_1_31' title="bbox 344 3246 1394 3325; baseline 0.006 -25"><span class='ocrx_word' id='word_1_299' title='bbox 344 3246 443 3302; x_wconf 86' lang='lat' dir='ltr'><strong>hahent</strong></span> <span class='ocrx_word' id='word_1_300' title='bbox 460 3247 509 3302; x_wconf 86' lang='lat' dir='ltr'><strong>Ed.</strong></span> <span class='ocrx_word' id='word_1_301' title='bbox 528 3267 587 3321; x_wconf 86' lang='lat' dir='ltr'><strong>pre.</strong></span> <span class='ocrx_word' id='word_1_302' title='bbox 605 3247 655 3304; x_wconf 82' lang='lat' dir='ltr'><strong>Ed.</strong></span> <span class='ocrx_word' id='word_1_303' title='bbox 674 3269 717 3321; x_wconf 89' lang='lat' dir='ltr'><strong>ap.</strong></span> <span class='ocrx_word' id='word_1_304' title='bbox 739 3249 866 3320; x_wconf 68' lang='lat' dir='ltr'><strong>Menmh,</strong></span> <span class='ocrx_word' id='word_1_305' title='bbox 897 3251 1034 3325; x_wconf 84' lang='lat' dir='ltr'><strong>Magnoli,</strong></span> <span class='ocrx_word' id='word_1_306' title='bbox 1062 3251 1166 3304; x_wconf 83' lang='lat' dir='ltr'><strong>Manat.</strong></span> <span class='ocrx_word' id='word_1_307' title='bbox 1184 3248 1252 3305; x_wconf 75' lang='lat' dir='ltr'><strong>Ali.</strong></span> <span class='ocrx_word' id='word_1_308' title='bbox 1268 3253 1352 3306; x_wconf 73' lang='lat' dir='ltr'><strong>toti.</strong></span> <span class='ocrx_word' id='word_1_309' title='bbox 1368 3261 1394 3305; x_wconf 85' lang='lat' dir='ltr'><strong>et</strong></span> 
     </span>
     <span class='ocr_line' id='line_1_32' title="bbox 343 3336 1392 3412; baseline 0.008 -26"><span class='ocrx_word' id='word_1_310' title='bbox 343 3336 424 3390; x_wconf 78' lang='lat'><strong>1552.</strong></span> <span class='ocrx_word' id='word_1_311' title='bbox 442 3348 469 3391; x_wconf 88' lang='lat' dir='ltr'><strong>et</strong></span> <span class='ocrx_word' id='word_1_312' title='bbox 486 3347 592 3409; x_wconf 77' lang='lat' dir='ltr'><strong>excepta</strong></span> <span class='ocrx_word' id='word_1_313' title='bbox 612 3337 683 3393; x_wconf 84' lang='lat' dir='ltr'><strong>Vict.</strong></span> <span class='ocrx_word' id='word_1_314' title='bbox 700 3349 725 3392; x_wconf 90' lang='lat' dir='ltr'><strong>et</strong></span> <span class='ocrx_word' id='word_1_315' title='bbox 743 3337 849 3407; x_wconf 65' lang='lat' dir='ltr'><strong>lamb„</strong></span> <span class='ocrx_word' id='word_1_316' title='bbox 869 3351 931 3394; x_wconf 88' lang='lat' dir='ltr'><strong>ante</strong></span> <span class='ocrx_word' id='word_1_317' title='bbox 949 3340 1042 3405; x_wconf 76' lang='lat' dir='ltr'><strong>Grut..</strong></span> <span class='ocrx_word' id='word_1_318' title='bbox 1072 3338 1191 3412; x_wconf 83' lang='lat' dir='ltr'><strong>reliquae</strong></span> <span class='ocrx_word' id='word_1_319' title='bbox 1212 3350 1273 3394; x_wconf 85' lang='lat' dir='ltr'><strong>vett.</strong></span> <span class='ocrx_word' id='word_1_320' title='bbox 1294 3358 1392 3394; x_wconf 86' lang='lat' dir='ltr'><strong>ornnes.</strong></span> 
     </span>
     <span class='ocr_line' id='line_1_33' title="bbox 342 3423 1393 3498; baseline 0.004 -21"><span class='ocrx_word' id='word_1_321' title='bbox 342 3423 400 3478; x_wconf 87' lang='lat' dir='ltr'><strong>Nec</strong></span> <span class='ocrx_word' id='word_1_322' title='bbox 416 3445 479 3479; x_wconf 86' lang='lat' dir='ltr'><strong>vero</strong></span> <span class='ocrx_word' id='word_1_323' title='bbox 496 3424 671 3480; x_wconf 86' lang='lat' dir='ltr'><strong>Manutianae</strong></span> <span class='ocrx_word' id='word_1_324' title='bbox 689 3424 739 3480; x_wconf 89' lang='lat' dir='ltr'><strong>Ed.</strong></span> <span class='ocrx_word' id='word_1_325' title='bbox 758 3425 932 3482; x_wconf 81' lang='lat' dir='ltr'><strong>Gernhardus</strong></span> <span class='ocrx_word' id='word_1_326' title='bbox 950 3427 1044 3482; x_wconf 78' lang='lat' dir='ltr'><strong>tribuit</strong></span> <span class='ocrx_word' id='word_1_327' title='bbox 1062 3427 1185 3498; x_wconf 73' lang='lat' dir='ltr'><strong>deferor,</strong></span> <span class='ocrx_word' id='word_1_328' title='bbox 1209 3437 1240 3480; x_wconf 88' lang='lat' dir='ltr'><strong>ut</strong></span> <span class='ocrx_word' id='word_1_329' title='bbox 1264 3428 1393 3483; x_wconf 81' lang='lat' dir='ltr'><strong>existima·</strong></span> 
     </span>
     <span class='ocr_line' id='line_1_34' title="bbox 343 3512 1392 3579; baseline 0.003 -14"><span class='ocrx_word' id='word_1_330' title='bbox 343 3513 390 3566; x_wconf 88' lang='lat' dir='ltr'><strong>hat</strong></span> <span class='ocrx_word' id='word_1_331' title='bbox 408 3512 466 3579; x_wconf 79' lang='lat' dir='ltr'><strong>Or,</strong></span> <span class='ocrx_word' id='word_1_332' title='bbox 484 3514 530 3566; x_wconf 88' lang='lat' dir='ltr'><strong>sed</strong></span> <span class='ocrx_word' id='word_1_333' title='bbox 548 3513 596 3568; x_wconf 89' lang='lat' dir='ltr'><strong>nni</strong></span> <span class='ocrx_word' id='word_1_334' title='bbox 614 3512 709 3568; x_wconf 88' lang='lat' dir='ltr'><strong>Codici</strong></span> <span class='ocrx_word' id='word_1_335' title='bbox 726 3514 761 3567; x_wconf 86' lang='lat' dir='ltr'><strong>ah</strong></span> <span class='ocrx_word' id='word_1_336' title='bbox 779 3515 850 3569; x_wconf 76' lang='lat' dir='ltr'><strong>Atto</strong></span> <span class='ocrx_word' id='word_1_337' title='bbox 869 3516 944 3570; x_wconf 82' lang='lat' dir='ltr'><strong>Man.</strong></span> <span class='ocrx_word' id='word_1_338' title='bbox 962 3515 1078 3570; x_wconf 74' lang='lat' dir='ltr'><strong>collator</strong></span> <span class='ocrx_word' id='word_1_339' title='bbox 1098 3514 1173 3568; x_wconf 86' lang='lat' dir='ltr'><strong>cuius</strong></span> <span class='ocrx_word' id='word_1_340' title='bbox 1192 3517 1392 3570; x_wconf 72' lang='lat' dir='ltr'><strong>annotationem</strong></span> 
     </span>
     <span class='ocr_line' id='line_1_35' title="bbox 343 3598 1392 3672; baseline 0.009 -22"><span class='ocrx_word' id='word_1_341' title='bbox 343 3617 423 3668; x_wconf 84' lang='lat' dir='ltr'><strong>supra</strong></span> <span class='ocrx_word' id='word_1_342' title='bbox 444 3598 617 3652; x_wconf 83' lang='lat' dir='ltr'><strong>exhibuimus.</strong></span> <span class='ocrx_word' id='word_1_343' title='bbox 665 3600 696 3652; x_wconf 85' lang='lat' dir='ltr'><strong>ln</strong></span> <span class='ocrx_word' id='word_1_344' title='bbox 720 3599 831 3672; x_wconf 83' lang='lat' dir='ltr'><strong>reliquis</strong></span> <span class='ocrx_word' id='word_1_345' title='bbox 847 3601 941 3672; x_wconf 82' lang='lat' dir='ltr'><strong>(etiam</strong></span> <span class='ocrx_word' id='word_1_346' title='bbox 970 3614 1063 3656; x_wconf 85' lang='lat' dir='ltr'><strong>nostro</strong></span> <span class='ocrx_word' id='word_1_347' title='bbox 1086 3601 1166 3656; x_wconf 83' lang='lat' dir='ltr'><strong>Drsd.</strong></span> <span class='ocrx_word' id='word_1_348' title='bbox 1186 3606 1212 3656; x_wconf 91' lang='grc'><strong>5.</strong></span> <span class='ocrx_word' id='word_1_349' title='bbox 1241 3615 1269 3658; x_wconf 87' lang='lat' dir='ltr'><strong>et</strong></span> <span class='ocrx_word' id='word_1_350' title='bbox 1286 3603 1392 3672; x_wconf 85' lang='lat' dir='ltr'><strong>Doish.)</strong></span> 
     </span>
     <span class='ocr_line' id='line_1_36' title="bbox 344 3684 1393 3764; baseline 0.01 -28"><span class='ocrx_word' id='word_1_351' title='bbox 344 3696 382 3737; x_wconf 83' lang='lat' dir='ltr'><strong>est</strong></span> <span class='ocrx_word' id='word_1_352' title='bbox 399 3684 543 3756; x_wconf 79' lang='lat' dir='ltr'><strong>scriptum,</strong></span> <span class='ocrx_word' id='word_1_353' title='bbox 572 3697 602 3740; x_wconf 89' lang='lat' dir='ltr'><strong>ut</strong></span> <span class='ocrx_word' id='word_1_354' title='bbox 630 3705 681 3739; x_wconf 85' lang='lat' dir='ltr'><strong>nos</strong></span> <span class='ocrx_word' id='word_1_355' title='bbox 705 3686 867 3744; x_wconf 77' lang='lat' dir='ltr'><strong>exhibemus.</strong></span> <span class='ocrx_word' id='word_1_356' title='bbox 910 3689 956 3744; x_wconf 85' lang='lat' dir='ltr'><strong>Est</strong></span> <span class='ocrx_word' id='word_1_357' title='bbox 974 3701 1062 3746; x_wconf 87' lang='lat' dir='ltr'><strong>antem</strong></span> <span class='ocrx_word' id='word_1_358' title='bbox 1081 3691 1110 3743; x_wconf 80' lang='lat' dir='ltr'><strong>iri</strong></span> <span class='ocrx_word' id='word_1_359' title='bbox 1136 3701 1282 3761; x_wconf 61' lang='lat' dir='ltr'><strong>occeptum*</strong></span> <span class='ocrx_word' id='word_1_360' title='bbox 1293 3693 1393 3764; x_wconf 75' lang='lat' dir='ltr'><strong>referre</strong></span> 
     </span>
     <span class='ocr_line' id='line_1_37' title="bbox 343 3769 1393 3853; baseline 0.01 -29"><span class='ocrx_word' id='word_1_361' title='bbox 343 3792 410 3841; x_wconf 81' lang='lat' dir='ltr'><strong>opor</strong></span> <span class='ocrx_word' id='word_1_362' title='bbox 428 3772 500 3844; x_wconf 87' lang='lat' dir='ltr'><strong>apud</strong></span> <span class='ocrx_word' id='word_1_363' title='bbox 519 3769 596 3825; x_wconf 86' lang='lat' dir='ltr'><strong>lCtos</strong></span> <span class='ocrx_word' id='word_1_364' title='bbox 614 3773 729 3828; x_wconf 81' lang='lat' dir='ltr'><strong>scrihere</strong></span> <span class='ocrx_word' id='word_1_365' title='bbox 747 3796 816 3848; x_wconf 91' lang='lat' dir='ltr'><strong>opus</strong></span> <span class='ocrx_word' id='word_1_366' title='bbox 833 3779 983 3848; x_wconf 85' lang='lat' dir='ltr'><strong>perfectum</strong></span> <span class='ocrx_word' id='word_1_367' title='bbox 1007 3799 1062 3835; x_wconf 88' lang='lat' dir='ltr'><strong>esse</strong></span> <span class='ocrx_word' id='word_1_368' title='bbox 1081 3799 1111 3833; x_wconf 89' lang='lat' dir='ltr'><strong>ea</strong></span> <span class='ocrx_word' id='word_1_369' title='bbox 1126 3778 1245 3846; x_wconf 85' lang='lat' dir='ltr'><strong>ratione,</strong></span> <span class='ocrx_word' id='word_1_370' title='bbox 1275 3800 1330 3853; x_wconf 73' lang='lat' dir='ltr'><strong>qm</strong></span> <span class='ocrx_word' id='word_1_371' title='bbox 1353 3780 1393 3834; x_wconf 89' lang='lat' dir='ltr'><strong>lo·</strong></span> 
     </span>
     <span class='ocr_line' id='line_1_38' title="bbox 343 3858 1394 3939; baseline 0.008 -25"><span class='ocrx_word' id='word_1_372' title='bbox 343 3871 432 3914; x_wconf 86' lang='lat' dir='ltr'><strong>catum</strong></span> <span class='ocrx_word' id='word_1_373' title='bbox 451 3871 498 3915; x_wconf 85' lang='lat' dir='ltr'><strong>eet.</strong></span> <span class='ocrx_word' id='word_1_374' title='bbox 515 3858 575 3913; x_wconf 86' lang='lat' dir='ltr'><strong>Mr.</strong></span> <span class='ocrx_word' id='word_1_375' title='bbox 616 3860 663 3916; x_wconf 84' lang='lat' dir='ltr'><strong>Est</strong></span> <span class='ocrx_word' id='word_1_376' title='bbox 681 3860 706 3914; x_wconf 86' lang='lat' dir='ltr'><strong>h.</strong></span> <span class='ocrx_word' id='word_1_377' title='bbox 725 3862 743 3916; x_wconf 93' lang='lat' dir='ltr'><strong>l.</strong></span> <span class='ocrx_word' id='word_1_378' title='bbox 761 3863 868 3936; x_wconf 76' lang='lat' dir='ltr'><strong>elegans</strong></span> <span class='ocrx_word' id='word_1_379' title='bbox 886 3866 1042 3939; x_wconf 79' lang='lat' dir='ltr'><strong>metaphora</strong></span> <span class='ocrx_word' id='word_1_380' title='bbox 1062 3867 1142 3921; x_wconf 86' lang='lat' dir='ltr'><strong>ducta</strong></span> <span class='ocrx_word' id='word_1_381' title='bbox 1169 3886 1198 3919; x_wconf 78' lang='lat' dir='ltr'><strong>ex</strong></span> <span class='ocrx_word' id='word_1_382' title='bbox 1224 3867 1326 3922; x_wconf 81' lang='lat' dir='ltr'><strong>tabulis</strong></span> <span class='ocrx_word' id='word_1_383' title='bbox 1348 3885 1394 3922; x_wconf 79' lang='lat' dir='ltr'><strong>ao·</strong></span> 
     </span>
     <span class='ocr_line' id='line_1_39' title="bbox 343 3948 1395 4026; baseline 0.009 -26"><span class='ocrx_word' id='word_1_384' title='bbox 343 3949 412 4021; x_wconf 81' lang='lat' dir='ltr'><strong>cepti</strong></span> <span class='ocrx_word' id='word_1_385' title='bbox 429 3960 456 4003; x_wconf 88' lang='lat' dir='ltr'><strong>et</strong></span> <span class='ocrx_word' id='word_1_386' title='bbox 473 3948 589 4021; x_wconf 83' lang='lat' dir='ltr'><strong>expensi,</strong></span> <span class='ocrx_word' id='word_1_387' title='bbox 602 3949 680 4004; x_wconf 81' lang='lat' dir='ltr'><strong>veluti</strong></span> <span class='ocrx_word' id='word_1_388' title='bbox 700 3963 870 4023; x_wconf 81' lang='lat' dir='ltr'><strong>mercatores,</strong></span> <span class='ocrx_word' id='word_1_389' title='bbox 887 3955 1090 4026; x_wconf 81' lang='lat' dir='ltr'><strong>dispensatores,</strong></span> <span class='ocrx_word' id='word_1_390' title='bbox 1108 3964 1197 4026; x_wconf 79' lang='lat' dir='ltr'><strong>patres</strong></span> <span class='ocrx_word' id='word_1_391' title='bbox 1214 3953 1331 4008; x_wconf 83' lang='lat' dir='ltr'><strong>familiae</strong></span> <span class='ocrx_word' id='word_1_392' title='bbox 1346 3953 1395 4008; x_wconf 87' lang='lat' dir='ltr'><strong>ha·</strong></span> 
     </span>
     <span class='ocr_line' id='line_1_40' title="bbox 343 4035 1394 4114; baseline 0.005 -25"><span class='ocrx_word' id='word_1_393' title='bbox 343 4035 408 4091; x_wconf 90' lang='lat' dir='ltr'><strong>hent</strong></span> <span class='ocrx_word' id='word_1_394' title='bbox 425 4036 529 4091; x_wconf 84' lang='lat' dir='ltr'><strong>tabulas</strong></span> <span class='ocrx_word' id='word_1_395' title='bbox 546 4038 678 4110; x_wconf 89' lang='lat' dir='ltr'><strong>pecuniae</strong></span> <span class='ocrx_word' id='word_1_396' title='bbox 696 4052 822 4114; x_wconf 82' lang='lat' dir='ltr'><strong>acceptae</strong></span> <span class='ocrx_word' id='word_1_397' title='bbox 841 4054 868 4099; x_wconf 93' lang='lat' dir='ltr'><strong>et</strong></span> <span class='ocrx_word' id='word_1_398' title='bbox 886 4045 950 4099; x_wconf 88' lang='lat' dir='ltr'><strong>item</strong></span> <span class='ocrx_word' id='word_1_399' title='bbox 970 4042 1073 4098; x_wconf 83' lang='lat' dir='ltr'><strong>tabulas</strong></span> <span class='ocrx_word' id='word_1_400' title='bbox 1084 4041 1200 4114; x_wconf 79' lang='lat' dir='ltr'><strong>expensi.</strong></span> <span class='ocrx_word' id='word_1_401' title='bbox 1237 4041 1333 4098; x_wconf 84' lang='lat' dir='ltr'><strong>Prouti</strong></span> <span class='ocrx_word' id='word_1_402' title='bbox 1344 4042 1394 4114; x_wconf 77' lang='lat' dir='ltr'><strong>igi·</strong></span> 
     </span>
     <span class='ocr_line' id='line_1_41' title="bbox 343 4125 1396 4201; baseline 0.011 -29"><span class='ocrx_word' id='word_1_403' title='bbox 343 4132 386 4174; x_wconf 88' lang='lat' dir='ltr'><strong>tur</strong></span> <span class='ocrx_word' id='word_1_404' title='bbox 402 4125 431 4178; x_wconf 87' lang='lat' dir='ltr'><strong>in</strong></span> <span class='ocrx_word' id='word_1_405' title='bbox 448 4126 545 4180; x_wconf 88' lang='lat' dir='ltr'><strong>tabulis</strong></span> <span class='ocrx_word' id='word_1_406' title='bbox 559 4128 659 4200; x_wconf 80' lang='lat' dir='ltr'><strong>excepti</strong></span> <span class='ocrx_word' id='word_1_407' title='bbox 677 4128 757 4182; x_wconf 75' lang='lat' dir='ltr'><strong>veluti</strong></span> <span class='ocrx_word' id='word_1_408' title='bbox 776 4132 891 4186; x_wconf 87' lang='lat' dir='ltr'><strong>maiores</strong></span> <span class='ocrx_word' id='word_1_409' title='bbox 908 4150 1026 4186; x_wconf 82' lang='lat' dir='ltr'><strong>summae</strong></span> <span class='ocrx_word' id='word_1_410' title='bbox 1044 4142 1158 4201; x_wconf 89' lang='lat' dir='ltr'><strong>ponunt,</strong></span> <span class='ocrx_word' id='word_1_411' title='bbox 1177 4129 1298 4184; x_wconf 85' lang='lat' dir='ltr'><strong>minores</strong></span> <span class='ocrx_word' id='word_1_412' title='bbox 1314 4130 1396 4184; x_wconf 83' lang='lat' dir='ltr'><strong>omit-</strong></span> 
     </span>
     <span class='ocr_line' id='line_1_42' title="bbox 343 4213 1397 4292; baseline 0.012 -33"><span class='ocrx_word' id='word_1_413' title='bbox 343 4219 419 4277; x_wconf 90' lang='lat' dir='ltr'><strong>tunt,</strong></span> <span class='ocrx_word' id='word_1_414' title='bbox 443 4215 482 4268; x_wconf 85' lang='lat' dir='ltr'><strong>sic</strong></span> <span class='ocrx_word' id='word_1_415' title='bbox 500 4213 596 4270; x_wconf 88' lang='lat' dir='ltr'><strong>Cicero</strong></span> <span class='ocrx_word' id='word_1_416' title='bbox 615 4216 666 4272; x_wconf 92' lang='lat' dir='ltr'><strong>hoc</strong></span> <span class='ocrx_word' id='word_1_417' title='bbox 684 4237 796 4290; x_wconf 86' lang='lat' dir='ltr'><strong>parvum</strong></span> <span class='ocrx_word' id='word_1_418' title='bbox 820 4241 891 4292; x_wconf 83' lang='lat' dir='ltr'><strong>opus</strong></span> <span class='ocrx_word' id='word_1_419' title='bbox 907 4219 1110 4273; x_wconf 83' lang='lat' dir='ltr'><strong>Paradoxorum</strong></span> <span class='ocrx_word' id='word_1_420' title='bbox 1129 4238 1184 4273; x_wconf 91' lang='lat' dir='ltr'><strong>non</strong></span> <span class='ocrx_word' id='word_1_421' title='bbox 1208 4217 1264 4271; x_wconf 78' lang='lat' dir='ltr'><strong>vult</strong></span> <span class='ocrx_word' id='word_1_422' title='bbox 1292 4218 1397 4273; x_wconf 83' lang='lat' dir='ltr'><strong>censeri</strong></span> 
     </span>
     <span class='ocr_line' id='line_1_43' title="bbox 345 4302 1397 4379; baseline 0.014 -34"><span class='ocrx_word' id='word_1_423' title='bbox 345 4304 471 4367; x_wconf 86' lang='lat' dir='ltr'><strong>tanquam</strong></span> <span class='ocrx_word' id='word_1_424' title='bbox 491 4302 576 4357; x_wconf 89' lang='lat' dir='ltr'><strong>maius</strong></span> <span class='ocrx_word' id='word_1_425' title='bbox 593 4323 670 4377; x_wconf 84' lang='lat' dir='ltr'><strong>opus,</strong></span> <span class='ocrx_word' id='word_1_426' title='bbox 691 4307 764 4379; x_wconf 89' lang='lat' dir='ltr'><strong>quod</strong></span> <span class='ocrx_word' id='word_1_427' title='bbox 782 4308 812 4361; x_wconf 90' lang='lat' dir='ltr'><strong>in</strong></span> <span class='ocrx_word' id='word_1_428' title='bbox 829 4305 933 4363; x_wconf 81' lang='lat' dir='ltr'><strong>tabulae</strong></span> <span class='ocrx_word' id='word_1_429' title='bbox 951 4306 1055 4378; x_wconf 84' lang='lat' dir='ltr'><strong>accepti</strong></span> <span class='ocrx_word' id='word_1_430' title='bbox 1070 4307 1217 4377; x_wconf 81' lang='lat' dir='ltr'><strong>referatur,</strong></span> <span class='ocrx_word' id='word_1_431' title='bbox 1237 4306 1311 4379; x_wconf 84' lang='lat' dir='ltr'><strong>quod</strong></span> <span class='ocrx_word' id='word_1_432' title='bbox 1324 4307 1397 4362; x_wconf 86' lang='lat' dir='ltr'><strong>idem</strong></span> 
     </span>
    </p>
   </div>
   <div class='ocr_carea' id='block_1_3' title="bbox 0 0 1735 5342">
    <p class='ocr_par' dir='ltr' id='par_1_6' title="bbox 0 0 1735 5342">
     <span class='ocr_line' id='line_1_44' title="bbox 0 0 1735 5342; baseline 0 0"><span class='ocrx_word' id='word_1_433' title='bbox 0 0 1735 5342; x_wconf 95' lang='lat' dir='ltr'><strong> </strong></span> 
     </span>
    </p>
   </div>
  </div>
 </body>
</html>
