3450 5342
373 610 447 683 264
702 629 873 703 aragnoxr
902 629 1096 680 srorconurr.

370 805 450 867 liam
476 802 548 883 quis
582 803 699 876 babet;
738 803 878 882 pecunia
920 807 969 866 est
1005 819 1105 883 epm:
1140 802 1240 878 duas3
1282 804 1422 868 maiore:

370 943 499 1023 plures;
523 941 649 1005 maiore
676 941 786 1007 etiam.
837 939 948 1019 Etsi,
976 944 1010 1004 ut
1035 941 1128 1005 aiunt
1153 941 1294 1018 Danao,
1332 942 1422 1022 quin·

371 1078 526 1161 quaginta
553 1079 616 1140 sint
638 1077 742 1152 liliae;
778 1080 827 1140 tot
860 1075 953 1139 dotes
979 1092 1133 1156 magnam
1168 1081 1333 1156 quaerunt
1368 1094 1420 1158 pe

370 1218 511 1281 cuniam.
566 1215 732 1294 Quantum
759 1217 847 1280 enim
874 1217 993 1296 cuique
1019 1232 1103 1296 opus
1130 1219 1196 1293 est,
1229 1214 1274 1280 ad
1308 1215 1344 1278 id
1370 1232 1420 1278 ac-

371 1351 618 1428 commodatur,
648 1355 684 1413 ut
718 1355 793 1416 ante
820 1354 908 1429 dixi,
943 1352 1130 1419 divitiarum
1162 1350 1296 1414 modus.
1362 1348 1419 1427 Qui

370 1485 469 1564 igitur
494 1502 561 1549 non
588 1484 671 1548 filias
697 1487 826 1566 plures,
863 1484 921 1549 sed
947 1485 1203 1548 innumerabiles
1229 1484 1418 1566 cupiditales

371 1622 487 1698 habet,
524 1640 609 1703 quae
637 1624 727 1687 brevi
763 1627 913 1704 tempore
951 1623 1113 1687 maximas
1147 1622 1262 1703 copias
1298 1622 1418 1686 exhau-

371 1757 437 1821 rire
462 1758 607 1838 possint;
643 1759 731 1822 bunc
759 1776 825 1840 quo
851 1760 953 1824 modo
981 1775 1044 1838 ego
1071 1758 1248 1839 appellabo
1283 1757 1417 1833 divitem,

372 1908 473 1973 quum
500 1893 569 1973 ipse
595 1911 692 1973 egere
718 1911 753 1957 se
780 1895 922 1958 sentiat?
975 1894 1069 1958 Multi
1096 1912 1139 1957 ex
1172 1885 1205 1957 te
1240 1894 1417 1968 audierunt,
1458 1908 1460 1917 ⁴

372 2046 474 2109 quum
500 2029 636 2110 diceres,
663 2029 846 2097 neminem
872 2051 949 2096 esse
977 2027 1139 2110 divitem,
1165 2026 1240 2094 nisi
1268 2028 1333 2117 qui
1358 2050 1416 2094 ex-

372 2163 527 2229 ercitum
554 2163 657 2229 alere
685 2176 812 2253 posset
847 2164 925 2230 suis
943 2160 1161 2251 fructibus;
1197 2165 1289 2246 quod
1312 2181 1412 2247 popu-

371 2286 427 2364 lus‘
447 2301 617 2366 Romanus
644 2304 739 2367 tantis
767 2303 978 2383 vectigalibus
1004 2302 1199 2383 iampridem
1222 2304 1282 2367 vix
1309 2305 1414 2384 potest

370 2434 460 2517 Ergo
486 2440 551 2502 boc
577 2441 749 2522 proposito
782 2457 952 2520 nunquam
987 2440 1051 2505 eris
1077 2441 1168 2505 dives
1195 2445 1291 2520 ante,
1325 2456 1413 2522 qnam

370 2575 430 2641 tibi
463 2595 505 2641 ex
537 2579 602 2643 tuis
634 2579 897 2659 possessionibus
931 2584 1057 2643 tantum
1092 2579 1279 2659 reficiatur,
1313 2584 1349 2644 ut
1378 2595 1412 2641 eo

371 2715 456 2778 tueri
480 2732 540 2780 sex
563 2716 709 2797 legiones
736 2720 768 2779 et
792 2733 915 2795 magua
936 2716 1082 2797 equitum
1108 2732 1148 2779 ac
1161 2717 1310 2797 peditum
1327 2717 1411 2784 auxi-

371 2854 416 2918 lia
441 2854 558 2935 possis.
623 2853 694 2917 lam
730 2852 842 2916 fateris
869 2854 982 2932 igitur,
1019 2870 1086 2918 nou
1112 2871 1185 2917 esse
1219 2858 1252 2918 te
1280 2856 1411 2932 divitem,

370 2991 422 3054 oui
448 2992 574 3051 tantum
600 2985 700 3064 desit,
727 2991 763 3049 ut
786 2990 921 3069 expleas
948 2992 998 3069 id,
1033 2991 1122 3072 qnod
1147 2996 1300 3073 exoptas.
1357 2993 1411 3056 lta·

371 3143 434 3208 qne
456 3126 552 3188 islam
577 3128 820 3206 paupertatem,
845 3128 897 3190 vel
922 3129 1030 3207 potius
1058 3132 1237 3208 egestatem
1265 3147 1306 3195 ec
1330 3145 1412 3192 men·

335 3283 358 3328 rr
371 3265 535 3328 dicitatem
565 3268 675 3344 tuam,
714 3283 883 3348 nunquam
918 3266 1059 3330 obscure
1095 3268 1206 3332 tulisti.
1273 3270 1357 3337 Nam
1384 3274 1412 3331 ut

371 3403 410 3466 iis
419 3410 431 3479 ,'
462 3405 517 3483 qui
543 3405 682 3469 honeste
714 3424 784 3470 rem
824 3411 986 3486 quaerunt
1021 3407 1216 3471 mercaturis
1255 3407 1410 3482 faciendis,

371 3541 480 3622 operis
511 3542 645 3619 dandis,
687 3544 827 3625 publicis
861 3545 1048 3624 sumendis,
1089 3545 1304 3627 intelligimus
1338 3561 1409 3629 opus

372 3693 443 3740 esse
468 3682 636 3756 quaesit0;
669 3683 734 3759 sic,
763 3686 818 3763 qni
841 3686 929 3749 videt
956 3685 1047 3749 domi
1072 3689 1149 3749 tuae
1176 3687 1303 3767 pariter
1324 3701 1410 3752 accu-

370 3817 517 3877 satorum
550 3819 647 3895 alque
680 3815 822 3880 indicum
858 3823 1066 3886 consociatos
1099 3839 1234 3904 greges:
1270 3825 1326 3906 qui
1356 3836 1410 3885 no-

370 3956 480 4015 centes
507 3957 540 4013 et
564 3953 763 4032 pecuniosos
799 3975 894 4035 reos,
932 3962 1050 4025 eodem
1084 3964 1116 4024 te
1150 3963 1308 4038 auctore,
1345 3975 1409 4022 cor-

369 4090 530 4169 ruptelam
557 4089 668 4152 iudicii
694 4091 884 4156 molientes:
909 4096 964 4175 qni
986 4099 1058 4159 tuas
1083 4097 1278 4161 mercedum
1295 4097 1411 4179 pactio·

367 4245 425 4290 nes
450 4229 483 4290 in
510 4229 718 4310 patrociniis,
755 4230 1006 4294 intercessiones
1039 4232 1258 4313 pecuniarum
1293 4234 1326 4296 in
1352 4231 1411 4296 coi-

368 4365 510 4428 tionibus
537 4366 804 4445 candidatorum,
841 4370 1047 4436 dimissiones
1081 4372 1278 4440 libertorum
1306 4376 1347 4440 ad
1370 4374 1411 4438 ie-
