3450 5342
418 662 491 736 252
740 682 911 730 mmmm
941 680 1134 730 sromouuu.

417 846 487 898 (iud.
507 844 537 897 ΙΙ.
558 842 703 895 obseruas?
740 841 781 894 Ad
807 842 884 895 verba
904 859 980 912 quom
999 851 1094 891 nuttam
1114 869 1148 879 -
1170 839 1228 893 orbi
1258 840 1334 892 senis
1360 860 1411 892 non
1435 840 1471 892 ot»

415 943 506 986 servat
527 932 618 985 similis
637 949 743 984 morum
764 930 940 1000 perversitatis
958 940 982 982 et
996 928 1390 998 corruptionisesempiaride
1409 949 1468 982 con·

414 1032 484 1091 gesta
504 1021 531 1073 in
551 1018 686 1090 Symbolis
704 1016 738 1070 G.
757 1016 870 1070 Erhardi
891 1017 923 1070 ad
945 1016 1115 1081 Petronium,
1135 1017 1161 1068 in
1182 1016 1295 1087 Sylloge
1317 1019 1427 1069 Annott.
1445 1027 1467 1068 et

338 1106 344 1119 ⁴
414 1110 492 1162 Obss.
511 1108 538 1160 in
558 1108 667 1160 Petron.
686 1105 740 1173 (Ad
761 1105 827 1160 calc.
845 1105 895 1158 Ed.
912 1104 1035 1158 Wechei.
1054 1104 1076 1156 F
1078 1104 1144 1157 rcof.
1163 1107 1244 1158 1621.
1265 1105 1308 1171 8.)
1329 1124 1355 1174 p.
1371 1108 1422 1157 res
1435 1123 1467 1172 sq.

416 1197 443 1247 M
453 1217 473 1249 r.
492 1225 524 1234 -
547 1195 630 1261 „Erat
648 1195 720 1264 apud
738 1194 874 1246 Romanos
886 1206 985 1246 veteres
1004 1203 1223 1246 testamentorum
1243 1192 1363 1245 libertas.
1402 1191 1464 1242 Alie-

417 1304 481 1337 num
500 1283 589 1347 enim,
609 1294 637 1334 ut
656 1281 857 1352 propinquum,
890 1280 1013 1334 heredem
1042 1282 1131 1334 facere
1155 1279 1281 1334 licebat.“
1309 1280 1333 1331 F
1340 1299 1382 1332 rc.
1400 1278 1464 1349 Syi-

416 1374 496 1424 vius.
516 1398 549 1409 -
594 1369 683 1435 Quem
716 1369 748 1421 ad
774 1370 852 1422 verba
884 1371 950 1442 quid
975 1369 1131 1440 iniquitatis
1158 1367 1249 1421 laudat
1277 1368 1419 1420 Ciceronis
1439 1365 1464 1416 de

416 1458 482 1529 Rep.
501 1458 597 1510 Frauc.
622 1456 727 1528 Sylvius
754 1457 842 1510 iocum
871 1476 899 1508 er
920 1456 988 1510 Non.
1012 1454 1158 1508 Marcello:
1189 1455 1317 1505 Iniustas
1337 1452 1466 1505 servitutis

415 1565 500 1614 genus
518 1554 574 1608 est,
599 1563 659 1595 cum
676 1545 706 1595 lu'
723 1555 788 1596 sunt
807 1545 934 1602 atterius,
954 1545 1001 1615 qui
1018 1545 1063 1596 sui
1079 1552 1194 1612 possunt
1212 1560 1271 1593 essa
1291 1571 1329 1580 -
1347 1559 1420 1592 nunc
1436 1549 1465 1589 est

415 1636 448 1686 ‹te
468 1634 533 1703 Rep.
553 1632 596 1696 ΙΙΙ,
616 1635 657 1686 25.
676 1653 701 1702 p·
719 1635 781 1687 389.
800 1631 842 1685 ed.
861 1644 944 1685 nostr.
980 1630 1037 1685 Mr.

486 1721 607 1791 loquitur
627 1720 665 1771 od
682 1720 874 1785 voluntatum]
909 1718 975 1785 „Sic
994 1737 1096 1771 norem.
1135 1717 1183 1768 Ad
1209 1715 1394 1785 voluptatem,
1422 1733 1462 1764 ser.

416 1809 464 1858 Au
477 1809 638 1875 voluptates,
657 1806 719 1859 duo.
752 1808 799 1857 Aa
816 1807 979 1869 voluntates,
997 1807 1092 1858 unus.“
1114 1803 1185 1855 Ald.
1208 1805 1295 1856 Man.
1335 1801 1461 1872 Quosdam

416 1895 497 1948 libros
514 1894 612 1947 habere
630 1895 669 1945 ad
687 1895 852 1962 voluptatem
871 1907 982 1958 monent
1001 1894 1079 1948 etiam
1090 1892 1182 1944 Lamb.
1205 1903 1231 1945 et
1249 1890 1460 1961 Sylb.Posterior

415 1982 489 2034 addit
519 1981 765 2050 interpretationem
791 1981 922 2035 Graecam
956 1982 1167 2050 χαριτογλωσσεῖ.
1195 1983 1269 2050 Xyst.
1297 1979 1386 2033 Betui.
1409 1975 1459 2047 spis

293 2080 306 2097 ⁸
413 2066 490 2140 χάριν
507 2070 599 2134 λέγειν,
618 2071 810 2138 χρηστολογεῖν.
847 2069 876 2120 Μ
886 2089 907 2122 r.

487 2158 608 2229 loquitur
626 2159 664 2207 ad
684 2159 877 2224 voluntatem‚]
905 2154 972 2208 Cot.
990 2154 1068 2207 Drsd.
1088 2159 1113 2209 5.
1133 2155 1184 2206 ati
1190 2156 1252 2226 qui
1259 2174 1272 2205 s
1291 2156 1346 2226 loq.
1370 2155 1407 2205 od
1423 2171 1458 2203 vo-

415 2247 556 2296 luntatem.
594 2244 671 2296 Drsd.
691 2247 715 2296 1.
737 2247 762 2297 3.
785 2244 836 2314 loq.
856 2243 985 2292 adeius
1005 2243 1187 2303 voluntatum
1221 2240 1332 2293 Suerin.
1351 2241 1458 2310 quuitur

417 2333 515 2383 alius
540 2333 577 2382 od
602 2331 775 2384 voluntatem.
822 2329 988 2382 Bern.·Bas.
1009 2328 1080 2381 Gud.
1099 2329 1131 2381 A.
1160 2328 1190 2381 B.
1216 2348 1279 2381 cum
1307 2328 1371 2382 Orx.
1392 2327 1421 2378 N.
1436 2345 1455 2378 o.

415 2419 466 2489 loq.
486 2419 525 2468 od
540 2419 781 2486 voluptatem,
799 2420 833 2471 de
852 2438 904 2489 qua
924 2417 1096 2482 confusione,
1117 2435 1185 2486 quae
1204 2418 1286 2468 etiam
1314 2417 1400 2469 locum
1418 2412 1455 2464 tu-

416 2507 460 2558 bet
478 2508 510 2558 de
527 2506 594 2576 Rep.
613 2507 632 2572 Ι,
653 2511 677 2558 2.
698 2528 723 2577 p.
743 2511 786 2562 13.
803 2507 843 2560 ed.
863 2518 959 2571 nostr..
984 2507 1036 2557 iam
1055 2523 1134 2575 supra
1155 2504 1321 2556 monuimus.
1357 2503 1412 2554 Mr.

486 2595 615 2665 quicquid
634 2595 822 2644 ‹hrrurrtiatum
840 2606 897 2657 est,
910 2594 1014 2664 sorit:]
1042 2592 1207 2643 Nuntiatum
1227 2591 1329 2643 habent
1350 2589 1421 2642 Drsd.
1437 2592 1456 2640 5.

416 2681 475 2732 Bas.
493 2679 560 2733 Edd.
577 2679 651 2733 Man.
671 2683 750 2734 1555.
768 2692 794 2735 et
812 2681 875 2734 ΑΙιΙ.
893 2685 979 2744 1552,
1013 2679 1074 2731 inde
1095 2677 1171 2748 Sytb.
1198 2679 1271 2731 uude
1303 2679 1382 2731 habet
1406 2675 1453 2728 Md.

416 2767 489 2819 Man.
512 2768 539 2818 in
565 2767 689 2820 lemmate
712 2769 910 2831 annotationis,
938 2787 989 2837 qua
1016 2777 1118 2832 monet,
1153 2767 1347 2818 denuntiatum
1374 2767 1455 2818 habere

415 2875 476 2908 suos
494 2873 595 2908 omnes.
633 2855 710 2908 Unus
728 2855 799 2907 Gud.
818 2855 850 2907 Α.
870 2855 973 2908 exbibet
992 2854 1213 2924 denuntiandum.
1252 2853 1364 2905 Correxi
1382 2863 1455 2903 auten

415 2955 455 2993 est
476 2946 578 3013 prosit
596 2941 682 3012 (quod
703 2941 782 3011 plane
801 2943 927 2995 omissum
947 2944 1029 2996 estin
1049 2939 1116 2994 Cod.
1135 2939 1193 2992 Cra.
1204 2941 1244 3009 1.)
1264 2961 1294 2992 ex
1315 2961 1374 2992 vera
1393 2936 1456 2990 Mad·

416 3031 476 3098 vigii
509 3028 753 3093 animadversione,
784 3029 830 3100 qui
862 3031 895 3082 ad
922 3029 977 3083 Cic.
1005 3030 1038 3081 de
1066 3024 1146 3080 Finn'.
1165 3027 1207 3090 ΙΙΙ,
1228 3032 1272 3091 11,
1294 3032 1338 3081 58.
1369 3027 1456 3097 ρ.118.

417 3114 602 3184 ,‚Saepissime,
619 3115 715 3186 inquit,
733 3115 834 3169 librarii
853 3117 933 3170 etiam
953 3119 979 3169 in
1002 3116 1118 3187 antiquis
1128 3115 1276 3169 Codicibus
1297 3137 1328 3168 ex
1342 3118 1455 3184 scriptura

416 3211 452 3250 ’st
470 3202 535 3271 (pro
553 3208 608 3269 est)
628 3203 778 3256 effecerunt
795 3206 844 3269 sit,
868 3205 943 3257 ouius
970 3205 1075 3274 generis
1094 3203 1191 3256 menda
1210 3203 1291 3256 etiam
1319 3221 1391 3255 nunc
1413 3216 1455 3250 non

417 3307 500 3358 pauca
519 3288 634 3342 tollenda
653 3302 714 3343 sunt
733 3292 759 3343 in
780 3291 918 3346 Ciceronis
936 3291 1040 3362 scriptis
1058 3291 1202 3344 certissima
1223 3292 1356 3345 orationis
1372 3287 1455 3358 regulo

415 3376 486 3429 velut
504 3405 538 3415 -
559 3409 591 3416 —
610 3378 704 3431 Parad.
718 3380 751 3443 V,
770 3383 828 3434 3113
844 3371 978 3450 quidquid
988 3380 1178 3430 denuntiatum
1196 3379 1261 3444 sit,
1277 3380 1381 3449 fucit.“
1409 3373 1455 3425 Vid.

416 3460 595 3533 Conspectum
614 3465 742 3535 Orthogr.
763 3466 829 3518 Cod.
849 3465 935 3519 Vatic.
953 3465 1098 3534 (librorum
1118 3465 1151 3518 de
1171 3466 1237 3536 Rep.
1257 3485 1283 3538 p.
1305 3470 1366 3521 623.
1383 3466 1407 3517 b.
1424 3460 1455 3512 ed·

416 3561 496 3602 nostr.
516 3552 581 3622 ibiq.
598 3552 687 3606 taudd.
709 3553 753 3605 ubi
783 3556 888 3625 corrige
914 3554 1039 3626 paginam
1066 3553 1186 3606 laudatae
1212 3553 1263 3605 Ed.
1289 3553 1376 3606 Beieri
1393 3551 1455 3603 Orat·

416 3634 473 3686 Cic.
495 3657 543 3707 pro
562 3638 665 3692 Scauro
686 3659 712 3709 p.
725 3643 787 3694 166.
804 3645 868 3712 (pro
883 3642 965 3708 100.).
985 3641 1043 3694 Mr.
1080 3642 1302 3711 „Denuntiatum
1323 3643 1399 3695 habet
1415 3637 1454 3687 tim

416 3721 590 3789 singularem:
619 3737 658 3778 est
687 3727 759 3778 enim
784 3729 858 3798 quasi
888 3732 1039 3785 nuntiatum
1066 3749 1081 3781 a
1109 3729 1251 3799 superiore
1274 3728 1409 3793 inferiori,
1434 3733 1456 3775 ut

418 3806 581 3871 ⁰¹³⁰d³¹¹¹¹¹¹o
600 3809 788 3879 imperatum-‘⁶
808 3813 845 3864 W
852 3826 910 3884 ytt.
946 3816 1099 3888 Imperandi
1114 3816 1276 3886 significatio
1286 3817 1315 3870 in
1335 3816 1410 3869 verbo
1420 3812 1454 3861 de·

416 3895 563 3945 nuntiundi
580 3895 657 3963 inest,
675 3899 887 3973 quotiescunque
906 3904 943 3956 vel
963 3916 994 3957 ut
1014 3905 1134 3974 sequitur
1153 3904 1192 3956 vet
1209 3903 1455 3960 Coniunctivussine

418 3982 630 4043 coniunctione,
665 3987 741 4040 cuius
776 4008 839 4044 usus
866 3993 983 4064 exempla
1011 3991 1048 4043 vet
1078 3991 1170 4044 Lexica
1200 3995 1386 4064 suppeditant:
1418 3984 1454 4038 tid·

416 4068 531 4124 Schiitrii
549 4071 609 4125 Lex.
628 4071 752 4128 Cioeron.
770 4077 803 4131 T.
820 4078 853 4134 ΙΙ.
872 4080 903 4131 Ρ.
922 4079 952 4131 ΙΙ.
973 4100 997 4148 p.
1018 4082 1062 4132 56.
1096 4077 1155 4129 Mn

489 4163 653 4228 assectatur]
687 4163 766 4228 ‚‚MS.
784 4170 970 4221 assentatur.“
989 4166 1108 4219 Graev.
1138 4165 1228 4222 Cotd.
1261 4167 1329 4222 On.
1350 4168 1379 4220 E.
1399 4165 1415 4218 Ι.
1431 4158 1455 4211 U·

418 4264 441 4310 η.
461 4265 488 4306 ψ.
509 4251 566 4300 Crr..
587 4251 610 4301 1.
630 4255 655 4304 3.
682 4251 744 4305 Esc.
764 4253 831 4324 Eyb.
860 4255 909 4308 Ed.
934 4275 976 4325 ap.
1006 4254 1090 4306 Meus.
1117 4253 1186 4307 Edd.
1214 4276 1273 4325 prc.
1294 4261 1373 4310 1165.
1399 4257 1454 4304 Crat.

418 4333 508 4402 Magn.
529 4338 602 4393 Man.
622 4338 700 4392 ttdtb.
721 4342 785 4411 Arg.
805 4354 830 4395 et
849 4354 954 4396 nostrae
974 4344 1029 4395 sere
1049 4357 1158 4407 omnes,
1177 4345 1300 4414 exceptis
1319 4347 1386 4398 Vict.
1403 4338 1455 4393 nob.

419 4419 509 4489 Stepb.
530 4429 664 4478 Cameror.
684 4426 783 4481 Sturm.
802 4443 827 4484 et
846 4433 942 4487 Colon.
961 4432 1058 4485 habent
1081 4427 1148 4480 ittud
1168 4444 1351 4501 assentatur,
1378 4448 1455 4504 perpe·
