3450 5342
337 649 388 722 98
664 667 836 715 rtnunoxu
864 666 1058 716 stoiconuu.

338 835 419 889 ieium
438 828 612 902 repudiavisee
638 847 737 881 nomen
758 828 886 893 Antonii,
916 827 942 880 id
968 845 1022 898 quo
1049 826 1130 879 modo
1156 826 1262 880 lectum
1291 829 1338 898 sit,
1365 853 1388 886 er

334 940 431 977 eorum
451 916 669 973 annotationibus
687 927 812 987 apparet,
831 935 898 987 quas
918 913 1091 968 exhibuimus.
1110 913 1170 966 Mr.

409 1019 528 1080 quantos
547 1007 617 1058 viret
635 1005 726 1057 virtue
746 1003 872 1071 hebeat]
892 1003 960 1056 cod.
980 1001 1040 1054 Cre·
1059 1007 1085 1056 2.
1103 1003 1209 1056 intereo
1230 1005 1330 1059 ordine
1346 1008 1387 1059 lm-

337 1099 397 1149 beat
418 1099 523 1154 virtue,¹
542 1092 615 1146 Gne.
634 1093 666 1146 A.
684 1102 804 1164 quantoe
823 1090 923 1142 tabeat
945 1090 1033 1142 virtue
1053 1091 1131 1143 uiree.
1166 1088 1265 1162 Pergit
1284 1091 1385 1148 Drrli.

336 1190 386 1252 ita,
406 1196 435 1239 ut
453 1184 560 1239 tertium
579 1192 681 1252 repetat
698 1181 809 1233 verbum
825 1180 925 1232 neeeie:
951 1179 1024 1249 quod
1044 1188 1131 1231 nemo'
1151 1179 1289 1248 probabit.
1326 1181 1384 1234 Tun

336 1275 408 1328 Gud.
427 1275 460 1326 A.
478 1271 575 1325 omittit
592 1280 701 1323 tantum
711 1289 721 1329 ,·
740 1268 797 1321 eius
816 1267 877 1320 loc'o
896 1265 994 1320 hebent
1011 1276 1102 1318 tamen
1121 1265 1210 1320 codd.
1232 1267 1300 1322 011.
1317 1269 1385 1330 Dm,

336 1369 362 1416 2.
381 1384 406 1431 η.
424 1379 453 1422 ψ.
471 1358 531 1412 Cre.
542 1361 568 1411 1.
587 1363 620 1423 2;
639 1356 684 1408 sed
703 1355 730 1408 in
750 1355 810 1410 Cre.
822 1359 847 1408 1.
867 1374 948 1427 eupre
966 1354 1013 1408 tin.
1034 1366 1185 1408 correctum
1205 1368 1259 1420 est;
1278 1356 1355 1410 Dred.
1363 1359 1383 1409 1.

336 1467 429 1502 nomen
448 1447 560 1500 virtutis
578 1455 717 1496 tantum
735 1461 845 1516 ueque
866 1443 1045 1512 usurpetie,·
1069 1441 1147 1495 Drsd.
1164 1446 1190 1497 3.
1217 1463 1312 1497 nomen
1329 1454 1382 1494 ton-

338 1548 396 1589 tum
416 1553 525 1605 usque
543 1551 670 1601 usurpas.
717 1531 768 1585 Ox.
788 1532 819 1584 E.
843 1549 996 1601 usurparem
1026 1529 1074 1582 Ed.
1098 1531 1159 1583 Per.
1188 1550 1209 1583 s.
1229 1550 1255 1585 a.
1283 1531 1383 1583 virtutis

337 1635 455 1688 tontum,
476 1620 534 1674 Cre.
550 1625 575 1673 1.
595 1620 661 1692 quid
682 1620 804 1671 valeat
823 1619 917 1687 ipea‚·
938 1616 1017 1672 Dred.
1028 1621 1053 1671 4.
1072 1617 1204 1688 ignorati
1211 1637 1234 1670 e.
1261 1616 1302 1670 Ad
1316 1617 1381 1670 verbe

338 1713 443 1766 confert
460 1710 542 1782 Borg.
562 1707 618 1762 Cic.
638 1728 687 1779 pro
706 1706 773 1761 Sest.
790 1710 839 1760 28:
858 1706 955 1777 Ignari
972 1733 1008 1744 -
1027 1705 1094 1776 quid
1112 1734 1146 1745 -
1165 1705 1255 1756 virtus
1275 1705 1380 1760 voleret,¹

336 1814 365 1865 in
385 1801 474 1853 Pison.
495 1802 544 1853 3²:
564 1795 644 1847 trahet
664 1797 712 1846 lmc
732 1796 836 1857 virtue,
853 1813 942 1866 quam,
954 1805 985 1846 tu
1004 1812 1037 1845 ne
1055 1794 1086 1845 de
1098 1793 1177 1864 facie
1195 1792 1302 1864 quidem
1314 1792 1381 1845 nosti.

337 1888 413 1942 Adde
443 1887 534 1939 Horat.
557 1884 607 1954 Ep.
629 1883 647 1947 l,
668 1885 693 1946 6,
713 1885 746 1936 tt
766 1901 821 1952 sq.=
863 1881 998 1933 Virtutem
1023 1879 1103 1933 verba
1124 1890 1225 1950 putas,
1253 1892 1280 1930 et
1305 1881 1382 1931 lucum

337 1980 428 2048 ligno:
457 1975 488 2026 ad
509 1990 590 2042 quem
618 1971 710 2022 locum
735 1967 855 2021 Orelliue
879 1967 969 2022 laudat
994 1968 1087 2022 ultima
1111 1968 1188 2023 Bruti
1216 1969 1297 2023 verbe
1319 1966 1380 2040 apud

338 2063 455 2116 Dionem
475 2058 546 2110 Cass.
554 2061 599 2121 47,
616 2059 661 2111 4⁹:
684 2045 703 2107 ei
721 2058 820 2123 τλῆμον
838 2049 929 2124 riperti,
947 2053 1023 2121 liros-
1041 2053 1083 2126 ἄρ’
1102 2044 1179 2125 ἧσθ’·
1196 2055 1247 2124 lyei
1266 2059 1296 2110 tt
1314 2051 1380 2112 nteit

337 2151 410 2218 l'pyou
429 2144 535 2216 ἤσκουν·
556 2142 588 2197 mi
607 2141 633 2196 δ’
650 2145 780 2202 ἐδούλευες
800 2140 878 2213 τύχῃ.
914 2143 974 2197 Mr.

410 2236 492 2285 Nemo
509 2242 598 2301 poteet
616 2252 668 2283 non
688 2231 857 2283 beatissimus
873 2232 948 2298 eren]
967 2230 1072 2285 Habent
1091 2230 1186 2284 beatus
1198 2230 1287 2287 Codd.
1302 2230 1379 2285 Crnt.

337 2319 416 2372 Dred.
436 2325 460 2372 2.
480 2323 504 2373 5.
536 2317 641 2370 Suerin.
666 2329 692 2370 et
718 2317 797 2383 0¹1„
830 2329 941 2389 excepto
964 2317 1013 2384 N.‚
1041 2338 1141 2373 omnes.
1186 2319 1290 2372 Vocem
1317 2329 1380 2369 totus

337 2409 463 2462 omittunt
481 2404 568 2458 Codd.
595 2407 652 2457 Cre.
672 2411 697 2460 2.
715 2405 787 2459 Gud.
806 2405 838 2460 Α.
887 2405 1022 2460 scribitur
1045 2418 1128 2475 optus
1146 2417 1224 2459 totus
1250 2408 1278 2460 in
1295 2404 1380 2458 Drenl.

337 2502 362 2552 t.
379 2501 410 2560 43
430 2495 457 2548 in
477 2493 527 2547 Or.
546 2492 577 2547 E.
598 2505 695 2563 captur
714 2506 797 2547 tutuo.
834 2493 884 2547 01.
900 2493 935 2546 U.
954 2514 996 2555 re,
1014 2514 1065 2567 pro
1083 2513 1146 2547 rere.
1184 2493 1228 2546 Ad
1247 2493 1312 2548 haec
1328 2493 1379 2546 Fre.

337 2584 424 2656 Sylv.:
442 2583 555 2652 „Aptue
572 2580 590 2634 i.
599 2598 623 2636 e.
635 2580 775 2652 colligatus
794 2592 820 2634 et
836 2581 963 2653 prudens.
999 2582 1169 2651 Apereenim
1188 2602 1240 2654 pro
1259 2603 1300 2648 eo,
1318 2581 1378 2654 quod

337 2683 375 2726 est
394 2669 520 2740 colligare
538 2679 564 2722 et
578 2667 807 2741 comprehendere
826 2680 926 2723 veteres
944 2669 1075 2723 dixerunt.
1119 2673 1162 2720 Ex
1181 2691 1254 2736 eene,
1284 2672 1302 2724 i.
1319 2691 1340 2723 e.
1356 2688 1378 2720 er

337 2760 427 2815 enimn
446 2760 522 2811 suo.“
541 2787 575 2798 -
611 2756 680 2823 „Est
696 2756 748 2810 hoc
773 2755 870 2809 scitum
889 2756 1041 2810 Stoicorum
1067 2756 1249 2811 tritissimum:
1279 2758 1379 2828 Sapien-

337 2851 374 2901 tis
386 2847 553 2918 felicitatem
569 2844 683 2913 pendere
701 2843 736 2893 ult
753 2844 825 2912 ipso,
851 2862 904 2895 non
929 2863 947 2894 a
973 2844 1051 2897 rebus
1070 2846 1188 2897 externis
1215 2856 1243 2896 et
1256 2844 1378 2916 fortuitu,

337 2952 448 3004 eumque
465 2933 494 2982 in
512 2950 540 2983 se
559 2931 648 2982 omnia
672 2931 763 2999 posita
781 2930 887 2984 tabere.
931 2931 968 2982 M.
992 2932 1120 2985 Antonin.
1140 2932 1187 2986 lib.
1203 2932 1244 2985 ll:
1267 2945 1321 2990 τοῖς
1341 2935 1377 2993 μὶν

338 3019 401 3072 καθ’
426 3015 554 3085 ἀλήθειαν
588 3030 676 3074 κακοῖς
704 3015 747 3068 i'eu
771 3013 807 3085 μή
825 3016 1001 3090 nepenlnrpti
1027 3018 1182 3090 ἄνθρωπος’,
1210 3017 1250 3075 ἐπ’
1274 3015 1377 3088 nrirpiri

337 3109 389 3158 πᾶν
407 3107 498 3156 i'tteero
516 3103 550 3172 [oi
568 3109 634 3156 θεοί.
689 3105 775 3158 Locus
791 3117 827 3158 est
855 3104 880 3176 §
898 3111 942 3161 11.
967 3107 1017 3161 Ed.
1037 3108 1125 3179 Glesg.
1147 3128 1173 3179 p.
1192 3111 1257 3175 tet.
1308 3105 1377 3176 Quod

338 3211 393 3247 non
412 3191 462 3245 boc
483 3201 587 3243 tautum
609 3190 668 3259 ioco
686 3189 782 3247 Cicero
800 3195 943 3266 praecipit,
959 3197 1004 3249 sed
1023 3208 1049 3249 et
1067 3197 1095 3249 in
1113 3197 1267 3251 Tusculana
1287 3199 1318 3250 V.
1331 3197 1376 3262 [tt

337 3281 398 3347 362]
419 3279 468 3329 Cui
480 3278 538 3329 viro
556 3295 593 3328 ex
611 3297 646 3330 ee
664 3279 674 3328 i
678 3298 740 3348 pro
760 3291 827 3350 opta
839 3293 903 3334 sunt
915 3284 1010 3347 omnio,
1028 3300 1098 3354 quae
1112 3283 1149 3332 od
1161 3282 1238 3334 beate
1250 3282 1376 3336 vivendum

332 3371 446 3440 ferunt,
474 3385 521 3418 nec
539 3385 670 3436 stirpense
695 3368 810 3421 oliorum
828 3381 881 3421 out
909 3370 974 3423 bono
1000 3388 1066 3422 coru
1092 3382 1142 3422 aut
1169 3371 1305 3422 contrario
1321 3386 1376 3438 pen·

338 3456 398 3506 dere
416 3472 448 3504 ex
467 3452 581 3504 alteriue
605 3455 708 3508 eventis
733 3466 760 3506 et
778 3475 870 3509 errore
897 3468 1044 3528 coguntur,
1069 3459 1134 3509 lruie·
1162 3460 1262 3528 optime
1286 3454 1376 3509 viventii

336 3542 408 3594 ratio
427 3550 585 3609 comparata
602 3552 660 3594 cete
682 3570 717 3582 ·-
735 3571 770 3583 —
795 3545 869 3614 quod
895 3562 995 3613 semper
1021 3546 1048 3596 in
1072 3564 1100 3596 se
1117 3546 1176 3614 ipso
1201 3565 1301 3598 omnem
1317 3560 1375 3613 spem

337 3638 445 3698 reponet
462 3631 516 3681 eui.
552 3627 587 3680 Et
605 3639 675 3694 ante,
692 3629 720 3682 in
740 3629 833 3682 eodem
846 3630 916 3684 libro
931 3632 976 3698 [V‚
990 3633 1059 3698 1⁰.]:
1080 3632 1237 3686 Clarissima
1249 3653 1308 3685 voce
1323 3649 1376 3700 pro-

332 3717 412 3783 fiteri
431 3715 619 3786 (sapientem),
636 3736 664 3768 se
682 3736 767 3788 neque
779 3719 915 3788 furtunae
934 3723 1043 3789 impetu,
1063 3741 1108 3772 nec
1128 3722 1311 3773 multitudinis
1328 3719 1376 3788 opi·

337 3804 428 3862 nione,
446 3821 493 3853 nee
511 3802 615 3866 dolore,
640 3822 724 3874 neque
742 3817 908 3875 paupertate
927 3811 1022 3860 terreri
1039 3810 1180 3881 omniaque
1207 3809 1261 3862 sibi
1282 3809 1309 3859 in
1330 3822 1376 3859 tere

336 3906 392 3940 erse
406 3889 513 3957 positu,
528 3908 613 3960 neque
631 3909 686 3943 eree
709 3892 851 3964 quicquum
869 3905 948 3947 extra
965 3915 1042 3948 suom
1057 3907 1232 3966 potestatem,
1250 3897 1320 3970 quod
1335 3894 1376 3944 tlu-

338 3986 402 4028 cant
420 3976 448 4027 in
466 3975 548 4029 bonis.
587 3977 659 4031 idem
678 3978 724 4033 tib.
741 3981 775 4035 V.
795 3983 828 4035 ad
846 3983 950 4037 Fomm.
970 3987 1019 4038 13:
1047 3987 1135 4054 Quom
1156 3985 1265 4037 leudem
1283 3983 1375 4053 eapien-

336 4066 392 4116 tioe
408 4073 503 4117 etotuo
520 4082 577 4117 esee
600 4067 759 4136 maximam,
783 4091 836 4124 non
861 4073 971 4125 aliunde
991 4073 1121 4141 pendere,
1147 4092 1195 4124 nee
1223 4073 1376 4125 extrinrerut

336 4161 387 4221 out
405 4150 467 4202 bene
484 4161 535 4219 out
554 4153 624 4206 mole
641 4156 744 4208 vivendi
762 4161 880 4212 rationes
896 4177 1041 4228 suspensas
1059 4159 1165 4212 habere.
1202 4161 1272 4214 Vide
1283 4170 1308 4213 et
1315 4157 1355 4210 lib.
1363 4152 1377 4206 l·

335 4256 378 4307 ep.
397 4242 423 4290 δ’.
460 4236 573 4311 Epicteti
598 4240 773 4305 Enthiridiou
793 4249 818 4312 l,
839 4251 864 4312 2,
889 4249 933 4302 3.“
959 4246 1077 4302 Greev.
1126 4251 1242 4318 „Aptue
1270 4267 1301 4300 ex
1326 4260 1377 4304 rese·

337 4325 355 4376 i.
375 4344 397 4376 e.
414 4344 428 4375 a
448 4326 698 4403 eeipnopendene.
746 4333 793 4386 Est
811 4334 884 4386 enim
903 4345 986 4403 aptus
1005 4347 1033 4389 ut
1053 4332 1150 4401 ἁπτδς,
1177 4336 1328 4407 alligetur,⁸
1352 4347 1377 4381 tt

335 4427 404 4474 ⁸⁸³⁶,
431 4412 448 4467 i·
467 4433 489 4467 e·
507 4434 562 4471 nou
581 4416 697 4475 rttnnde.
755 4421 834 4475 Hunc
861 4434 950 4477 eutem
977 4423 1066 4477 locum
1092 4421 1190 4478 Cicero
1210 4420 1333 4494 expressit
1355 4434 1378 4467 e¹
