3450 5342
654 690 851 740 ruuuoxon
873 690 916 736 1v.
946 689 1015 736 one.
1036 690 1057 734 1.
1310 664 1381 739 185

405 855 502 927 quibus
519 872 586 924 resp.
598 853 701 905 inuicte
717 851 796 917 stat,]
815 849 904 915 „Ven
921 849 1015 920 [quam
1034 848 1146 902 eandem
1162 868 1216 902 esse
1236 869 1296 904 cum
1314 853 1384 908 Vict.

332 945 369 996 ait
386 943 448 1010 On]
467 943 537 994 Meis
556 941 636 998 curii,
655 939 765 1011 vigiliis,
783 936 910 1002 consiliis,
927 947 1002 989 sture
1017 948 1043 989 te
1060 936 1221 990 invitissimo
1238 956 1318 1006 remp.
1337 940 1385 993 Le.

333 1031 402 1083 banc
421 1030 527 1082 laudern
546 1037 714 1083 conservatae
734 1046 749 1079 a
767 1044 811 1078 me
828 1025 905 1096 Reip.
926 1053 959 1064 ·-
1007 1024 1086 1092 Quae
1112 1035 1142 1078 ut
1168 1044 1223 1078 nou
1250 1024 1384 1096 improbo,

333 1119 369 1170 ita
397 1137 452 1170 non
480 1117 564 1170 ausim
590 1115 726 1169 affirmare
751 1132 802 1185 pro
827 1112 879 1167 illis
911 1113 1067 1184 reponenda
1096 1115 1180 1167 esse.“
1213 1115 1384 1167 Camerar.

334 1205 438 1275 Quibus
465 1223 533 1274 resp.
558 1214 587 1255 te
612 1203 773 1256 invitissimo
798 1211 872 1253 stat:
905 1199 952 1254 Est
974 1200 1113 1267 Lambini,
1137 1201 1181 1254 sed
1209 1212 1305 1255 mutuo
1330 1202 1386 1254 fere

334 1303 473 1363 sumptum
492 1311 506 1344 a
529 1290 699 1356 Victoriana,
727 1309 797 1360 quae
814 1287 882 1340 mire
906 1299 995 1341 tamen
1015 1288 1114 1343 dicedit
1132 1309 1147 1342 a
1164 1286 1284 1360 vulgatis.
1321 1289 1387 1343 Pall.

335 1380 432 1433 borum
450 1378 646 1432 nihilomnino
665 1378 778 1442 bebent3
806 1395 956 1448 expressere
981 1378 1053 1431 enim
1072 1378 1143 1431 sere:
1172 1377 1293 1447 vigilias,
1325 1396 1388 1429 con-

335 1467 398 1517 silia
413 1468 442 1518 in
455 1484 552 1536 remp.‚·
570 1468 595 1518 si
612 1467 694 1517 liuius
705 1476 754 1519 etc
772 1463 909 1536 quomodo
921 1463 977 1517 sere
988 1463 1016 1518 iu
1031 1465 1148 1518 editione
1162 1464 1262 1536 prima:
1282 1484 1387 1536 nempe,

335 1555 445 1606 consilia
463 1555 488 1606 si
507 1573 588 1623 remp.
605 1553 630 1605 si
648 1553 738 1606 liuius.
783 1550 943 1604 Gulielmius
965 1552 1099 1623 prompsit
1121 1571 1150 1605 en
1176 1551 1275 1605 Metelli
1302 1550 1388 1605 libro:

334 1640 452 1692 simodo
469 1641 580 1692 invente
606 1641 636 1691 in
653 1659 724 1708 rep„
751 1640 840 1705 unde,
867 1640 888 1692 si
912 1639 993 1706 ausit,
1019 1639 1106 1693 libens
1131 1639 1223 1692 fecerit
1251 1641 1275 1692 si
1293 1659 1386 1692 monu-

335 1738 425 1778 menta
436 1728 464 1779 in
475 1746 530 1796 rep.
556 1727 659 1779 Verum
670 1726 815 1796 desperatis
833 1726 922 1797 potius
934 1727 1141 1780 abstineamust‘
1159 1725 1253 1780 Grut.
1280 1727 1389 1793 „Mem-

334 1817 436 1868 branae
463 1825 567 1879 tamen,
593 1812 715 1865 laudatae
740 1813 823 1885 patri,
860 1813 959 1868 babent
984 1825 1014 1867 ut
1041 1813 1184 1867 Victorius.
1236 1813 1265 1866 ln
1291 1815 1388 1885 quibus

335 1913 408 1956 certe
428 1920 483 1953 non
502 1899 631 1953 sententia
650 1898 746 1966 modo,
771 1899 816 1953 sed
841 1901 971 1960 sententia
996 1899 1108 1968 melior,
1127 1920 1207 1973 quam
1234 1902 1261 1955 in
1280 1902 1390 1955 Lambi-

335 1991 419 2042 niano
438 1988 488 2041 isto
506 1997 559 2055 est,
576 1987 670 2058 utique
689 1989 785 2059 digna,
810 2008 879 2060 quae
898 1990 931 2042 ab
956 1988 1006 2043 bac
1024 1988 1178 2042 varietatum
1197 1991 1225 2042 in
1246 1990 1388 2044 scribendo

337 2077 463 2147 congerie
481 2076 638 2147 neutiquam
656 2085 790 2128 mereatur
807 2077 926 2128 abesse.“
947 2075 1096 2129 Gronov.
1134 2077 1291 2144 [Probarem
1311 2078 1388 2149 equi-

336 2163 399 2216 dem
417 2162 732 2233 Gronoriisententiam,
756 2162 777 2215 si
795 2162 924 2234 scriptum
952 2174 1019 2216 esset
1042 2165 1125 2216 animi
1149 2166 1200 2216 mei
1216 2167 1387 2218 conscien-

337 2252 425 2302 tiam
442 2251 508 2319 (uec
525 2270 587 2304 vero
606 2250 795 2317 constentia)].
843 2249 944 2315 „Liber
966 2249 1034 2303 Pitb.
1053 2252 1171 2304 consilia
1200 2253 1225 2305 si
1249 2257 1289 2305 mi
1314 2257 1343 2306 ri
1360 2257 1389 2324 pi.

338 2339 414 2392 Alius
431 2339 514 2393 eiusd.
536 2340 647 2392 consilia
670 2339 699 2390 in
716 2356 797 2407 remp.
825 2336 874 2390 Ed.
904 2337 1030 2410 Grypltii:
1056 2340 1168 2392 consilia
1198 2340 1295 2412 quibus
1321 2361 1389 2411 resp.

339 2427 443 2478 invicta
461 2437 529 2481 stat.
577 2427 723 2497 Receptam
748 2437 836 2477 tamen
855 2444 870 2477 a
889 2423 1008 2478 Grutero
1027 2425 1169 2480 lectionem
1188 2428 1253 2480 olim
1271 2427 1387 2498 bangius

338 2533 448 2586 quoque
472 2516 500 2566 in
524 2533 570 2567 sua
597 2525 670 2567 tenet
688 2514 804 2567 editione
832 2514 1071 2568 emendatissima.“
1095 2514 1214 2569 Graev.
1263 2514 1389 2569 Ernestus

337 2604 395 2672 ipse
414 2601 448 2653 ad
464 2601 488 2653 b.
509 2602 525 2653 l.
544 2600 609 2653 nibil
628 2602 779 2655 annotavit:
805 2601 927 2655 addimus
946 2615 1035 2656 tamen
1055 2621 1084 2655 ex
1101 2602 1157 2655 eius
1175 2602 1224 2655 Ed.
1244 2612 1270 2655 et
1289 2601 1390 2656 Gernb.

335 2687 468 2741 lectiones
486 2688 571 2742 Codd.
590 2688 654 2742 Oxx.
698 2688 734 2742 Et
751 2687 830 2742 babet
846 2688 881 2742 U.
906 2692 1018 2742 consilia
1035 2691 1065 2742 in
1082 2709 1177 2758 remp„
1205 2691 1233 2742 in
1253 2690 1346 2744 eodem
1366 2702 1391 2744 et

339 2777 372 2830 E.
390 2775 424 2830 N.
444 2775 539 2830 desunt
565 2777 644 2829 verba
664 2776 761 2848 quibus
780 2805 815 2817 —
834 2787 909 2844 stat,
934 2797 1050 2849 quorum
1076 2777 1138 2831 loco
1165 2779 1193 2831 in
1223 2777 1241 2830 l.
1261 2789 1287 2831 et
1306 2795 1334 2839 ψ.
1354 2788 1391 2831 est

339 2885 400 2918 uum
418 2866 481 2917 meis
500 2866 572 2916 curis
590 2865 744 2936 vigiliisque
761 2883 831 2934 resp.
849 2866 953 2918 inuicta
972 2876 1038 2919 stat.
1088 2866 1159 2918 Tum
1178 2864 1208 2918 E.
1234 2866 1264 2917 si
1281 2866 1390 2928 cuius,

339 2953 361 3005 l.
378 2952 495 3005 simodo
513 2972 593 3022 remp.
611 2953 636 3005 si
651 2952 704 3004 ius.
741 2950 773 3004 N.
792 2953 817 3004 si
834 2953 911 3004 modo
930 2971 1010 3023 remp.
1030 2955 1055 3006 si
1071 2955 1133 3007 biis.
1169 2953 1199 3006 E.
1219 2954 1323 3005 externi
1338 2963 1390 3025 ‘pro

340 3040 452 3093 aeterni.
488 3039 522 3093 U.
541 3059 600 3094 eam
619 3058 711 3094 vocem
730 3038 835 3093 omittit.
872 3039 930 3094 Mr.

412 3126 516 3195 Quibus
534 3146 576 3181 res
598 3127 708 3198 publica
728 3127 790 3195 etc]
827 3127 951 3197 „Quibus
974 3149 1016 3182 res
1039 3130 1150 3200 publica
1175 3141 1247 3194 stat,
1275 3129 1389 3182 sedecim

340 3214 403 3268 mei.
437 3217 518 3267 Stare
535 3201 726 3276 firmitudinem
747 3215 884 3286 quandam
902 3216 990 3271 habet.
1009 3247 1044 3259 -
1080 3221 1198 3269 Mentem
1217 3216 1288 3282 dicit,
1307 3235 1389 3288 quarn

340 3324 368 3357 se
387 3304 519 3373 accepisse
544 3322 562 3353 a
581 3304 633 3355 diis
657 3302 853 3354 immortalibus
877 3302 914 3356 ait
931 3302 1009 3358 Catil.
1026 3302 1072 3356 tlt.
1090 3304 1128 3370 [9,
1146 3305 1209 3370 Ἇ2.].
1228 3332 1263 3341 -
1300 3302 1388 3354 Verba

341 3393 407 3443 milii
425 3392 569 3460 eripuisses
587 3390 716 3442 absunta
738 3399 825 3441 vetere
849 3407 920 3442 meo.
956 3391 1029 3442 Mitt
1053 3388 1124 3441 deest
1149 3390 1177 3440 in
1206 3391 1290 3441 uuo.“
1319 3389 1390 3440 Ald.

340 3479 471 3532 Manut.
514 3477 596 3530 Abest
620 3477 686 3528 milri
709 3479 788 3529 etiam
813 3494 833 3535 a¹
853 3473 939 3529 Codd.
965 3476 1016 3529 Or.
1040 3493 1071 3536 ψ.
1111 3475 1192 3526 Beru.
1219 3474 1278 3526 Bas.
1301 3474 1390 3526 Guell.

341 3566 416 3621 Gud.
427 3568 460 3618 A.
477 3593 512 3604 -·
530 3563 649 3627 Gernb.‚
667 3563 714 3635 qui
732 3564 759 3615 in
780 3562 829 3615 Ed.
847 3563 933 3634 bugd.
951 3566 1029 3618 1556.
1049 3561 1188 3632 reperisset
1208 3560 1306 3631 quibus
1324 3578 1393 3628 resp.

341 3654 588 3707 invictissima
615 3663 688 3710 stat,
716 3653 743 3706 iu
771 3671 801 3705 ea
820 3651 878 3705 fieri
897 3652 959 3705 dixit
979 3649 1118 3706 transitum
1138 3649 1169 3703 ad
1191 3667 1277 3700 veram
1297 3647 1392 3702 lectio-

342 3761 413 3798 nem.
451 3743 509 3794 Mr.
1157 3728 1159 3732 ’

414 3829 533 3880 divinem
551 3857 586 3867 —
608 3829 757 3897 iniurium]
794 3828 941 3896 „lniuriam
965 3828 1125 3900 accipimus,
1154 3826 1306 3881 Stoicorum
1332 3828 1392 3897 qui·

343 3919 404 3972 dem
423 3917 565 3989 opinione,
585 3918 606 3970 si
623 3917 687 3989 quid
707 3929 827 3971 nostrum
842 3919 919 3972 nobis
937 3918 1064 3989 eripitur:
1082 3928 1202 3972 nostrum
1221 3927 1309 3970 autem
1329 3915 1393 3968 nibil

344 4017 397 4071 est,
415 4005 464 4058 nisi
483 4004 555 4076 quod
574 4005 607 4058 ad
626 4006 746 4059 animum
766 4008 888 4078 pertinet.
925 4007 962 4062 lta
981 4006 1092 4060 Clodius
1110 4004 1234 4059 Ciceroni
1261 4023 1316 4056 non
1343 4024 1393 4073 po-

344 4096 395 4150 tuit
411 4095 514 4166 eripere
532 4095 722 4161 constantiam,
750 4115 819 4167 quae
845 4108 883 4148 est
913 4114 974 4167 pars
1000 4092 1176 4158 fortitudinis,
1204 4109 1292 4161 neque
1318 4107 1394 4141 curas

343 4195 370 4237 et
390 4183 489 4254 vigilias
516 4195 542 4237 et
565 4183 688 4248 consilia,
718 4203 786 4254 quae
815 4195 878 4236 sunt
901 4183 1058 4256 prudentiae
1086 4193 1111 4234 et
1139 4178 1259 4232 iustitiae.
1301 4174 1393 4245 Neque

343 4270 471 4324 etiamen
489 4270 585 4324 animis
603 4269 698 4324 civium
719 4270 912 4341 potuitdelere
940 4282 1042 4342 gratam
1071 4267 1283 4321 recordationem
1312 4264 1394 4316 bene-

344 4359 482 4426 ficiorum,
508 4358 605 4430 quibus
629 4378 685 4411 rem
713 4358 849 4430 publicam
875 4360 1003 4414 affecerat
1028 4355 1181 4409 Catilinaria
1208 4352 1392 4406 coniuratione

344 4446 538 4518 opprimenda,
562 4464 613 4500 nec
631 4446 747 4516 denique
773 4438 796 4500 ei
817 4449 901 4518 potuit
927 4447 1031 4517 eripere
1060 4443 1131 4497 illam
1158 4444 1292 4507 mentem}
1320 4442 1391 4494 unde
