3450 5342
673 676 871 726 rumnoxor
890 678 934 724 v1.
963 678 1033 726 cer.
1043 679 1067 726 1.
1320 659 1394 735 279

454 841 561 908 Semper
577 839 669 909 inope,
689 840 841 911 quicunque
858 839 959 906 cupit.‘·
996 836 1070 891 Aid.
1090 835 1175 890 Men.

339 923 445 978 Habent
464 927 538 978 uideo
557 925 624 980 Edd.
644 930 715 980 Cret.
734 926 809 978 Men.
827 924 889 977 Atd.
910 927 996 989 15175
1026 944 1079 978 uon
1105 935 1132 975 te
1156 921 1266 979 divium
1290 929 1391 997 putabo

340 1010 421 1064 Drsd.
439 1015 465 1065 5.
501 1012 604 1067 Vocem
624 1018 731 1067 inanem
748 1014 809 1066 Fre.
829 1011 900 1083 Sylv.
927 1011 1052 1081 explicet:
1081 1030 1228 1078 „vacuum,
1255 1032 1308 1065 non
1335 1014 1391 1083 pie·

340 1116 421 1168 num,
438 1120 493 1153 non
512 1101 661 1156 retiatum.“
698 1101 733 1154 Et
752 1112 899 1153 extremum
919 1097 1028 1169 quidem
1048 1110 1128 1153 recte.
1164 1097 1224 1151 Mr.

410 1189 517 1240 Etenim
530 1208 563 1241 ex
581 1207 625 1255 ec,
646 1199 778 1260 quantum
797 1188 894 1258 cuique
911 1187 981 1239 satis
998 1188 1064 1254 ect,]
1102 1187 1157 1239 Pro
1181 1187 1277 1238 etenim
1303 1198 1342 1241 est
1365 1199 1394 1240 et

340 1273 367 1325 iu
387 1275 453 1328 cod.
473 1274 543 1330 Gud.
562 1277 595 1329 Α.
634 1277 721 1329 Verba
740 1295 773 1327 ex
792 1275 938 1328 eoderunt
967 1274 994 1326 in
1020 1272 1088 1327 Cod.
1112 1276 1170 1327 Cre.
1190 1277 1216 1329 3.
1253 1276 1307 1329 Pro
1335 1276 1393 1327 cui-

339 1380 392 1432 que
410 1373 447 1415 eet
465 1365 608 1436 uuicuique
627 1365 655 1417 in
675 1365 742 1419 Cod.
767 1364 848 1418 Dred.
866 1368 908 1427 5.;
933 1382 1026 1416 voeern
1046 1372 1088 1415 ert
1114 1374 1174 1432 post
1199 1364 1270 1416 rotie
1294 1364 1392 1419 omittit

339 1446 419 1502 Drrd.
437 1454 464 1503 4.
500 1452 592 1505 Minus
609 1453 679 1506 bene
696 1450 822 1506 scribitur
841 1461 900 1503 rat
920 1461 961 1502 eet
979 1450 1007 1502 in
1027 1449 1132 1502 duobus
1149 1448 1294 1503 Alditvtan.
1305 1450 1391 1508 Codd.

339 1532 406 1588 Edd.
432 1539 503 1592 Cret.
528 1539 621 1610 Magn.
646 1539 720 1592 Man.
747 1539 844 1592 nostris
870 1537 930 1591 Atd.
949 1541 1029 1592 1511.
1046 1541 1125 1593 1551.
1149 1538 1181 1591 Η.
1208 1540 1295 1593 Wott.
1320 1542 1391 1596 eud.

338 1621 396 1675 Tei.
415 1627 476 1678 Cer.
492 1625 584 1696 Stepb.
601 1625 703 1680 Sturm.
721 1625 796 1698 Sytb.
816 1627 937 1679 Verbum
953 1636 995 1678 eet
1014 1625 1109 1679 excidit
1126 1625 1153 1678 iu
1173 1625 1223 1680 Ed.
1235 1629 1302 1680 Ven.
1312 1631 1390 1683 1511.

339 1722 369 1764 ut
393 1711 421 1762 in
447 1710 514 1764 cod.
541 1712 621 1767 Dred.
638 1717 665 1766 4.
708 1714 763 1767 Pro
781 1715 932 1766 metiuntur
952 1723 997 1770 -eet
1020 1714 1204 1766 mentiuntur
1228 1715 1256 1767 in
1281 1714 1391 1782 Cru2.;

338 1799 367 1850 in
386 1800 445 1852 Cre.
463 1805 489 1856 3.
509 1811 547 1854 eet
565 1801 724 1852 diuitiarum
746 1819 857 1872 genus
877 1799 994 1851 modum:
1022 1801 1068 1854 eed
1096 1820 1143 1852 vor
1169 1819 1255 1872 genus
1285 1802 1391 1873 punctis

338 1898 429 1941 notata
450 1901 478 1943 ut
496 1889 598 1960 spuria.
634 1889 693 1942 Mc.

409 1987 543 2046 quantum
561 1979 657 2049 cuique
675 1979 736 2044 etc]
756 1977 832 2046 „Qui
852 1977 933 2031 babet
950 1987 1081 2048 qnantum
1096 1976 1146 2029 ribi
1160 1976 1220 2029 satie
1241 1988 1287 2042 est,
1307 1977 1390 2030 nibiio

339 2064 524 2135 piureppetit5
542 2065 588 2137 qui
608 2086 663 2119 non
672 2066 781 2137 appetit,
800 2085 856 2118 uon
872 2075 940 2136 eget,
959 2083 991 2118 ec
1005 2064 1118 2135 proinde
1128 2063 1199 2117 dives
1211 2075 1277 2130 est„
1292 2063 1389 2118 Fece.

411 2151 569 2205 riiuitiurum
589 2155 731 2221 modum]
768 2152 880 2224 „Vulgo
909 2152 1003 2206 dicunt
1021 2154 1217 2224 quantitatem,
1246 2152 1319 2223 quod
1339 2152 1390 2206 be·
1478 2207 1480 2215 ,

337 2236 386 2291 tini
406 2257 461 2291 non
479 2252 609 2311 usurpant
630 2241 680 2294 nisi
700 2243 726 2294 in
747 2240 921 2313 philosophia.
960 2239 1059 2294 Sensus
1079 2251 1130 2293 est:
1147 2239 1228 2294 Dives
1245 2241 1342 2295 dicitur
1360 2243 1390 2308 is,

339 2326 385 2396 qui
404 2325 483 2381 babet
501 2341 631 2398 quantum
652 2330 675 2382 ei
700 2331 762 2384 satis
786 2341 842 2383 est:
864 2341 890 2383 et
917 2328 979 2394 itto,
1007 2328 1079 2400 quod
1105 2328 1166 2383 satis
1191 2339 1243 2396 est,
1268 2328 1390 2383 bominee

338 2411 417 2482 vulgo
435 2415 574 2469 aestimant
591 2417 721 2471 diviuasu
738 2419 846 2489 Wytt.
883 2416 912 2470 ln
932 2436 1006 2488 seqq.
1026 2416 1076 2469 Ox.
1094 2435 1124 2478 ψ.
1143 2414 1202 2470 Cre.
1221 2420 1247 2472 3.
1266 2417 1389 2471 exhibent

332 2499 427 2567 filium
444 2502 505 2571 qui
522 2502 622 2564 baben
641 2503 719 2560 Suer.
730 2505 825 2574 filiam
844 2505 904 2576 qui
910 2524 928 2556 a
946 2503 1040 2569 babet,
1059 2502 1130 2557 Gud.
1143 2504 1175 2561 A.
1195 2502 1220 2575 q'
1232 2505 1325 2573 filiam
1336 2505 1390 2556 lra-

338 2587 397 2653 bet,
418 2586 489 2642 Gud.
508 2589 540 2644 B.
555 2592 644 2659 filias.
690 2591 748 2646 Cre.
767 2599 793 2647 2.
818 2594 901 2648 Drsd.
917 2598 944 2647 4.
969 2591 1041 2646 Gud.
1059 2593 1093 2646 A.
1110 2590 1141 2644 Β.
1162 2592 1279 2661 pecunia
1303 2610 1390 2660 opue

338 2687 401 2730 eet.
436 2678 509 2732 Tum
530 2677 590 2733 Crz.
608 2684 632 2733 1.
651 2682 721 2733 duae
738 2692 858 2734 autem
873 2683 976 2753 plures.
1013 2683 1070 2733 en.
1086 2685 1111 2734 2.
1129 2678 1201 2732 Gud.
1212 2679 1245 2733 Α.
1262 2678 1390 2733 omittunt

338 2766 418 2819 verbe
435 2767 542 2836 plures:
561 2769 668 2824 maiore.
717 2768 747 2821 ln
766 2767 831 2822 Ou.
849 2769 871 2821 Ι.
891 2785 914 2823 a.
932 2785 962 2830 ψ.
981 2768 1106 2822 scribitur
1131 2785 1193 2820 cum
1212 2765 1293 2820 Drud.
1310 2769 1336 2821 3.
1356 2767 1390 2816 si

333 2855 445 2924 plures,
465 2866 522 2910 tum
541 2855 591 2910 Ox.
610 2856 641 2908 E.
660 2857 779 2908 maxime
797 2856 910 2926 (omisso
928 2857 1033 2921 etiam).
1069 2854 1149 2908 Drsd.
1168 2860 1192 2908 2.
1212 2851 1304 2907 duae?
1330 2871 1388 2903 mu·

336 2944 397 2996 ivri.
414 2943 529 3012 plures?
546 2944 642 2997 maiori
660 2945 743 2996 etium
760 2945 800 3008 ei3
819 2963 869 3015 pro
888 2944 988 2996 maiore
1005 2945 1064 2996 en.
1084 2946 1109 2999 3.
1129 2941 1209 2995 babet
1226 2959 1296 2994 core.
1330 2939 1390 2993 Ab·

337 3029 1270 3097 εεῑεταὴθιι.1.ψ.1)η1.110111.2.1)ιιί31).ὓι11.1.,
1293 3029 1321 3084 in
1342 3049 1389 3083 eo-

337 3119 398 3171 dem
415 3118 537 3190 pergitur
564 3121 638 3172 eiut
656 3121 753 3174 Danai
775 3121 873 3182 uiuut5
900 3119 982 3173 Drsd.
1001 3124 1027 3174 5.
1052 3119 1151 3173 omittit
1174 3119 1273 3170 maiore
1296 3118 1388 3171 etiam·

336 3206 409 3260 Gud.
426 3207 553 3268 B.,babet
571 3221 603 3260 ut
621 3210 702 3261 aiunt
721 3214 896 3272 Danaum,
915 3227 977 3262 cum
994 3207 1044 3260 Ox.
1060 3225 1089 3270 ψ.
1125 3206 1156 3285 in
1175 3204 1241 3259 011.
1259 3203 1280 3261 l.
1299 3205 1333 3258 N.
1352 3204 1386 3259 U.

335 3316 361 3363 η.
381 3313 405 3348 c.
424 3305 461 3347 eet
478 3296 582 3362 Danai,
601 3296 628 3348 in
640 3295 735 3352 Cruss.
754 3301 867 3368 Deuay.
903 3296 956 3350 Sed
975 3295 1167 3349 variantetiem
1179 3294 1247 3350 Edd.
1279 3293 1325 3348 Sic
1338 3293 1387 3369 Ed.
1488 3292 1491 3297 '

334 3385 407 3437 ttub.
419 3403 482 3438 cum
494 3381 570 3455 sylb.
583 3383 663 3438 babet
674 3386 766 3455 plures
776 3387 858 3437 etiam
872 3385 986 3449 maiore3
1005 3383 1079 3437 ebert
1091 3383 1174 3435 etium
1187 3383 1221 3436 ab
1233 3381 1302 3437 Edd.
1317 3381 1389 3438 Crat·

334 3473 431 3542 Magn.
455 3471 517 3524 Par.
535 3491 555 3523 e.
574 3490 598 3525 a.
622 3471 697 3526 Men.
724 3472 982 3527 11115111511.
1008 3472 1069 3524 Aee.
1088 3472 1167 3523 1511.
1194 3472 1254 3522 Car.
1279 3469 1386 3542 suph.;
1420 3468 1424 3473 ’

332 3570 362 3613 et
382 3560 456 3612 abest
471 3560 504 3612 eb
523 3558 573 3613 Ed.
592 3579 648 3631 pre.
667 3562 736 3614 Vict.
755 3560 823 3614 Rob.
843 3559 936 3632 Stepb.
955 3556 1387 3612 Ven.1492.tt.Wott.sturm.

332 3652 375 3719 (in
403 3669 455 3720 qua
484 3649 617 3703 antecedit
635 3649 782 3703 maiorer
806 3649 902 3713 etiam)
929 3647 1022 3701 Lemb.
1055 3646 1151 3701 Colon.
1178 3644 1253 3716 sylb.
1282 3647 1388 3700 Camer.

334 3741 424 3793 Herw.
449 3740 528 3792 ttdtb.
556 3740 621 3811 Arg.
650 3740 712 3794 Par.
738 3742 816 3793 15⁰7.
835 3741 914 3792 1512.
940 3736 1025 3808 bugd.
1073 3735 1115 3789 Ad
1141 3755 1163 3788 v.
1190 3735 1289 3788 maiore
1304 3735 1387 3787 etiem

335 3827 401 3881 baec
418 3838 457 3881 est
475 3827 537 3881 Atdi
560 3826 634 3881 Man.
660 3827 814 3881 annotatio:
837 3826 935 3894 „Unus
957 3826 1040 3878 etiam
1058 3826 1171 3877 maiore:
1197 3824 1291 3877 Etiam
1315 3825 1388 3877 abest

335 3927 468 3986 neptem,
487 3917 643 3987 inquorum
654 3935 710 3971 uno
722 3916 797 3983 add.;
818 3917 924 3970 Maiore
933 3917 1023 3980 etiam,
1042 3933 1146 3968 novem.
1183 3913 1285 3967 Maiori
1296 3915 1387 3975 etiam,

335 4006 432 4055 unus.“
468 4003 548 4056 Drsd.
567 4003 690 4076 Libebet
708 4005 804 4056 eicut
822 4007 861 4070 ui.
888 4004 968 4057 Dred.
981 4010 1007 4061 3.
1027 4003 1110 4069 sicuti
1128 4007 1218 4071 ajunt.

406 4093 512 4161 Danau]
532 4091 662 4158 „Danaus
671 4091 833 4162 Argivorum
851 4111 896 4144 rex
913 4091 1107 4164 quinquaginta
1117 4089 1184 4142 filias
1201 4087 1301 4152 babuit,
1322 4106 1387 4157 quar

334 4178 530 4251 quinquaginta
546 4178 608 4234 filiis
622 4179 845 4252 Aegypti'iretrir
864 4181 902 4233 im
920 4179 1123 4234 matrimonium
1142 4177 1241 4230 dedit.“
1260 4175 1282 4227 F
1289 4194 1356 4229 acc.

405 4270 443 4317 tu
460 4269 498 4330 ei,
517 4277 550 4321 ut
567 4267 663 4335 aiunt,
681 4270 775 4321 Duuai
788 4270 997 4342 quinquaginta
1016 4270 1072 4320 siut
1084 4266 1177 4336 filiae]
1224 4263 1289 4330 „sic
1314 4263 1387 4317 dedit

333 4352 472 4408 Graevius.
517 4353 601 4423 Quod
619 4357 725 4426 fecilem
745 4356 824 4412 babet
843 4359 1016 4430 explicatum,
1044 4356 1065 4408 si
1085 4355 1230 4425 probetur,
1260 4352 1312 4407 boc
1337 4354 1386 4407 ati-

334 4443 444 4515 quando
463 4444 492 4497 in
511 4445 650 4499 cummuni
669 4446 750 4501 iuiue
767 4447 922 4516 proverbio:
955 4445 1049 4498 Danai
1075 4442 1275 4514 quinquaginta
1296 4443 1388 4512 filiae.
