3450 5342
344 666 416 742 332
752 683 914 733 excursus
942 684 985 730 rr.

343 847 600 923 exponatis·velim.‘⁴
650 843 721 911 lam,
748 857 777 899 ut
795 856 856 899 sunt
874 846 995 909 iuvenes,
1026 861 1121 896 omues
1148 843 1210 895 iere
1239 844 1392 897 emendandi

343 937 548 1008 corrigendique
575 933 716 1005 cupiditate
741 935 849 1000 ardere,
888 932 1037 1005 paucissimi
1066 932 1100 985 de
1131 931 1195 987 loco
1227 933 1391 986 defendendo

342 1027 467 1097 cogitare.
513 1023 572 1094 Ego
596 1041 658 1076 sero
687 1023 715 1074 in
734 1041 824 1075 causas
852 1019 1025 1074 dubitationis
1049 1019 1121 1073 illius
1146 1019 1317 1090 inquirendo
1334 1019 1391 1072 illud

342 1113 405 1165 mibi
425 1111 552 1183 reperisse
572 1110 692 1173 videbar,
721 1128 811 1162 rocem
837 1117 966 1159 accurate
992 1106 1091 1178 aliquid
1115 1076 1208 1160 laudis
1227 1107 1342 1175 babere,
1364 1110 1391 1159 ab

341 1200 536 1270 Epicureorum
555 1197 595 1265 (bi
614 1197 685 1250 enirn
704 1195 864 1267 tanguntur)
893 1193 1098 1266 reprehensione
1124 1194 1260 1249 alienum.
1309 1193 1391 1262 Quare

341 1306 403 1340 curn
423 1284 622 1357 postridie'eius
640 1285 690 1336 diei
710 1285 931 1348 convenissemus,
952 1283 989 1335 vix
1009 1281 1185 1335 audiebamus
1204 1302 1262 1350 eos,
1283 1283 1328 1354 qui
1342 1284 1391 1336 rul-

341 1386 428 1447 gatam
444 1372 618 1427 defenderent
630 1371 714 1424 allatis
726 1371 798 1438 locis,
820 1371 912 1444 quales
921 1370 946 1423 bi
957 1382 1019 1423 sunt
1030 1370 1063 1424 de
1078 1368 1151 1423 Clar.
1171 1369 1255 1425 Orat.
1268 1375 1312 1437 80,
1330 1375 1389 1424 att:

342 1463 425 1532 deque
442 1480 472 1512 eo
491 1460 597 1511 crimine
616 1471 793 1511 accurate
810 1471 837 1511 et
856 1460 990 1532 exquisite
1009 1459 1228 1527 disputavissete
1249 1458 1390 1526 ib.22,8t:

307 1586 310 1605 ,
340 1567 382 1613 se,
411 1565 480 1618 quoe
494 1547 623 1617 fecisset,
650 1547 757 1598 lionoris
774 1565 865 1599 eorum
890 1564 990 1612 causo,
1018 1544 1139 1614 studiose
1164 1557 1390 1617 accurateque

335 1635 453 1704 secisse‚·
473 1634 506 1685 de
524 1633 584 1686 Nat·
598 1634 680 1686 Deor.
701 1633 721 1698 l,
740 1636 766 1699 6,
781 1637 828 1687 15:
855 1651 915 1684 cum
939 1642 1110 1684 accurate
1131 1651 1200 1684 sane
1231 1645 1261 1685 et
1286 1635 1388 1705 diligen-

341 1730 383 1772 ter
401 1721 432 1770 de
451 1721 502 1771 diis
520 1722 716 1773 immortalibus
735 1721 906 1789 disputatum
924 1731 973 1774 est.
1022 1718 1082 1786 His,
1108 1730 1135 1772 et
1155 1740 1228 1791 quos
1247 1723 1389 1793 complures

341 1808 502 1874 afferebant,
532 1808 597 1862 locis
615 1809 742 1861 omnibus
759 1808 865 1861 laudem
884 1809 1015 1862 contineri
1035 1808 1234 1861 contendentes
1253 1809 1287 1862 ad
1306 1828 1388 1861 emen-

341 1895 460 1947 dandum
478 1916 527 1949 nos
543 1897 780 1967 componebamus.
824 1897 912 1966 Atque
932 1895 976 1966 qui
1001 1894 1134 1966 primum,
1166 1896 1244 1948 nulla
1270 1896 1346 1968 plane
1360 1897 1387 1947 li-

341 1984 452 2035 brorum
471 1967 622 2055 scriptionis
639 1984 787 2054 ductusque
806 1982 943 2037 literarum
972 1983 1074 2035 ratione
1098 1979 1205 2048 babita,
1238 1986 1387 2056 copioseque,

342 2069 442 2140 quique
461 2071 703 2142 elaborateque
721 2072 925 2142 proponebant,
951 2071 1038 2123 statim
1056 2069 1144 2121 valere
1170 2071 1251 2136 iussi,
1284 2071 1315 2123 iis
1335 2071 1385 2123 loco

341 2159 520 2223 decedebant,
548 2159 593 2229 qui
621 2161 753 2230 anxieque
778 2159 879 2230 quique
904 2169 984 2209 acute
1009 2157 1170 2228 proferrent.
1224 2157 1268 2211 Ac
1297 2162 1387 2229 priores

342 2244 449 2314 quidem
468 2245 603 2297 neminem
627 2257 732 2316 praeter
747 2245 917 2299 Macrobium
942 2247 969 2298 in
996 2244 1141 2297 subsidium
1171 2247 1320 2313 vocabant,
1347 2250 1385 2317 qui

328 2318 475 2382 'Saturnal
496 2330 539 2396 Vl,
558 2337 588 2385 l:
614 2353 695 2404 quum
717 2334 862 2404 Virgilius,
889 2334 1007 2403 scripsit,
1027 2334 1132 2383 anxie
1160 2352 1266 2404 semper
1285 2337 1385 2407 diligens

336 2419 474 2488 fueritin
495 2419 579 2472 verbis
599 2448 632 2460 -
650 2421 779 2490 ponendis
786 2441 796 2481 ‚·
825 2419 851 2471 bi
872 2439 933 2472 vero
953 2420 1040 2490 ipsum
1059 2418 1224 2474 Ciceronem
1251 2434 1382 2494 patronum

342 2517 532 2579 auctoremque
549 2506 646 2561 babere
665 2528 691 2561 se
710 2507 896 2573 clamitabant,
917 2508 962 2579 qui
982 2508 1015 2559 de
1033 2508 1188 2561 Stoicorum
1206 2510 1384 2582 disputationi·

342 2595 391 2648 bus
408 2594 521 2666 loquens
538 2615 617 2666 saepe
635 2607 733 2649 ocutos
750 2616 794 2649 eas
811 2596 999 2667 appellaverit,
1029 2616 1050 2648 r.
1070 2615 1094 2650 c.
1113 2595 1147 2648 de
1166 2597 1229 2651 Nat.
1249 2599 1330 2651 Deor.
1347 2597 1383 2663 lll,

341 2685 426 2747 218:
446 2686 610 2756 Zenonisque
622 2684 711 2736 breves
728 2695 754 2735 et
772 2686 943 2736 acutulas
961 2683 1141 2737 conclusiones
1149 2704 1160 2745 ,·
1174 2713 1210 2722 —
1232 2687 1383 2741 Antiochum

342 2789 403 2822 vero
422 2769 626 2843 philosophum,
645 2792 725 2843 quern
744 2772 845 2826 Acadd.
865 2771 897 2839 ll,
918 2777 959 2825 21.
994 2773 1147 2824 Stoicorum
1167 2774 1383 2844 adstipulatorem

341 2857 416 2924 dixit,
442 2860 475 2912 de
493 2860 552 2913 Nat.
571 2860 655 2913 Deor.
672 2861 691 2924 l,
709 2866 736 2925 l,
763 2864 806 2917 16.
826 2862 954 2912 bominem
967 2862 1007 2911 “in
1021 2861 1120 2930 primis
1147 2873 1292 2914 acutum
1316 2863 1384 2916 tuisse

342 2947 516 3001 contenderit.
552 2948 610 3017 Ego
629 2969 705 3013 vero,
729 2949 765 3001 lta
785 2961 836 3014 est,
856 2950 981 3020 inquam:
1008 2948 1113 3002 Stoicos
1141 2960 1242 3002 acutos
1269 2951 1329 3003 dixit
1346 2946 1384 3001 Ci-

341 3053 416 3086 cero:
435 3034 479 3086 sed
499 3034 659 3105 Epicureos,
678 3055 745 3106 quos
764 3049 856 3090 nostro
875 3038 981 3108 quidem
1003 3039 1087 3108 tangit
1102 3037 1180 3104 loco,
1198 3039 1273 3092 idem
1291 3042 1323 3092 de
1341 3037 1382 3090 Ol-

341 3119 384 3171 src.
402 3120 446 3185 ΙΙΙ,
459 3123 485 3183 9,
501 3123 543 3173 39.
564 3120 708 3174 admodum
728 3125 853 3196 ambigue
872 3124 972 3179 laudat:
991 3126 1095 3178 dicens:
1109 3128 1267 3196 philosophi
1280 3129 1383 3199 quidam,

341 3205 445 3256 nnnime
463 3206 528 3257 mali
544 3208 587 3259 illi
605 3205 724 3279 quidem,
754 3214 872 3264 sednon
898 3215 967 3266 satis
992 3215 1101 3265 ocuti.
1158 3212 1224 3280 Quo
1245 3215 1335 3269 audito
1353 3213 1381 3267 illi

342 3312 449 3364 quoque
468 3294 542 3359 „sine
560 3297 656 3350 sudore
675 3318 707 3352 ac
725 3300 854 3371 sanguine
862 3305 880 3331 ‘⁴
898 3321 970 3353 arma
990 3302 1176 3371 deponebant,
1198 3304 1264 3373 qui,
1284 3324 1342 3358 curn
1358 3303 1383 3354 de

341 3380 390 3434 Or.
409 3381 440 3448 ll,
460 3389 485 3448 4,
503 3388 546 3437 18.
564 3385 700 3456 legissent:
733 3377 864 3442 derebus
888 3400 940 3441 cut
961 3389 1138 3462 difficillimis
1157 3401 1208 3442 aut
1228 3411 1283 3443 non
1306 3408 1383 3443 neres-

340 3472 421 3522 soriis
439 3474 669 3544 argutissime
687 3476 843 3546 disputare,
861 3477 1024 3550 proposituri
1043 3487 1120 3530 erant
1138 3490 1330 3551 arguteque
1346 3479 1383 3528 de·

336 3559 472 3628 fendunt:
490 3572 562 3614 recte
580 3563 652 3615 enim
671 3566 831 3635 reputabant
849 3577 964 3638 argutos
991 3565 1044 3618 dici
1068 3563 1220 3637 Epicureos
1247 3586 1383 3638 nunquam,

341 3665 442 3717 neque,
473 3648 522 3702 nisi
547 3668 608 3702 cum
637 3653 734 3706 acerba
753 3655 869 3725 quadam
896 3653 1019 3707 irrisione
1038 3664 1154 3724 argutos
1173 3655 1226 3707 dici
1247 3656 1383 3728 potuissea

340 3730 480 3785 Cicerone·
515 3736 586 3787 Tum
606 3758 674 3791 unus
695 3761 709 3792 e
730 3740 851 3813 reliquis,
876 3743 990 3796 fidenter
1005 3760 1068 3794 sane
1087 3753 1113 3794 et
1132 3742 1273 3796 victoriam
1289 3741 1383 3815 praeci-

340 3818 415 3887 piens
433 3819 539 3885 animo,
560 3823 640 3890 quid,
659 3824 761 3895 inquit,
789 3830 903 3882 vosalia
933 3828 1136 3898 circumspicitis
1156 3831 1299 3893 vocabula,
1327 3846 1382 3881 eum

339 3906 422 3976 ipsam
436 3906 580 3970 ¹Ciceronis
599 3929 709 3964 manum
728 3913 756 3966 in
775 3914 849 3969 libris
868 3917 984 3970 babeatis
1002 3916 1150 3968 omuibus?
1168 3916 1250 3988 legite
1269 3936 1318 3969 una
1336 3914 1383 3984 syl-

340 3993 397 4048 laba
418 3994 535 4050 abiectar
560 4009 635 4050 arcte
655 4010 748 4055 tenent
766 4023 805 4056 oc
824 4015 951 4057 curate
970 4004 1138 4075 defendunt,
1158 4003 1231 4071 sire,
1260 4005 1281 4058 si
1299 4003 1382 4075 placet,

339 4083 414 4150 (narn
432 4083 578 4147 liberaliter
596 4087 731 4143 vobiscum
751 4092 842 4163 agam)
872 4104 947 4145 arcte
965 4101 1055 4144 tenent
1085 4102 1275 4164 curateque
1299 4091 1384 4162 defen·

339 4169 415 4222 dunt.
451 4169 513 4225 Mor
533 4192 603 4241 vero,
623 4195 685 4229 curn
704 4199 843 4251 nunquam
864 4181 1025 4235 Ciceronem
1043 4179 1080 4232 ita
1097 4179 1221 4233 locutum
1240 4199 1296 4232 esse
1314 4195 1383 4249 prae-

339 4270 432 4328 ceptor
448 4279 508 4312 eum
529 4262 688 4333 edocuisset,
708 4270 845 4324 conticuit.
892 4271 985 4338 Quare
1004 4287 1054 4339 ego
1074 4268 1193 4340 denique
1222 4287 1285 4322 curn
1305 4265 1384 4338 paucis

340 4364 445 4398 exorsus
471 4368 557 4403 meam
582 4353 798 4429 qualemcunque
826 4360 1005 4431 suspicionem
1033 4357 1152 4428 protuli,
1185 4359 1325 4430 suasique,
1352 4365 1382 4414 ⁰¹·

339 4432 403 4484 dum
423 4434 516 4490 melius
533 4440 597 4509 quid
626 4445 806 4512 proferretur,
830 4447 993 4519 legeremus:
1021 4457 1097 4498 arvis
1122 4457 1216 4502 leuen!
1242 4450 1382 4502 ‘mim'
