3450 5342
264 732 268 741 .
336 673 410 748 326
757 691 919 740 sxcunsus
947 693 968 738 1.
1031 669 1040 683 ”

406 857 427 911 Ι.
445 853 688 918 Facciolatus,
713 862 743 906 ut
766 850 839 904 Ald.
858 849 1057 912 Manutius,
1080 848 1147 902 nihil
1178 849 1321 916 atterunt,
1348 850 1391 902 nisi

337 947 410 999 locos
427 944 480 998 iam
499 943 532 995 ab
551 941 608 994 aliis
625 939 759 994 laudatos:
779 947 968 1010 praeterquam
989 935 1061 1008 quod
1080 935 1124 989 ille
1142 940 1232 995 θέσεις
1246 935 1338 1009 lingua
1351 955 1391 989 sua

338 1031 422 1104 patria
440 1030 568 1086 reddidit:
598 1030 670 1080 Temi
687 1028 723 1079 da
740 1025 848 1092 scuolo,
867 1035 893 1078 et
911 1024 939 1077 in
958 1034 1072 1095 utraque
1090 1041 1138 1077 sua
1161 1024 1301 1090 editione,
1320 1024 1390 1076 Pata-

338 1121 396 1173 vina
415 1139 439 1174 a.
458 1122 546 1185 172⁰,
564 1127 591 1170 et
608 1117 726 1180 Veneta,
746 1115 825 1167 tttt.
844 1111 926 1165 edidit
945 1107 1079 1181 θετηιιά
1098 1111 1193 1180 (etiam
1223 1112 1253 1165 in
1275 1113 1389 1165 lemmate

339 1205 548 1274 annotationis):
567 1203 639 1276 quod
658 1201 755 1256 merito
774 1200 885 1254 miratus
902 1211 941 1254 est
959 1197 1144 1253 Gernhardus.

356 1339 363 1353 .
408 1294 444 1349 D.
464 1289 723 1364 Wyttenbach.:
743 1283 869 1357 ,,θετικοί
886 1287 996 1360 proprie
1014 1286 1052 1353 id,
1069 1286 1144 1358 quod
1164 1286 1233 1357 poni
1253 1296 1337 1358 potest
1356 1287 1388 1340 vel

338 1382 461 1453 ponitur:
478 1380 550 1432 unde
568 1383 655 1445 θέσις,
674 1397 743 1449 quae
761 1378 895 1430 universas
913 1385 940 1428 et
957 1373 1073 1429 infinitas
1089 1374 1267 1446 quaestiones
1280 1373 1388 1446 comple·

339 1470 426 1523 ctitur.
474 1465 603 1520 Rhetores
620 1464 762 1518 in'scholis
777 1469 851 1519 θέσιν
870 1475 896 1517 et
917 1457 1044 1515 ὑπόθεσιν
1064 1460 1247 1532 distinguunt.
1298 1461 1387 1523 Thesis,

339 1554 476 1626 quaestio,
495 1554 616 1606 universe
634 1563 660 1606 et
678 1554 818 1618 abstracte,
838 1562 868 1605 ut
886 1551 966 1622 vulgo
983 1550 1090 1617 dicitur,
1109 1569 1169 1602 rem
1187 1534 1307 1621 spectat,
1323 1547 1386 1602 nulla

339 1642 442 1697 ratione
460 1640 547 1694 hahita
568 1660 761 1712 personarum,
781 1639 848 1706 loci,
870 1638 1012 1710 temporis,
1037 1658 1058 1692 v.
1081 1657 1104 1691 c.
1128 1656 1189 1706 pax
1208 1635 1384 1706 anteponendo

338 1741 378 1781 est
398 1728 480 1781 bello:
498 1741 525 1782 at
542 1728 706 1798 hypothesis,
724 1747 818 1795 eausa,
834 1746 891 1780 rem
909 1727 1056 1798 spectatio
1075 1725 1199 1796 personis
1222 1724 1309 1790 certis,
1327 1734 1384 1776 tem-

340 1817 450 1887 poribus
467 1827 492 1870 et
510 1815 588 1873 locis.
606 1815 624 1869 i.
643 1835 666 1868 e.
686 1826 716 1868 ut
735 1816 814 1887 vulgo
833 1816 925 1882 aiunt,
944 1816 971 1868 in
992 1823 1133 1869 concreto:
1153 1833 1177 1864 v.
1190 1831 1214 1866 c.
1234 1823 1324 1866 utrum
1338 1810 1384 1862 Ro·

340 1903 427 1968 mani,
447 1922 531 1973 quum
550 1903 682 1956 Hannibal
701 1900 861 1974 Saguntum,
881 1902 980 1956 sociam
1000 1901 1105 1968 urbem,
1124 1900 1327 1972 expugnaverit,
1343 1917 1383 1969 pa·

339 2008 398 2042 cem
414 1988 485 2042 bello
504 2001 667 2062 anteponere
693 1991 827 2045 debeant?
862 1991 924 2044 Vid.
952 1990 1009 2044 Cic.
1038 1989 1071 2042 de
1090 1987 1254 2042 Inventione
1271 1988 1292 2054 l,
1310 1991 1333 2042 6.
1358 1985 1383 2038 de

339 2076 520 2155 Hermagorae
539 2078 677 2149 disciplina
697 2079 762 2132 haec
779 2077 928 2150 explicans;
953 2079 986 2132 de
1004 2078 1081 2131 Orat.
1099 2076 1120 2141 l,
1140 2079 1192 2139 313
1213 2075 1247 2141 ss,
1269 2078 1310 2129 19.
1349 2073 1381 2126 De

339 2167 498 2234 hypothesi,
516 2166 549 2218 de
568 2185 611 2230 re,
630 2167 763 2219 docebant
781 2166 899 2219 rhetores
918 2166 950 2218 de
962 2166 1037 2216 thesi
1046 2162 1209 2234 philosophi.
1249 2161 1302 2232 Sed
1316 2160 1381 2214 etiam

340 2251 459 2306 rhetores
475 2253 596 2307 solebant
614 2254 698 2307 thesin
717 2253 855 2325 attingere.
897 2253 966 2307 Hinc
984 2249 1176 2321 intelligendus
1194 2260 1236 2304 est
1256 2248 1329 2302 loeus
1345 2245 1382 2299 ci-

341 2340 446 2393 ceronis
464 2341 497 2393 ad
516 2339 650 2408 Quintum
668 2342 777 2395 fratrem
796 2341 839 2408 ΙΙΙ,
859 2345 890 2396 3:
922 2342 1010 2392 Cicero
1036 2349 1102 2390 tuus
1126 2347 1274 2408 nosterque
1294 2351 1382 2388 sumno

339 2428 431 2479 studio
449 2438 491 2480 est
508 2430 621 2481 Paeonii
638 2430 683 2481 sui
700 2429 830 2486 rhetoris,
857 2428 984 2493 hominis,
1010 2427 1116 2499 opinor,
1144 2425 1230 2476 valde
1253 2421 1381 2477 exercitati

339 2525 367 2566 et
386 2513 452 2569 honi.
505 2515 559 2567 Sed
574 2526 695 2568 nostrum
721 2516 883 2569 instituendi
910 2534 996 2587 genus
1024 2532 1080 2568 esse
1095 2513 1194 2583 paullo
1214 2512 1345 2564 eruditius
1359 2517 1381 2558 et

340 2594 575 2674 θἐτιιιώτερον
593 2623 645 2656 non
662 2605 780 2676 ignoras.
826 2603 923 2659 Cicero
948 2614 1036 2657 autem
1055 2601 1080 2654 h.
1098 2600 1115 2654 l.
1135 2600 1313 2671 θετικώτερσν
1330 2597 1381 2650 dicit

339 2690 421 2757 illud,
441 2692 513 2763 quod
533 2691 704 2744 universalius
722 2703 748 2745 et
765 2692 849 2764 magis
868 2711 930 2746 cum
957 2689 1123 2763 philosophia
1150 2688 1327 2743 coniunctum
1345 2695 1380 2736 est.

339 2778 412 2850 Ergo
431 2777 525 2832 θετικεὶ
542 2779 673 2851 significat
691 2779 793 2834 scholas
817 2780 1038 2852 philosophorum
1064 2775 1175 2848 proprie
1195 2776 1322 2848 quidem,
1345 2772 1380 2826 sed

339 2868 363 2918 b.
384 2866 400 2918 l.
419 2867 556 2921 rhetorum
573 2867 675 2921 scholas
692 2868 764 2933 illas,
789 2888 857 2940 quae
877 2887 933 2921 non
951 2865 1124 2939 hypotheses,
1154 2863 1200 2917 sed
1223 2861 1380 2934 philosopho·

340 2974 400 3008 rum
419 2955 503 3010 theses
527 2956 682 3010 tractabant.
726 2955 768 3008 De
786 2956 826 3009 his
852 2954 1005 3010 luculentus
1028 2964 1066 3007 est
1090 2951 1168 3005 locus
1195 2951 1316 3004 Theonis
1339 2947 1379 3001 ss

340 3041 455 3111 phistae‚
475 3042 661 3113 elegantissimi
680 3043 849 3115 eloquentiae
868 3042 1001 3115 magistri,
1020 3041 1231 3111 Progymnasm.
1251 3035 1379 3108 c.2,§.2t.

341 3128 376 3199 [ἓ.
389 3133 434 3182 14.
452 3130 494 3182 ed.
513 3127 624 3183 Fincth.
644 3149 669 3201 p.
680 3134 714 3185 23
729 3134 797 3203 sq.]:
815 3135 1019 3203 παραδείγματα
1037 3131 1086 3198 τῆς
1106 3121 1160 3179 σῶν
1177 3131 1281 3179 θέσεων
1296 3142 1380 3192 ynpen·

340 3224 397 3274 σιίις
416 3219 505 3282 λαβεῖν
523 3218 578 3271 ἔστι
597 3219 669 3288 παρά
686 3241 715 3271 τε
733 3217 944 3290 Ἀριστοτέλους,
964 3223 1008 3270 καΙ
1026 3212 1212 3286 Θεοφράστου·
1242 3208 1325 3266 πσλλᾶ
1340 3209 1379 3276 γάρ

339 3307 408 3355 torn
426 3294 512 3356 ahter
530 3307 621 3370 βιβλία
638 3311 735 3361 θέσεων
754 3307 958 3378 έπιγραφὸμενα·
986 3303 1038 3377 ip'dp
1061 3307 1091 3357 δέ
1114 3324 1175 3356 τινα
1193 3309 1241 3356 nel
1259 3297 1330 3372 nupti
1343 3298 1380 3368 ῥή-

338 3410 427 3461 τορσιν
444 3397 545 3463 εἴρηται
559 3388 654 3447 derenci
672 3393 813 3462 κεφάλαια,
838 3401 882 3448 καὶ
906 3393 942 3465 tq*
970 3401 1013 3447 καὶ
1032 3388 1087 3445 ‘dhes
1111 3388 1185 3458 λόγοι
1209 3385 1381 3454 σομέζσιη’σῖε

338 3477 429 3545 σχεδδν
443 3476 518 3534 εἶναι
541 3486 697 3541 θέσεως
721 3486 764 3552 [ad
789 3485 814 3538 b.
833 3485 850 3538 Ι.
880 3485 930 3539 vid.
948 3494 1039 3537 annot.
1057 3478 1204 3548 Finctxhii.]
1234 3478 1313 3533 Cous.
1328 3474 1381 3529 Phi·

338 3567 460 3623 lostratus
491 3571 524 3622 de
556 3571 623 3624 Vitis
654 3570 840 3642 sophistarum
871 3573 899 3625 L.
918 3572 951 3626 tl.
978 3590 1001 3625 c.
1017 3574 1044 3624 t.
1069 3581 1097 3624 et
1128 3589 1189 3640 cap.
1211 3573 1256 3624 29.
1309 3565 1381 3637 igilur

338 3654 538 3722 Quinctilianus
555 3657 618 3711 lust.
636 3656 723 3713 Oratt.
744 3659 775 3725 ll,
794 3664 820 3726 1,
836 3663 868 3713 9:
887 3661 975 3712 theses
993 3669 1068 3713 vocat
1085 3658 1159 3710 locos
1178 3654 1352 3710 communes.“

409 3741 479 3804 lam,
499 3754 528 3796 ut
546 3744 579 3796 ad
599 3757 721 3798 nostrum
740 3747 772 3799 de
791 3746 831 3800 his
848 3746 985 3801 sententiis
1004 3745 1134 3799 iudicium
1153 3745 1297 3810 accedam,
1321 3758 1381 3812 pau·

339 3828 375 3879 cis
395 3827 505 3899 defungi
523 3828 592 3883 licet.
629 3830 670 3885 Ac
689 3832 753 3885 mihi
771 3835 881 3905 quidem
902 3833 1106 3907 Wyttenbachii
1131 3833 1273 3905 explicatio
1289 3825 1381 3883 satisfa-

338 3934 399 3968 cere
418 3914 520 3968 videtur
538 3916 588 3985 ita,
609 3930 638 3972 ut
656 3919 688 3972 ad
707 3922 850 3976 verborum
869 3924 1118 3993 sententiarumque
1139 3920 1306 3976 intellectum
1323 3912 1380 3970 nihil

337 4022 502 4076 magnopere
520 4006 670 4061 desiderare
689 4010 786 4081 possis:
813 4031 978 4084 quamquam
998 4010 1032 4063 oh
1052 4029 1111 4064 eam
1131 4028 1191 4062 rem
1211 4007 1320 4060 minime
1343 4022 1381 4056 su·

337 4111 528 4162 pervacaneam
547 4095 608 4147 duxi
628 4115 738 4167 operam
757 4100 784 4150 in
803 4099 919 4153 aliorum
939 4099 1079 4154 conatibus
1098 4096 1248 4153 referendis
1268 4094 1380 4166 positam.

338 4200 454 4251 quorum
474 4181 586 4252 quisque
606 4183 714 4255 aliquid,
734 4187 807 4258 quod
826 4188 859 4240 ad
878 4208 935 4241 rem
954 4188 1048 4254 faeiat,
1065 4186 1164 4241 attulit.
1201 4185 1298 4254 Quid?
1315 4178 1379 4255 quod

334 4288 387 4351 'nec
405 4269 470 4323 mihi
487 4271 521 4323 ita
541 4271 569 4323 in
586 4272 786 4343 Wyttenbachii
807 4277 970 4347 expositione
986 4275 1215 4346 acquiescendum
1242 4274 1323 4327 visum
1341 4277 1378 4329 etl

337 4365 366 4406 ut
383 4356 447 4408 nihil
466 4358 618 4412 addendum
637 4362 825 4430 existimarem,
854 4366 928 4436 quod
947 4364 980 4419 ad
1000 4383 1058 4416 rem
1077 4365 1169 4420 lacere
1195 4382 1270 4435 posse
1289 4359 1378 4412 videre·

337 4452 386 4492 tur.
423 4445 456 4497 Et
482 4447 599 4515 primum
620 4448 726 4518 quidem
744 4450 814 4504 addo
832 4449 922 4506 locum
941 4451 1081 4506 Ciceronis
1104 4454 1132 4507 in
1153 4453 1270 4508 Oratore
1294 4469 1316 4504 c.
1335 4447 1378 4502 lle
