3450 5342
630 706 826 755 ossiuoxou
845 710 889 754 v1.
917 709 1032 756 cumn.
1046 694 1106 758 m.
1316 694 1391 769 307

333 869 448 925 Plantat.
486 871 573 923 Noae:
602 867 662 922 ὁδὶ
681 867 759 930 σοφδς
778 866 809 920 oti
834 866 955 926 πλούσιος
981 863 1049 939 citici
1067 870 1235 932 πάμπλουτος
1255 880 1280 927 ἓν
1300 877 1388 940 duob.

332 978 388 1016 νοις
408 964 450 1009 καὶ
469 965 598 1028 γνησίοις,
616 955 655 1009 ὀυ’
669 959 753 1028 χρόνῳ
779 959 992 1022 παλαιουμένοις,
1012 951 1186 1021 uuivovpe'eoic
1210 964 1239 1012 dl
1258 969 1302 1014 καὶ
1320 963 1388 1034 ἡβῶ.

334 1064 375 1098 σιν
394 1044 446 1108 u'ei,
464 1051 569 1116 τρυφῶν
587 1044 701 1112 ἀγαθοῖς
719 1047 815 1106 μόνοις.
852 1045 910 1098 Me.

405 1118 484 1169 uuila
499 1119 647 1187 possessio,
664 1117 742 1170 nullu
761 1119 802 1169 vis
820 1118 885 1168 ouri
902 1117 949 1182 -]
977 1120 1059 1188 Borg.
1079 1116 1170 1169 laudat
1187 1120 1266 1173 Auel.
1286 1121 1318 1175 ad
1336 1123 1390 1177 lle·

334 1225 412 1260 renn.
435 1205 480 1273 lV,
500 1210 548 1260 14:
574 1209 646 1258 Nom
667 1206 699 1258 si·
715 1205 788 1259 voles
813 1203 925 1256 divitius
948 1221 1008 1254 oum
1028 1204 1130 1255 virtute
1148 1218 1316 1275 comparere,
1344 1211 1391 1262 vix

334 1295 405 1345 sutis
436 1294 545 1346 idoneae
576 1293 627 1345 tibi
653 1292 819 1346 videbuntur
844 1292 972 1353 divitiae,
1002 1309 1070 1360 quoe
1095 1293 1208 1345 virtutis
1229 1295 1390 1369 pedisequae

335 1381 400 1435 sint.
448 1381 489 1434 Ad
514 1402 536 1434 v.
554 1382 633 1433 nulla
658 1383 699 1433 vis
724 1380 788 1432 euri
804 1389 832 1429 et
858 1380 967 1448 argenti
991 1377 1063 1431 coni.
1088 1398 1167 1451 supra
1193 1380 1288 1435 Pet-ad.
1306 1383 1327 1449 l,'
1350 1391 1388 1439 2:

335 1469 441 1536 Quaero
462 1498 496 1509 —
516 1486 534 1520 a
561 1467 649 1525 vobis,
678 1487 742 1520 num
769 1466 853 1517 ullum
880 1465 1068 1535 cogitationem
1093 1467 1218 1522 habuisse
1246 1471 1403 1528 videantur.

334 1556 356 1604 ii
374 1584 408 1595 -
427 1566 479 1608 out
497 1557 581 1608 auri
600 1565 635 1606 et
654 1553 801 1625 urgenti
819 1551 1021 1604 atavartttam
1042 1566 1093 1608 cet.
1130 1556 1188 1609 ΜΓ.
1321 1606 1325 1613 .

407 1662 459 1694 non
477 1643 636 1714 intelligunt
655 1641 800 1707 hominem]
832 1638 900 1692 Cod.
919 1638 991 1692 Gud.
1011 1641 1044 1695 Α.
1069 1643 1165 1696 omittit
1189 1664 1259 1706 ηοη,Ι
1288 1645 1339 1701 Ox.
1358 1649 1387 1701 E.

336 1749 427 1784 vocem
446 1730 577 1792 homines,
596 1740 711 1800 uterque
732 1747 791 1781 mox
810 1728 888 1780 enim.
924 1724 955 1779 lu
975 1727 1046 1784 Gud.
1068 1729 1192 1784 B..deest
1211 1750 1300 1803 quom.
1346 1734 1387 1786 Ad

334 1817 493 1870 sententiam
511 1816 585 1870 Fre
605 1815 764 1887 Sylvius:
783 1815 877 1881 „ldem
896 1815 1001 1886 scripsit
1019 1814 1122 1871 Cicero'
1134 1818 1161 1871 in
1181 1818 1250 1873 libro
1270 1820 1303 1872 de
1321 1821 1387 1895 Rep.

336 1917 446 1979 quarto,
469 1916 496 1958 ut
515 1916 553 1959 est
571 1924 614 1975 ep.
652 1904 723 1958 Non.
759 1901 937 1955 Marcellum:
957 1904 1101 1972 Optimum,
1119 1905 1221 1976 inquit,
1239 1917 1268 1961 et
1286 1909 1315 1960 iu
1327 1910 1388 1977 pri-

335 1994 409 2045 vetis
422 1992 544 2062 santiliis
562 2002 590 2043 et
608 1993 637 2044 in
662 2010 690 2044 re
715 1989 825 2060 publica
853 1992 972 2061 vectigal
996 1991 1064 2043 duco
1090 2010 1148 2044 esse
1172 1995 1388 2061 parsimoniam⁴⁶

336 2081 398 2133 Vid.
418 2100 492 2134 nunc
510 2079 560 2134 Ed.
580 2091 662 2135 nostr.
683 2078 742 2139 Cic.
761 2079 794 2131 de
812 2079 879 2150 Rep.
898 2077 946 2143 IV,
963 2082 988 2130 l.
1021 2099 1047 2150 p.
1066 2082 1128 2133 421.
1147 2080 1211 2152 ibiq.
1237 2100 1298 2135 ann.
1318 2085 1387 2156 Aug.

335 2167 400 2221 Maii
420 2180 445 2222 et
464 2179 546 2222 nostr.
582 2169 651 2222 Add.
670 2166 825 2221 Mamertini
844 2165 921 2218 Grat.
940 2167 998 2218 Act.
1023 2165 1116 2222 lulian.
1137 2168 1170 2231 X,
1190 2170 1215 2222 3.
1241 2169 1281 2236 (iu
1302 2169 1389 2223 Pane-

336 2257 438 2328 gyrico.
465 2258 551 2312 Vett:
579 2276 642 2310 oum
667 2276 732 2310 eun.
758 2253 789 2309 C.
809 2253 842 2307 G.
861 2252 1005 2308 Schwarzii
1032 2253 1071 2309 ed.
1103 2253 1147 2309 W.
1172 2255 1277 2327 Jeeger.
1305 2257 1337 2310 Τ.
1356 2256 1388 2310 ll.

339 2365 366 2417 p.
380 2345 460 2414 15⁰):
479 2347 632 2397 Maximum
650 2343 701 2396 tibi
717 2342 828 2414 praebet
845 2343 1010 2413 parsimonia
1032 2353 1091 2407 tuo,
1109 2345 1247 2413 Auguste,
1265 2346 1389 2416 vectigal.

337 2431 438 2486 Annot.
457 2430 728 2502 Wyuenbaehii
745 2431 811 2484 haec
829 2443 881 2484 est:
900 2430 966 2497 „Est
986 2429 1156 2500 proverbium
1176 2429 1285 2484 Catonis
1303 2432 1389 2484 maio-

338 2520 388 2584 ris,
407 2519 480 2589 quod
494 2519 581 2589 ipsum
601 2538 615 2571 a
635 2518 747 2572 Graecis
764 2519 871 2584 sumsit,
891 2519 1037 2570 maximum
1055 2518 1173 2588 vectigal
1189 2519 1249 2584 (ie.
1262 2514 1389 2588 reditum)

336 2624 393 2657 esse
409 2607 630 2674 parsimoniam.“
648 2606 683 2658 cf.
700 2606 768 2659 lion
779 2605 929 2659 Catoniana
940 2624 965 2675 p.
973 2608 1035 2659 1⁰6.
1071 2605 1171 2658 Retulit
1189 2605 1259 2658 idem
1280 2625 1389 2677 prover-

335 2694 411 2745 bium
424 2692 548 2745 Erasmus
560 2693 589 2745 in
599 2692 716 2764 Adagiis,
737 2713 763 2764 p.
771 2697 832 2748 662.
863 2692 904 2745 Ad
920 2692 1065 2745 dictionem
1080 2692 1184 2746 confert
1195 2691 1275 2763 Boi-g.
1283 2692 1389 2747 Sallust.
1447 2682 1449 2687 ’

322 2779 416 2835 Catil.
434 2782 484 2834 13:
516 2779 637 2833 omuibus
655 2781 738 2833 modis
756 2782 924 2852 quaestui
943 2791 1026 2851 atque
1044 2781 1177 2832 sumtui
1196 2781 1302 2832 deditus
1321 2793 1390 2833 eret.

337 2865 393 2919 Cic.
403 2867 430 2918 in
439 2866 516 2919 Catil.
527 2864 587 2933 Iso:
605 2868 798 2920 Praetermitto
818 2868 914 2919 ruinas
927 2867 1110 2938 fortunarum
1128 2878 1239 2918 tuorum
1247 2887 1256 2926 ,·
1277 2887 1328 2918 -.·
1348 2887 1364 2919 o
1373 2870 1392 2918 ti

334 2955 407 3005 illa
432 2955 548 3015 venio,·
578 2954 653 3008 Brut.
673 2958 722 3008 86:
742 2957 845 3007 Omitto
863 2965 979 3007 eeteros:
1001 2956 1101 3006 venio
1121 2957 1250 3010 adeos.
1287 2955 1389 3009 Vocem

335 3043 391 3092 iam
404 3041 502 3094 omittit
520 3041 585 3094 cod.
603 3041 681 3095 Drsd.
700 3047 726 3097 5.
747 3062 809 3096 cum
829 3043 934 3095 duobus
953 3041 1022 3097 Aldi.
1060 3042 1138 3096 Unus
1155 3043 1273 3097 eiusdem
1294 3045 1390 3098 omittit

335 3130 418 3192 enim,
441 3148 503 3183 cum
521 3127 638 3183 GudA.
675 3130 706 3192 ln
725 3150 799 3202 seqq.
818 3132 876 3183 suis
895 3129 989 3183 excidit
1008 3131 1036 3183 in
1055 3129 1104 3184 Ed.
1124 3129 1207 3184 Suiir.
1225 3131 1306 3184 Petri.
1331 3131 1390 3184 Mo.

410 3217 493 3269 Venio
511 3219 580 3268 enim
597 3217 661 3284 etc.]
698 3217 822 3282 „Transit
841 3217 874 3269 ad
894 3229 1077 3287 sumptuosos,
1105 3238 1173 3291 quos
1191 3220 1306 3274 ostendit
1325 3221 1391 3275 dist

335 3315 375 3357 tes
393 3322 449 3356 non
466 3323 536 3369 esse,
555 3304 780 3376 quandoquidem
800 3305 851 3358 illis
870 3323 976 3376 semper
994 3304 1066 3358 deest
1084 3305 1213 3378 aliquid.“
1233 3308 1255 3360 F
1264 3327 1347 3362 ace.-

406 3392 543 3457 sexoenta]
582 3391 678 3456 „Valla
700 3391 770 3445 libro
795 3392 873 3445 tertio
895 3390 1122 3462 [Elegantiarum‚
1152 3411 1210 3464 cap.
1230 3399 1255 3448 5.
1279 3395 1325 3449 lib.
1344 3394 1389 3449 lll.

335 3499 362 3550 p.
382 3480 444 3531 21⁹.
464 3479 506 3531 ed.
525 3477 621 3531 Colon.
642 3480 735 3547 tuom]
757 3490 833 3550 putat
850 3479 1022 3531 scribendum
1039 3496 1165 3543 sexcena,
1185 3499 1235 3550 ego
1254 3500 1315 3534 vero
1329 3501 1391 3532 sex-

333 3567 476 3616 centenu.“
503 3563 525 3615 F
533 3583 576 3624 rc.
600 3564 620 3618 S
628 3564 694 3636 ylv.
753 3571 918 3632 ,‚Sexeento,
957 3567 1050 3619 decem
1076 3578 1185 3638 septem.
1235 3572 1389 3636 Sexcentas,

333 3671 413 3705 unus.
431 3650 505 3704 Ald.
522 3651 606 3705 Man.
643 3650 692 3720 „lu
712 3655 838 3708 omnibus
847 3655 975 3725 scriptum
990 3654 1106 3725 reperies
1118 3666 1251 3708 sexcenta.
1289 3657 1390 3710 Verum

334 3759 397 3794 cum
418 3738 527 3793 Crassus
546 3752 613 3795 esset
632 3740 781 3809 Quiritium
800 3743 843 3812 (ut
861 3742 952 3811 scribit
969 3742 1072 3795 Plinius
1089 3741 1158 3796 libro
1178 3743 1310 3798 tricesimo
1336 3756 1390 3798 ter-

334 3825 387 3893 tio,
408 3845 467 3897 cap.
486 3828 544 3896 tlt.)
567 3840 626 3899 post
651 3828 754 3899 Syllam
780 3828 938 3895 ditissimus,
962 3849 994 3883 ac
1017 3830 1163 3901 possideret
1188 3832 1215 3884 in
1244 3835 1314 3904 agris
1338 3835 1392 3888 suis

333 3914 483 3967 sestertium
508 3916 599 3986 viginti
627 3916 722 3979 millia,
749 3917 826 3971 facile
854 3929 892 3970 est
911 3919 998 3970 videre
1023 3918 1113 3972 locum
1140 3938 1194 3972 esse
1219 3931 1389 3991 corruptum:

334 4021 387 4055 nec
415 4001 516 4055 fallitur
542 4003 621 4058 Laus.
653 4002 742 4066 Valla.
780 4005 825 4074 qui
849 4005 895 4057 lib.
915 4002 961 4059 lll.
981 4025 1003 4058 c.
1021 4009 1053 4060 52
1080 4005 1138 4075 Ego
1166 4016 1271 4070 tamen,
1295 4005 1390 4075 inquit,

334 4098 402 4159 puto
421 4089 593 4143 scribendum
615 4109 670 4144 esse
689 4109 816 4158 sexcena,
844 4112 899 4147 non
919 4096 1070 4147 sexcenta.“
1087 4091 1246 4145 Morisot.
1290 4091 1391 4157 [Verba

334 4175 433 4231 Vallee
448 4188 522 4231 sunt:
552 4177 633 4243 „Non
659 4177 721 4231 dixit
749 4190 794 4232 aut
819 4191 946 4232 sescento
965 4191 991 4232 et
1008 4189 1127 4241 eentum,
1154 4190 1200 4231 aut
1226 4195 1338 4230 sexcena
1366 4192 1392 4233 et

334 4273 465 4329 centena,
485 4283 554 4335 quae
573 4275 662 4319 tamen
681 4266 782 4318 diverse
801 4277 878 4332 sunt,
900 4280 929 4321 ut
950 4266 1135 4336 intelligamus,
1155 4265 1187 4316 ab
1207 4264 1253 4317 illo
1270 4278 1391 4320 sexcenta

334 4350 396 4421 'capi
417 4370 578 4416 amoenus,
600 4372 655 4406 non
675 4352 786 4424 singulis
805 4355 890 4419 annis,
909 4356 941 4407 ab
962 4353 1013 4414 boc
1030 4363 1142 4407 centena
1162 4370 1217 4404 non
1237 4371 1292 4404 uno
1310 4372 1389 4420 anno,

331 4437 378 4491 sed
400 4438 513 4508 singulis
530 4439 615 4496 annis.
653 4439 711 4511 Ego
732 4452 821 4495 tamen
841 4446 930 4514 puto‘¹
950 4444 1009 4510 eto]
1047 4439 1154 4510 sequor
1171 4439 1276 4494 Vallem
1289 4452 1314 4495 et
1329 4442 1390 4498 Mo-

1078 4526 1151 4599 20*
