3450 5342
663 746 665 750 f
689 685 886 733 raasnoxon
909 687 943 734 ιι.
1291 672 1342 743 99

288 844 409 897 Platonis
431 843 596 908 Menexeno,
623 847 640 897 i.
660 866 682 899 e.
706 848 813 901 funebri
839 847 974 910 oratione,
1004 867 1029 917 p.
1049 850 1110 900 4⁰8.
1128 845 1165 920 [p.
1184 855 1243 903 24'1.
1279 864 1342 907 extr.

288 931 441 1004 Stephqp
445 937 527 986 ..4⁰2
544 932 575 986 Ρ.
589 931 622 999 ll,
641 938 666 989 3.
693 932 821 1001 Beller.;
845 936 878 989 T.
898 936 931 988 V.
952 954 978 1005 p.
998 937 1060 988 3⁰2.
1079 934 1161 1005 Bip..]
1193 929 1267 1005 Ὅτῳ
1292 941 1342 1010 γιιρ

289 1016 407 1087 ἅνδρὶι
359 1040 421 1077 ιιις
439 1017 530 1072 inuris
548 1016 694 1092 ἀνήρτηται
711 1022 798 1076 πάντα
815 1021 851 1075 ‘cti
869 1020 934 1092 ιιρδς
952 1020 1086 1085 solidumve
1077 1044 1119 1075 ιαν
1138 1023 1287 1093 φέροιτα“
1267 1047 1283 1094 q
1291 1030 1343 1108 ‘ty-

288 1106 337 1171 rtis,-
354 1104 463 1169 τούτου,
492 1113 535 1160 ναι
553 1105 590 1178 μή
610 1114 636 1162 ἓν
655 1108 744 1172 ἄλλοις
769 1108 921 1217 q’sdnainocc
945 1114 1094 1181 αὶηωριιιια
1120 1113 1145 1169 ἐξ
1170 1096 1206 1162 oin
1230 1112 1251 1180 rJ'
1274 1109 1303 1163 εὖ
1327 1114 1346 1181 ἠ

289 1201 375 1254 nunde
391 1193 542 1296 πραξάντων
560 1196 749 1252 πλανᾶσθαι’
731 1198 894 1270 ηνᾶγιιαοται
918 1205 962 1250 καὶ
982 1197 1114 1265 τᾶιιιινοιι,
1142 1199 1229 1250 τούτω
1248 1196 1344 1267 ἄριστα

289 1281 495 1352 παρεσκεύασται
513 1284 559 1355 ζῇν
578 1308 600 1341 ιι.
619 1308 645 1340 τ.
664 1289 688 1344 ι.
707 1306 770 1341 narn
789 1299 860 1342 totus
880 1287 955 1340 locus
973 1285 1074 1340 Tusce.
1094 1287 1127 1351 V,
1146 1289 1189 1355 11.
1209 1305 1237 1338 ex
1257 1284 1342 1340 Grae-

288 1373 328 1423 cis
344 1372 376 1424 ad
397 1375 506 1426 verbum
525 1393 668 1428 conversus
686 1386 732 1428 est.
770 1374 843 1442 [vid.
860 1374 903 1427 ed.
921 1384 1005 1426 nostr.
1023 1372 1056 1427 T.
1066 1369 1111 1425 lll.
1130 1392 1156 1443 p.
1166 1377 1200 1428 ta
1218 1393 1259 1445 sq.
1276 1373 1341 1445 ibiq.

287 1471 389 1513 annott.
408 1472 492 1515 nostr.
511 1461 585 1530 Ma]
612 1482 730 1534 eumque
749 1463 807 1516 aliis
825 1463 905 1516 etiam
929 1462 957 1514 in
977 1460 1053 1513 libris
1070 1461 1187 1513 imitatus
1205 1473 1254 1515 est:
1275 1480 1343 1534 quos

288 1548 396 1617 quidem
415 1550 490 1602 locos
507 1549 637 1603 Graevius
656 1551 800 1617 annotarit,
820 1568 872 1603 nec
891 1561 981 1603 tamen
999 1549 1101 1601 sontem
1121 1547 1239 1601 Platonis
1252 1560 1341 1602 osten-

286 1634 352 1687 dit.“
372 1637 620 1708 Wyttenbach.
665 1639 733 1692 Add.
752 1637 903 1692 Gernlrard.
922 1637 955 1690 ad
980 1636 1037 1690 Cic.
1062 1637 1095 1687 de
1117 1633 1175 1688 Olf.
1195 1636 1215 1700 l,
1235 1639 1278 1701 18,
1296 1640 1341 1690 dt).

286 1743 313 1794 p.
333 1728 377 1777 tn.
413 1725 510 1796 Parad.
529 1726 563 1790 V,
584 1729 615 1778 t:
635 1728 717 1778 Cuius
737 1728 826 1778 omnia
844 1726 956 1777 consilia
975 1740 1068 1794 resque
1087 1741 1189 1785 ornnes,
1208 1740 1276 1794 quas
1294 1742 1340 1792 ge-

284 1811 339 1872 rit,
358 1808 393 1863 ab
410 1811 467 1878 ipso
481 1812 693 1880 proficiscuntur
711 1813 851 1882 eodemque
864 1812 1008 1881 feruntur.
1045 1809 1105 1865 Mr.

359 1908 442 1965 aptus
459 1915 492 1948 ex
510 1901 578 1967 sese]
599 1901 642 1952 cui
661 1920 691 1952 ex
710 1920 737 1953 se
754 1900 812 1969 ipso
830 1911 892 1971 apta
912 1910 937 1953 et
961 1900 1052 1952 iuncta
1077 1898 1183 1961 omnia,
1213 1897 1259 1968 qui
1285 1916 1341 1949 non

284 1981 366 2036 habet
384 1985 545 2039 extrinsecus
563 2006 703 2059 suspensas
720 1988 823 2041 vivendi
841 1988 973 2053 rationes,
994 1998 1024 2041 ut
1043 1987 1104 2040 alibi
1124 1986 1252 2057 loquitur.
1289 1984 1339 2038 llic

285 2083 374 2125 autem
394 2093 464 2126 unus
481 2075 576 2128 virtute
594 2077 729 2148 praeditus
748 2077 800 2131 dici
819 2087 922 2147 potest,
943 2087 976 2142 et,
997 2076 1068 2168 qnod
1089 2074 1270 2146 consequitur,
1290 2069 1338 2123 αι’·

285 2155 394 2229 acinano.
430 2161 527 2215 Face.

359 2249 456 2318 quique
474 2251 503 2300 in
527 2268 555 2301 se
574 2269 627 2302 uno
652 2268 703 2302 sua
718 2252 797 2320 ponit
825 2252 935 2315 omnim]
962 2248 1028 2303 Cod.
1046 2248 1105 2303 Cra.
1123 2253 1148 2304 3.
1175 2251 1234 2321 qui
1259 2250 1287 2300 in
1311 2267 1338 2300 se

285 2354 357 2395 uno,·
378 2333 435 2388 Cra.
456 2339 481 2390 1.
501 2338 594 2408 quive
609 2338 688 2408 ponit
706 2341 734 2390 in
752 2358 780 2390 se
799 2359 852 2390 nnn
872 2339 960 2390 omnia
977 2355 1028 2390 sua
1047 2339 1082 2390 in
1099 2356 1146 2390 se:
1175 2337 1220 2389 sed
1239 2335 1339 2406 repeti-

285 2432 342 2474 tum
360 2422 390 2473 in
406 2441 434 2473 ss
453 2424 486 2476 ab
505 2424 538 2477 al.
558 2445 593 2477 ιιι.
611 2439 773 2496 expunctum
793 2438 846 2489 est,
873 2425 931 2478 Crz.
951 2429 975 2477 2.
1008 2426 1106 2496 quique
1126 2424 1154 2476 in
1172 2443 1200 2475 se
1219 2443 1271 2475 uno
1289 2443 1337 2492 po-

284 2511 327 2561 nit
346 2512 434 2562 onmia
453 2530 519 2575 sua,
539 2531 601 2565 cum
619 2513 699 2568 Drsd.
718 2518 761 2580 5.;
780 2513 888 2567 Suerin.
905 2513 982 2581 ponit
1003 2530 1054 2563 suo
1075 2511 1171 2563 omnia.
1206 2509 1266 2563 Mr.

357 2597 440 2648 Cuius
458 2608 548 2648 autern
566 2619 626 2669 spes
644 2602 738 2668 omnis]
757 2603 824 2664 „Oui
839 2620 899 2652 vero
917 2618 977 2668 spes
996 2600 1093 2662 omnis,
1112 2611 1172 2651 tres.
1210 2599 1259 2648 oui
1278 2614 1337 2664 sper

284 2686 385 2740 onmis,
405 2685 540 2738 tredecim.
588 2689 671 2738 Cuius
689 2706 749 2756 apes
768 2688 865 2750 omnis,
891 2698 953 2739 tres.
1003 2686 1052 2737 t'ui
1075 2703 1144 2756 qnae
1162 2704 1222 2753 spes
1247 2683 1338 2746 omnis,

283 2792 363 2826 unus.
389 2772 486 2827 male.“
503 2774 576 2828 Ald.
602 2775 689 2828 Man.
740 2775 787 2828 Est
813 2777 840 2827 in
868 2774 927 2827 Crz.
954 2777 978 2828 3.
1005 2775 1049 2824 cni
1067 2784 1182 2826 nutem
1207 2791 1282 2841 spen,
1310 2771 1337 2822 in

283 2858 337 2913 Ox.
356 2859 375 2911 l.
393 2862 505 2932 cuique
523 2881 597 2931 spes,
617 2863 645 2915 in
664 2862 713 2917 Ox.
733 2883 759 2932 η.
778 2881 808 2925 ψ.
827 2862 909 2916 Drsd.
928 2869 952 2915 2.
972 2862 1015 2912 cni
1034 2881 1113 2913 vero
1131 2879 1206 2930 spes,
1224 2859 1337 2914 Drsdd.

283 2948 329 2997 cui
347 2966 428 3000 vero
446 2949 529 3000 ornnis
547 2957 622 3018 spei,
640 2971 702 3005 cunr
721 2951 795 3004 Gud.
814 2951 873 3004 Β.
866 2971 894 3003 ιιι
914 2951 986 3003 Gud.
1004 2950 1037 3004 Α.
1068 2950 1125 3001 Cui
1143 2967 1203 3018 apes
1222 2948 1349 3004 animi..

283 3033 406 3088 Nostram
425 3034 579 3102 lectionem,
601 3059 653 3110 qua
674 3040 836 3094 omittuntur
855 3039 1017 3112 particulae,
1037 3057 1098 3093 cunr
1119 3036 1244 3090 tredecim
1264 3037 1335 3103 Aldi,

282 3119 381 3174 lrabent
399 3108 483 3176 Codil.
500 3123 566 3180 Oxx.
584 3138 701 3197 quatuor
719 3127 831 3199 reliqui,
851 3127 949 3180 Grnl.
967 3132 991 3179 2.
1010 3126 1104 3179 Duisb.
1114 3123 1221 3177 Suerin.
1232 3126 1334 3179 etEdd.

283 3207 354 3262 Vter.
372 3208 439 3262 Rob.
456 3208 548 3283 Steph.
567 3211 651 3268 Sullr.
669 3215 740 3268 Petr.
759 3215 837 3268 Grut.
860 3227 887 3268 et
905 3216 1028 3285 (excepto
1047 3213 1162 3266 Facciol.
1183 3214 1228 3282 qui
1256 3212 1335 3266 habet

282 3297 388 3347 cuius
406 3308 525 3348 autern
543 3318 616 3366 apes,
637 3319 699 3353 cum
719 3313 780 3355 vett.
800 3301 916 3371 aliquot)
934 3320 1009 3371 seqq.
1033 3300 1154 3363 Paucae,
1175 3300 1235 3351 Asc.
1255 3300 1334 3351 1511.

282 3383 367 3436 Paris.
392 3401 412 3435 s.
436 3403 459 3435 a.
486 3385 578 3437 Lamb.
600 3385 696 3440 Colon.
722 3391 802 3442 toto.
831 3388 930 3440 habent
959 3388 1001 3437 cni
1029 3405 1106 3436 vero
1136 3403 1236 3444 omnes,
1268 3384 1334 3435 aliae

281 3489 345 3524 curn
363 3468 441 3521 Face.
460 3467 559 3523 habent
577 3473 677 3523 cuius
694 3483 813 3525 autem
831 3491 891 3541 spes
911 3473 1010 3528 omnis,
1037 3481 1067 3522 ut
1084 3473 1145 3523 Car.
1164 3469 1255 3538 Steph.
1274 3469 1334 3520 Atd.

280 3561 363 3612 1552.
383 3557 493 3609 Lambb.
512 3556 592 3611 Goth.
610 3557 686 3629 syth.
710 3556 848 3611 B.'Woll'.
873 3557 919 3628 qui
938 3558 977 3608 vir
997 3555 1155 3626 plerumque
1180 3552 1251 3607 aliud
1271 3553 1334 3624 quid

281 3645 309 3696 in
326 3645 452 3698 lemmate
472 3646 652 3699 annotationis
668 3644 747 3699 habet
764 3645 804 3715 (h.
818 3646 835 3698 l.
856 3643 915 3712 cui)
933 3662 1014 3716 quam
1034 3643 1061 3694 in
1080 3641 1219 3703 contextis}
1239 3640 1334 3711 reliqui

281 3750 375 3786 omnes
392 3732 493 3786 habent
510 3735 555 3783 cui
572 3744 689 3785 autern
707 3752 766 3803 spes
785 3733 876 3785 omnis.
925 3731 1014 3784 Verba
1041 3740 1067 3781 et
1087 3731 1159 3782 ratio
1185 3729 1280 3781 desunt
1306 3728 1333 3780 in

281 3806 361 3874 Drsd.
380 3825 406 3875 4.
425 3825 449 3875 5.
486 3819 554 3887 Sed,
575 3833 604 3874 ut
623 3833 714 3876 nostro
734 3823 810 3888 loco,
841 3822 889 3875 tria
909 3820 975 3873 haec
995 3819 1077 3872 iunxit
1096 3817 1254 3872 substantiva
1274 3814 1332 3868 Cic.

281 3910 310 3962 in
328 3908 379 3963 Or.
398 3928 449 3980 pro
467 3908 558 3962 Plano.
578 3913 624 3964 23:
652 3912 710 3962 alin
733 3911 889 3972 tarutio,
912 3909 970 3959 olio
990 3908 1172 3980 cogitatio
1190 3907 1228 3956 ad
1244 3922 1333 3974 spem

282 3997 363 4048 nutus
389 3997 553 4065 opprimendi
571 3999 710 4051 excitavit.
728 3996 841 4052 Guan.
858 4016 891 4049 ex
904 3997 1025 4068 fortuna
1044 3995 1149 4064 pendet.
1186 3992 1237 4046 Ox.
1256 4011 1285 4054 ψ.
1305 3993 1332 4044 in

281 4103 355 4156 seqq.
381 4085 477 4152 pendet
495 4094 529 4135 et
550 4086 680 4155 fortuna.
726 4086 775 4141 Ed.
795 4085 845 4139 Th.
870 4083 981 4138 Bentleii
1007 4094 1066 4153 post
1082 4083 1203 4153 fortuna
1233 4079 1329 4150 pergit:

282 4173 339 4223 eui
363 4171 434 4223 atttt
451 4200 484 4211 -
511 4173 578 4224 diem
587 4193 597 4234 ,⁰
630 4193 689 4226 eum
718 4185 749 4226 ιιι
777 4175 906 4226 hominem
932 4184 982 4226 etc.
1023 4170 1095 4222 Tum
1119 4167 1205 4220 Codd.
1230 4164 1290 4216 Cri..
1308 4168 1330 4214 2.

282 4256 360 4311 Drsd.
380 4262 405 4312 1.
423 4262 448 4313 3.
472 4260 618 4313 ΙιιιίοιιὶΙιιἸ
635 4269 724 4331 potest
742 4282 799 4315 esse
817 4273 962 4315 certum.
999 4260 1027 4311 ttt
1038 4277 1059 4307 r.

350 4346 433 4410 nihil,
453 4366 516 4418 quo
533 4349 703 4417 exploratum
722 4349 822 4403 liabent
842 4351 889 4417 -]
909 4347 974 4414 „Est
992 4365 1006 4397 a
1026 4341 1130 4395 duobus
1147 4338 1211 4391 Pall.
1225 4349 1332 4392 senten·

282 4435 315 4487 tia
335 4447 389 4489 tarn
409 4434 542 4506 expedita,
567 4436 597 4490 ἰιι
615 4437 648 4489 de
668 4439 724 4490 eius
743 4439 849 4492 veritate
871 4437 981 4489 verbum
1000 4431 1089 4484 facere
1106 4446 1332 4499 supervacaneum

999 4518 1047 4592 7.
