3450 5342
616 688 639 734 1.
693 685 829 734 CODICES
856 685 944 733 litllll
969 683 1103 733 scnttrt.
1322 687 1383 735 Xlll

405 853 449 904 12.
486 849 570 900 Codex
588 843 821 898 Suarinensis.
859 841 974 917 Collatio
987 842 1043 896 eius
1053 852 1141 910 exstat,
1159 843 1253 898 lactaa
1273 844 1385 898 Scbil-

333 936 423 1003 lero,
441 934 538 988 Philos.
557 933 675 987 Doctore
692 931 862 998 sutrinensi,
883 931 911 983 in
930 930 1000 984 libro
1018 941 1170 996 menstruo,
1198 932 1385 1002 qui'inscribi-

335 1035 391 1077 tur:
413 1026 487 1075 Neue
510 1019 622 1076 Jahrbb.
642 1020 671 1090 f.
697 1020 800 1073 Philol.
827 1040 854 1071 u.
881 1019 1059 1090 Poedogogik.
1101 1021 1273 1089 Herousgeg.
1300 1041 1325 1073 v.
1351 1019 1385 1072 G.

332 1109 507 1176 Seebode,
527 1105 693 1174 l.C.labn,
713 1106 783 1159 att.
804 1105 916 1159 Klotz.
936 1105 980 1158 lli.
997 1104 1093 1178 Suppl.
1112 1103 1163 1160 Bd.
1184 1105 1271 1159 billi.
1282 1109 1384 1174 (1835.)

333 1219 359 1270 p.
379 1199 542 1252 too-264.
580 1195 733 1265 Descriptio
752 1192 860 1248 Codicis
879 1212 933 1246 non
952 1193 1028 1248 inest.
1065 1192 1159 1265 Neque
1177 1203 1290 1247 aetatem
1309 1194 1384 1246 nori-

332 1304 401 1351 mus,
419 1303 507 1356 neque
526 1282 674 1348 materiam,
694 1281 737 1336 cui
755 1280 900 1353 inscriptus
916 1292 962 1347 est,
980 1299 1068 1352 neque
1086 1280 1203 1334 formam
1217 1280 1282 1335 eius.
1321 1279 1386 1334 cot-

332 1373 402 1427 latus
419 1383 457 1426 est
473 1390 536 1425 cum
560 1369 611 1423 Ed.
630 1368 777 1423 Orelliana.
824 1369 1014 1440 inscriptiones
1040 1367 1240 1421 Paradoxorum
1267 1367 1387 1422 Graecae

333 1462 443 1514 desunt:
461 1457 530 1513 tertii
548 1457 642 1522 etiam,
660 1468 691 1511 ut
706 1456 734 1509 in
754 1456 858 1523 multis,
878 1455 986 1521 Latina,
1006 1455 1082 1509 cuius
1098 1454 1158 1509 loco
1176 1454 1269 1510 litteris
1287 1455 1388 1508 maius·

333 1546 400 1601 culis
417 1546 543 1617 leguntur
560 1544 657 1616 scripta
677 1541 742 1598 baec
758 1543 841 1614 ipsius
859 1554 997 1598 contextus
1014 1544 1107 1595 rerba:
1126 1547 1220 1595 Porro
1237 1545 1326 1616 inquit
1343 1555 1385 1596 ast

333 1644 367 1685 ιιι
385 1653 484 1706 magno
502 1632 598 1702 culpa,
617 1630 724 1694 mutila,
742 1629 818 1684 utin
838 1629 969 1701 plurimis.
1007 1629 1092 1684 Habet
1103 1628 1191 1683 Codex
1211 1630 1295 1684 multa
1315 1644 1385 1686 vete-

332 1720 370 1773 ris
387 1719 554 1791 scriptionis,
571 1719 617 1771 sed
634 1717 716 1770 multa
737 1717 817 1770 etiam
834 1717 1003 1787 ignorantiae
1027 1717 1165 1789 scriptoris
1182 1718 1221 1772 rel
1246 1719 1386 1791 negligen-

333 1807 386 1861 tiae
404 1805 526 1876 vestigia:
550 1814 711 1870 esttamen,
742 1803 789 1855 ubi
813 1803 840 1854 in
868 1802 934 1856 locis
958 1804 1045 1859 dubiis
1070 1807 1204 1877 conspiret
1233 1826 1295 1860 cum
1312 1808 1386 1861 libris

333 1892 498 1946 melioribus.
510 1954 512 1959 Ι

405 1983 449 2035 13.
485 1979 572 2031 Codex
591 1977 884 2048 Duisburgensis.
926 1970 1108 2035 U'nirersitatis
1131 1980 1279 2037 litterarum
1304 1982 1386 2036 Duis·

334 2067 474 2138 burgensis
492 2065 604 2121 Codices
621 2065 730 2119 Latinos
755 2065 949 2139 descripsit'H.
969 2066 1000 2120 Α.
1020 2066 1224 2137 Grimmius,
1255 2069 1305 2123 Tb.
1325 2072 1385 2137 Dr.,

333 2155 512 2210 Bibliothecae
529 2154 697 2208 academicae
714 2155 873 2225 praelectus.
911 2153 1000 2208 Codex
1021 2155 1078 2221 ille,
1105 2157 1152 2229 qui
1170 2157 1385 2228 quattuordecim

334 2242 470 2296 variorum
488 2242 650 2314 scriptorum
669 2241 752 2294 libros
770 2243 905 2307 continet,
925 2240 1119 2298 Ciceronianus
1135 2243 1214 2299 babet
1231 2265 1282 2312 scs,
1304 2246 1330 2298 in
1346 2245 1386 2298 bis

334 2330 486 2397 Paradoxa,
504 2328 663 2383 Orationem
682 2327 875 2396 Milonianam,
901 2329 1036 2398 Laelium,
1061 2328 1243 2400 Catilinarias,
1274 2333 1385 2387 invecti·

334 2436 392 2469 vam
411 2417 440 2470 in
458 2414 613 2470 Sallustium
632 2415 792 2488 (spuriam);
817 2416 851 2470 de
870 2415 988 2486 Officiis,
1015 2418 1049 2471 de
1066 2416 1223 2486 Senectute,
1251 2419 1384 2474 Tuscula-

335 2525 391 2560 nas.
427 2504 474 2560 Est
491 2503 605 2559 Collatio
631 2504 658 2557 in
683 2503 770 2572 libro,
795 2503 841 2577 qui
866 2504 1032 2559 inscribitur:
1061 2505 1081 2561 Ι.
1098 2505 1131 2561 Η.
1149 2506 1292 2560 Withof
1311 2510 1384 2562 Krit.

334 2594 542 2665 Annaerlrungen
559 2593 601 2646 ub.
621 2597 715 2645 Horoz
734 2612 762 2646 u.
780 2592 880 2644 andere
897 2596 985 2646 Roem,
1003 2595 1212 2664 Schriftstellcr·
1230 2595 1273 2649 ΙΙΙ.
1291 2594 1384 2650 sitiet.

333 2680 514 2748 (Diisseldorl.
533 2683 613 2734 1192.
632 2679 672 2747 8.)
691 2699 717 2749 p.
737 2683 899 2735 tta-tta.
946 2679 1047 2736 Scribit
1065 2680 1276 2750 Grimmius,
1303 2682 1385 2736 Codi-

335 2786 396 2821 cem
413 2785 467 2820 esse
485 2767 736 2831 membranaceum,
755 2766 775 2820 l.
794 2786 845 2832 ιιι,
870 2767 967 2835 seculi,
987 2769 1008 2822 si
1027 2789 1082 2822 non
1100 2770 1170 2822 tertii
1188 2770 1294 2836 decimi,
1313 2781 1385 2823 certe

335 2853 424 2927 quarti
442 2853 540 2908 decimi
563 2855 694 2921 ineuntis;
722 2856 806 2927 pictas
833 2875 895 2910 eum
913 2854 1012 2910 babere
1030 2857 1129 2911 litteras
1146 2857 1273 2924 initiales,
1302 2876 1385 2930 quum

335 2942 470 2996 caeruleas
494 2953 550 2996 tum
585 2943 692 2997 rubras:
724 2944 838 3014 primam
866 2943 995 3016 cuiusque
1027 2944 1088 2998 libri
1114 2945 1264 3000 inauratam
1299 2946 1386 2999 etiam.

335 3029 447 3083 Summa
466 3048 527 3084 cum
546 3029 681 3101 diligentia
700 3031 820 3086 codicem
840 3050 895 3084 esse
913 3032 1052 3103 scriptum:
1080 3051 1135 3087 esse
1153 3034 1182 3087 in
1201 3033 1322 3105 margine
1340 3053 1386 3087 ea-

336 3117 397 3172 dem
425 3138 507 3173 maou
533 3119 645 3191 scriptas
671 3120 872 3187 annotationes,
907 3139 1005 3191 easque
1032 3121 1147 3192 prodere
1172 3120 1258 3173 sirum
1286 3120 1385 3174 multae

334 3205 468 3274 lectionis,
487 3207 537 3260 nisi
554 3206 624 3261 torte
642 3226 695 3260 una
716 3226 778 3261 curn
797 3207 934 3278 scriptoris
957 3208 1040 3279 ipsius
1057 3207 1132 3262 libris
1158 3208 1306 3280 descriptae
1325 3207 1386 3260 sue-

336 3293 390 3347 rint
410 3311 440 3347 ει
458 3294 550 3349 codice
568 3294 722 3349 vetustiore:
741 3293 862 3349 Graecae
880 3295 988 3368 linguae
1007 3315 1068 3350 eum
1086 3295 1166 3350 fuisse
1183 3295 1263 3367 plane
1274 3296 1385 3367 imperi-

334 3392 407 3434 tums
425 3379 542 3435 Graecas
557 3382 744 3454 inscriptiones
760 3384 796 3438 ita
815 3383 955 3437 mendosas
973 3403 1036 3450 esse,
1057 3394 1087 3438 ιιι
1105 3403 1166 3436 eum
1185 3403 1219 3436 ne
1237 3383 1385 3438 litterarum

335 3468 446 3540 quidem
465 3466 631 3522 Graecarum
658 3468 754 3523 ductus
782 3469 904 3539 cognitos
927 3468 1046 3522 babuisse
1070 3480 1205 3541 appareat.
1249 3468 1339 3521 Semel
1353 3469 1385 3520 in

333 3557 427 3628 aliquo
445 3554 574 3609 Lactantii
592 3554 660 3610 libro
680 3555 727 3625 (de
746 3557 818 3609 Vero
844 3553 938 3624 Cultu)
964 3555 1128 3626 adscriptum
1154 3575 1222 3609 esse:
1247 3557 1321 3623 „Hic
1340 3555 1386 3604 ‹le-

335 3643 398 3697 bent
415 3662 472 3696 esse
500 3643 585 3707 verbo·
603 3647 731 3716 graeco.“
773 3644 855 3698 Addit
883 3642 1177 3723 Grimmiusnrarii
1201 3643 1307 3715 generis
1331 3661 1385 3696 esse

334 3730 534 3785 annotationes:
552 3731 650 3786 babere
669 3732 732 3787 alias
750 3733 873 3787 lectionls
891 3733 1056 3797 varietatem
1075 3731 1132 3786 aliis
1149 3730 1251 3785 laudari
1270 3731 1384 3802 scripto·

333 3839 377 3873 res
393 3819 434 3874 rel
452 3819 526 3874 locos
542 3820 656 3888 similes,
674 3821 727 3875 sire
746 3821 778 3874 ad
799 3839 841 3873 res
858 3821 911 3874 sive
929 3819 963 3874 ad
981 3838 1122 3892 personas;
1151 3819 1208 3872 aliis
1226 3829 1383 3890 argumenta

335 3899 493 3978 significari,
512 3906 551 3960 rel
569 3907 710 3962 bominum
726 3909 861 3963 clarorum
880 3909 990 3962 nomina
1010 3908 1101 3980 prodi,
1131 3906 1189 3961 aliis
1207 3906 1323 3978 denique
1341 3925 1386 3960 ex-

335 3994 429 4065 plicari
447 3995 527 4049 rerba
546 3995 709 4054 difficiliora;
738 3996 882 4051 nonnullas
908 4015 991 4050 manu
1014 3996 1164 4051 recentiore
1188 4015 1243 4050 esse
1267 3994 1385 4064 scriptas.

335 4081 382 4136 Est
399 4081 468 4136 liber
486 4101 541 4136 non
561 4083 786 4151 contemnendus,
816 4103 979 4157 quamquam
999 4103 1087 4157 neque
1105 4104 1134 4137 es
1154 4084 1222 4150 boc,
1249 4098 1383 4153 nequeas

336 4168 387 4222 alio
406 4189 558 4242 quoquam,
578 4171 660 4243 ipsius
678 4171 816 4227 Ciceronis
834 4191 945 4226 manum
965 4172 1101 4227 restituere
1120 4170 1227 4243 poteris.

407 4260 533 4311 14-20.
571 4260 910 4314 CodicssOxonienses
929 4272 1038 4331 septem.
1076 4260 1178 4313 Eorum
1196 4255 1323 4309 lectiones
1339 4273 1385 4306 ex·
1416 4278 1419 4286 ·

335 4343 461 4399 bibentur
478 4346 506 4398 in
525 4343 724 4403 Gernbardi
743 4350 866 4404 Editione
885 4371 911 4421 p.
919 4351 1088 4412 tta-2⁹²,
1108 4357 1133 4399 et
1151 4346 1178 4398 in
1190 4342 1383 4415 Supplemento

336 4429 385 4482 Ed.
416 4430 587 4486 Ernestianae
614 4435 741 4502 minoris,
772 4437 844 4491 Part.
871 4435 1025 4506 posterioris
1052 4433 1140 4487 Vott
1173 4431 1268 4499 (Halae
1292 4433 1384 4498 1822.)
