3450 5342
614 690 811 738 renunoxon
831 692 852 736 1.
898 689 967 736 cun.
986 691 1009 736 r.
1290 660 1339 735 27

281 857 365 909 1514.
394 862 426 903 ut
445 868 478 903 ex
506 851 598 903 eadem
628 848 757 921 officina,
786 849 815 902 in
833 849 885 919 Irae
913 847 1006 918 eadem
1026 845 1127 918 figure
1150 803 1234 913 :aiem
1252 862 1341 915 appa-

283 952 354 997 reat.
391 939 422 992 Μ
431 959 453 991 r.
798 942 800 946 '

521 1310 524 1317 Ι
589 1160 956 1312 ῬΑΒᾼΒΟΧΟΝ
990 1206 1022 1278 1.
1050 1284 1053 1289 ,

333 1373 428 1474 ‘'Orc
452 1376 559 1477 μόνον
585 1372 749 1472 ἀγαθὰν
776 1370 820 1452 ro*
845 1369 983 1457 καλόν.

340 1519 469 1607 [Quod
492 1517 685 1589 honestam
713 1514 783 1602 stt,
808 1513 849 1581 id
874 1514 992 1605 solum
1020 1511 1289 1604 detumesce]

364 1695 509 1770 Vereor,
547 1711 589 1756 ne
624 1692 678 1755 cui
714 1687 860 1754 vestrum
886 1708 929 1754 ex
956 1689 1143 1754 Stoicorum
1168 1690 1340 1753 bominum
1355 1704 1377 1748 1.

286 1822 596 1908 disputationibus,
617 1844 686 1890 non
722 1820 765 1890 e'x
798 1843 875 1890 meo
908 1841 1006 1889 sensu
1035 1777 1230 1907 deprompta
1262 1826 1344 1889 baec

288 1961 442 2026 videatur
478 1962 604 2027 oratio:
642 1963 750 2026 dicam
784 1967 913 2039 tamen,
953 1961 1042 2042 quod
1068 1961 1200 2055 sentio,
1234 1947 1268 2024 et
1285 1914 1344 2024 ‚di-
1433 2000 1436 2005 -
1466 1938 1472 1947 ’

289 2117 364 2163 cam
400 2098 550 2176 brevius,
588 2090 687 2197 quam
714 2115 767 2163 res
794 2101 887 2162 tanta
913 2097 974 2161 dici
1001 2089 1122 2180 poscit¹
1168 2094 1343 2177 Nunquam

289 2234 478 2298 mehercule
514 2250 577 2314 ego
614 2251 723 2316 neque
749 2235 906 2317 pecunias
929 2234 1085 2313 istorum,
1118 2250 1226 2314 neque
1249 2235 1346 2299 'tecta

289 2370 483 2449 magnifica,
519 2386 628 2451 neque
660 2340 762 2452 opas,
801 2384 909 2453 neque
942 2369 1098 2451 imperia,
1137 2362 1254 2451 nequa
1277 2385 1344 2446 eas,

290 2506 409 2585 quibus
432 2500 748 2570 maxime-adstricti
774 2499 875 2584 sunt,
899 2507 1099 2587 voluptates,
1123 2500 1272 2569 inbonis
1289 2521 1345 2567 re-

288 2641 351 2704 bus
378 2643 436 2704 aut
462 2640 662 2721 expetendis
682 2654 755 2704 esse
781 2640 880 2707 duxi':
915 2644 1037 2724 quippe
1063 2659 1165 2722 quum
1188 2634 1345 2718 viderem,

288 2777 390 2840 rebus
415 2776 468 2839 bis
494 2775 757 2841 circumfluentes
782 2795 823 2842 ea
846 2783 959 2845 tamen
976 2778 1168 2842 desiderare
1188 2775 1344 2849 maxime,
1373 2830 1379 2845 ,

291 2888 410 2995 quibus
440 2913 656 3013 abundarent
723 2913 838 2997 Neque
862 2916 967 2980 ¹enim·
1003 2915 1155 2996 expietur
1188 2927 1346 2994 unquam,

291 3066 352 3113 noc
376 3015 514 3114 satiatur
539 3049 724 3131 cupiditatis
747 3049 834 3115 sitis:
868 3058 976 3133 neque
1001 3052 1111 3115 sotum
1138 3067 1179 3114 ea
1205 3049 1261 3131 qui
1284 3048 1345 3111 ba·

291 3184 371 3249 bent
413 3184 549 3261 libidine
592 3183 735 3266 augendi
773 3187 979 3266 cruciantur,
1021 3186 1094 3251 sed·
1116 3187 1215 3250 etiam
1249 3184 1347 3248 amit-

290 3320 382 3385 tendi
403 3327 507 3385 metus
563 3320 601 3384 l'n
632 3336 699 3401 quo
713 3321 876 3404 equidem
898 3304 1345 3388 continentissimorumbo·

291 3457 437 3534 minum,
460 3459 628 3522 maiorum
663 3456 873 3555 nostrorum,
905 3464 1005 3539 saepe
1029 3458 1166 3537 requiro
1200 3453 1347 3534 pruden-

292 3595 389 3672 tiam,
439 3595 494 3674 qui
526 3594 611 3659 baec
648 3593 814 3658 imbecilla
850 3596 889 3657 et.
917 3588 1163 3657 commutabilia
1188 3588 1348 3671 pecuniae

292 3722 494 3820 [membra],
526 3733 631 3796 verbo
658 3748 742 3795 noni
770 3734 980 3813 putaverunt:
994 3727 1208 3812 appellanda,
1246 3740 1348 3805 quum

293 3888 330 3935 re
352 3886 393 3934 ac
419 3868 521 3934 iactis·
539 3869 638 3949 longe
664 3870 761 3934 aliter
792 3869 1034 3933 iudicavissent
1098 3867 1251 3930 Potestne
1284 3861 1377 3924 bo-·

293 4022 374 4093 num
400 4005 556 4101 cuiquam
576 4007 666 4071 maio
693 4006 791 4071 essai
818 4014 876 4071 aut
901 4009 1009 4087 potest
1031 4002 1205 4084 quisquam
1228 3999 1262 4062 in
1287 3997 1347 4060 ab·

292 4141 452 4207 undantia
477 4142 644 4206 bonorum
664 4142 734 4225 ipse
768 4158 840 4207 esse
867 4160 935 4207 non
962 4141 1094 4205 bonus?
1154 4135 1252 4214 Atqui
1286 4131 1347 4194 ista

294 4278 409 4343 omnia
439 4277 525 4342 tatia
558 4232 725 4358 videmus,
759 4283 796 4340 ut
820 4280 919 4343 etiam
951 4274 1095 4356 improbi
1115 4270 1288 4345 babeant,
1315 4264 1347 4331 et

290 4416 403 4482 obsint
429 4415 552 4497 probis.
614 4415 723 4492 Quam
760 4416 804 4477 ob
841 4431 912 4481 rem
943 4413 1019 4476 iicet
1044 4407 1195 4486 irrideat,
1228 4405 1256 4469 si
1291 4404 1347 4486 qui
