3450 5342
348 656 420 729 108
676 681 845 726 ututuoxt
874 680 1066 729 srorcouuu.
1150 712 1155 722 .

344 858 411 910 quae
430 838 462 890 de
480 838 573 891 formis
597 839 637 889 nil
664 849 690 890 et
715 848 774 903 act,
800 837 925 891 Ciceroni
952 859 1007 893 non
1026 839 1140 904 usitatis,
1166 839 1287 912 disputat
1307 842 1342 896 0.
1359 844 1392 897 Μ.

342 927 448 979 Miiller.
466 928 493 978 in
511 925 589 979 Curis
607 925 729 979 secundis
748 926 779 979 ad
799 923 856 979 Cic.
877 927 927 980 Or.
938 948 988 998 pro
1007 926 1092 980 Sestio
1111 926 1243 996 (Coesliu.
1259 931 1340 984 1831.
1358 932 1391 999 8.)

243 1093 245 1097 Ι
342 1035 367 1085 p.
385 1019 420 1070 73
439 1035 527 1087 sq.-
565 1015 642 1067 Unus
659 1014 739 1067 Drsd.
757 1018 783 1068 4.
803 1013 964 1067 habetnon
983 1024 1107 1068 retest.
1144 1014 1202 1066 Mr.

411 1115 438 1155 et
457 1105 487 1154 id
503 1106 589 1172 ipsum
608 1122 639 1154 ne
658 1121 709 1153 non
728 1102 777 1169 sit]
797 1101 906 1172 „Vulgo
922 1112 980 1172 post
992 1103 1079 1170 ipsum
1094 1103 1202 1155 additur
1211 1104 1287 1173 quod
1304 1105 1387 1169 hubas,

341 1212 409 1263 quae
429 1193 506 1244 verba
526 1192 623 1244 absunt
641 1210 655 1242 a
674 1190 767 1241 decem
785 1191 909 1242 nostris.“
930 1189 1003 1241 Ald.
1021 1189 1106 1242 Man.
1141 1188 1207 1256 „Sic
1225 1189 1297 1259 (siue
1325 1192 1388 1262 quod

341 1279 433 1343 leudes)
452 1277 507 1330 Pal.
525 1297 576 1332 sec.
594 1277 731 1330 Pithocan.
751 1295 800 1329 nec
821 1296 877 1329 non
896 1277 952 1329 Pal.
972 1289 1031 1331 tert.
1045 1277 1142 1348 aliique
1155 1277 1236 1331 MSS.
1254 1279 1305 1331 uisi
1321 1279 1384 1356 quod

341 1365 462 1436 plerique
487 1365 567 1417 verbo
592 1363 737 1416 auctiores:
763 1364 921 1416 diuturnum
944 1365 1115 1434 futurum
1142 1368 1227 1419 times.
1272 1368 1339 1420 Edd.
1362 1378 1384 1419 et

340 1452 474 1520 idipsum
494 1471 533 1523 qu
544 1451 585 1502 od
601 1450 720 1517 habes,
747 1469 779 1500 ne
796 1470 849 1501 non
867 1451 904 1501 sit
924 1452 1083 1503 diuturnum
1095 1453 1266 1522 futurum
1289 1456 1383 1506 times.“

342 1539 438 1592 Grut.
474 1538 579 1592 llabent
592 1539 705 1609 glossam
725 1539 796 1611 quod
812 1536 894 1590 habes
913 1558 942 1591 ex
959 1538 1009 1591 Or.
1020 1539 1095 1592 libris
1115 1541 1181 1592 Cod.
1197 1541 1259 1594 Bas.
1270 1542 1319 1595 Ed.
1332 1560 1382 1613 pre.

341 1632 420 1682 1465.
439 1626 488 1679 Ed.
502 1647 545 1698 ap.
564 1626 648 1679 Meus.
667 1629 738 1678 Crat.
758 1625 999 1697 Magnol.Manut.‚
1018 1647 1046 1678 ex
1066 1629 1162 1680 nostris
1181 1627 1240 1682 Cre.
1252 1633 1276 1682 1.
1297 1629 1345 1682 Ox.
1354 1629 1380 1681 U.

339 1712 446 1772 Suerin.
465 1715 532 1768 Edd.
552 1726 612 1768 ante
631 1714 710 1767 Grut.
729 1733 836 1779 omnes,
856 1732 925 1784 quae
950 1714 1013 1766 item
1032 1712 1131 1768 hahent
1148 1715 1298 1785 futurum,
1317 1715 1381 1786 quod

340 1823 394 1855 non
415 1803 513 1858 habent
537 1803 630 1856 Lamb.
654 1802 738 1855 Sulfr.
767 1802 838 1854 Petr.
859 1800 956 1853 Colou.
977 1799 1054 1853 Grut.
1080 1813 1105 1855 ct
1125 1814 1183 1873 post
1212 1823 1274 1855 eum
1299 1821 1383 1854 omues

339 1903 400 1944 ante
419 1891 519 1956 Orrll.‚
547 1910 609 1944 cum
628 1908 682 1961 quo
701 1908 758 1943 eam
777 1908 885 1955 rocem,
911 1908 979 1960 quae
999 1889 1111 1960 glossam
1131 1911 1187 1943 non
1206 1891 1326 1957 redolet,
1344 1910 1382 1942 re·

341 1979 480 2030 stituimus.
523 1977 628 2030 Habent
653 1989 741 2030 autem
754 1979 889 2048 futurum
916 1989 1020 2048 praeter
1040 1977 1105 2030 Edd.
1129 1998 1195 2050 quas
1215 1979 1380 2042 laudavimus,

340 2063 424 2117 Codd.
442 2064 523 2128 Orm,
543 2076 651 2135 excepto
669 2064 717 2131 N.,
737 2064 795 2117 Cra.
809 2070 835 2118 1.
854 2068 880 2119 3.
900 2066 978 2119 Drsd.
999 2069 1024 2119 1.
1044 2070 1068 2117 2.
1087 2069 1112 2119 3.
1132 2070 1155 2120 5.
1193 2065 1301 2120 Sueriu.
1318 2068 1382 2120 Gud.

338 2153 371 2206 A.
391 2153 420 2204 Β.
439 2153 533 2205 Duisb.
583 2151 636 2204 Sed
661 2172 713 2204 non
731 2153 858 2205 omissum
885 2153 969 2207 estin
987 2152 1045 2206 Cri.
1064 2158 1088 2206 t.
1114 2154 1185 2206 Gud.
1205 2161 1239 2208 A.
1266 2155 1343 2207 Drsd.
1361 2159 1381 2206 l.

340 2244 365 2292 2.
384 2239 490 2293 3.0xx.
509 2238 538 2291 E.
557 2238 592 2292 U.
611 2259 636 2308 η.
680 2240 734 2292 Pro
762 2260 793 2292 ne
806 2243 864 2293 non
882 2240 980 2294 habent
998 2252 1030 2292 ut
1049 2241 1128 2294 Drsd.
1147 2245 1173 2294 4.
1205 2242 1380 2295 Edd.Lamb.

340 2327 436 2380 Colon.
471 2327 553 2381 Abest
568 2326 611 2392 id,
629 2338 690 2380 aute
707 2330 807 2397 ipsum,
833 2330 860 2381 in
881 2329 948 2382 Cod.
968 2328 1039 2382 Gud.
1058 2331 1090 2382 A.
1127 2329 1158 2381 ln
1178 2330 1259 2383 Drsd.
1280 2335 1304 2384 5.
1321 2329 1381 2398 legi-

340 2427 383 2468 tur
401 2415 430 2464 id
446 2416 534 2484 ipsum
553 2416 684 2487 quidem
702 2419 737 2467 hi
745 2438 758 2469 s
777 2438 808 2469 ne
826 2438 895 2479 non;
914 2420 941 2470 in
954 2417 1024 2470 Gud.
1037 2419 1069 2470 A.
1090 2418 1224 2472 diurnum.
1244 2418 1379 2473 Ed.Suttr.

340 2503 412 2557 Petr.
431 2514 463 2554 ut
481 2504 588 2555 nonsit
606 2502 773 2558 diuturnum.
808 2506 838 2558 M
845 2527 866 2558 r.

409 2593 439 2642 id
453 2594 551 2662 ipsum]
588 2593 618 2644 ln
638 2592 711 2645 libris
729 2593 839 2662 vulgatis
857 2594 907 2664 leg.
927 2596 956 2644 id
975 2595 1062 2662 ipsum
1081 2594 1153 2664 quod
1171 2593 1269 2657 dobes,
1286 2612 1318 2644 ne
1334 2609 1379 2642 non

339 2681 496 2732 diuturnum
509 2681 545 2733 sit
558 2681 699 2751 futurum.
720 2680 826 2734 Scilicet
838 2703 853 2735 a
865 2683 952 2735 sciolis
965 2681 1105 2752 explanare
1119 2679 1275 2733 volentibus.
1292 2681 1312 2732 F
1320 2698 1377 2732 acc.

407 2780 434 2820 te
459 2771 645 2836 conscientiae]
679 2773 734 2834 „Te
759 2771 935 2821 conscientiae
960 2780 1061 2832 tuoe,
1086 2770 1164 2820 tres.“
1202 2767 1277 2820 Ald.
1302 2767 1376 2818 lllan.

337 2856 425 2924 „Cum
439 2859 556 2912 efficacia
576 2858 686 2926 ponitur
703 2855 816 2908 Pluralis
834 2858 1024 2913 conscientiae,
1048 2855 1108 2926 quia
1128 2855 1208 2908 habet
1232 2856 1376 2908 adiunctum

337 2946 475 3017 pluralem,
496 2945 711 3011 maleficiorum.“
724 2945 830 3013 Wytt.
868 2944 909 2995 De
920 2944 1070 2996 Pluralibus
1084 2944 1226 2996 nominum
1242 2945 1377 2997 abstracto·

337 3051 398 3083 rum
415 3031 465 3084 rid.
484 3029 514 3082 C.
526 3030 560 3082 G.
577 3030 609 3080 la
620 3049 657 3081 co
668 3031 693 3081 b.
712 3030 815 3082 Prolus.
831 3031 950 3083 Portens.
973 3035 1056 3085 1841:
1076 3033 1116 3086 De
1128 3035 1185 3086 Usu
1205 3034 1309 3086 numeri
1324 3031 1375 3102 plu·

337 3117 399 3168 ralis
417 3116 486 3186 apud
508 3116 604 3168 Poetas
621 3115 736 3167 Latinos.
754 3137 781 3186 p.
801 3121 910 3170 7-18.
954 3117 999 3171 Sic
1025 3120 1117 3189 plane,
1151 3130 1179 3172 ut
1206 3132 1297 3173 nostro
1314 3119 1374 3182 loco,

336 3206 441 3258 locutus
460 3215 497 3257 est
515 3203 572 3256 Cic.
591 3222 640 3274 pro
660 3203 736 3256 Rosc.
754 3205 814 3257 Am.
836 3211 879 3272 24,
899 3210 946 3259 67:
971 3226 1051 3258 suum
1069 3226 1198 3277 quemque
1218 3208 1304 3258 scelus
1322 3206 1374 3275 ugi-

337 3305 448 3344 tat-:
480 3312 546 3345 suae
577 3292 663 3342 malae
694 3293 870 3362 cogitationes
900 3295 1202 3365 conscientiaeque
1239 3300 1373 3345 terrent.

336 3379 471 3451 Singulari
497 3400 609 3433 numero
637 3379 700 3432 dixit
724 3380 792 3435 Phil.
811 3382 844 3448 V,
864 3385 889 3446 (i,
910 3385 957 3434 152
989 3382 1115 3432 scelerum
1141 3384 1299 3452 magnitudo
1322 3399 1374 3432 cou-

335 3469 448 3520 scientia
467 3469 657 3538 maleficiorum
677 3497 720 3518 -.
757 3469 814 3522 ΜΓ.
916 3514 918 3519 .

406 3566 433 3606 te
452 3557 625 3609 conscientiae
643 3557 786 3608 stimulant
800 3559 846 3623 -]
867 3559 1001 3622 „Auctore
1021 3558 1151 3611 Cicerone
1171 3560 1199 3611 in
1220 3561 1249 3612 L.
1259 3562 1370 3614 Pisonem

337 3646 391 3710 [18,
409 3647 482 3711 43.],
501 3646 661 3714 supplicium
684 3656 740 3710 est,
766 3647 838 3717 quod
860 3648 977 3696 accidere
1003 3647 1100 3696 nemini
1124 3659 1232 3715 potest,
1259 3650 1311 3701 nisi
1333 3664 1371 3697 no-

336 3732 420 3780 centi:
438 3742 563 3799 suscepta
575 3732 677 3801 fraus,
695 3733 823 3800 impedita
837 3744 864 3783 et
883 3753 1009 3802 oppressa
1028 3754 1098 3786 mens
1117 3738 1286 3801 conscientia,
1304 3736 1372 3786 bono-

335 3834 395 3866 rum
412 3817 528 3867 omnium
546 3818 648 3874 odium,
666 3828 732 3868 nota
750 3820 825 3870 iusta
843 3831 969 3885 senatus,
988 3822 1095 3874 amissio
1115 3824 1268 3894 dignitatis.
1310 3823 1369 3875 ldem

336 3901 425 3972 paullo
444 3913 504 3973 post
522 3906 577 3971 [20,
595 3907 656 3971 4d]:
679 3907 770 3956 Nolite
787 3909 855 3958 enim
871 3919 982 3977 putare,
1000 3912 1034 3966 P.
1054 3912 1095 3974 0.,
1117 3921 1149 3961 ut
1167 3913 1195 3963 in
1214 3930 1293 3964 sceno
1309 3908 1368 3963 uide·

335 3990 386 4055 tis,
404 3992 520 4043 homines
539 3992 728 4046 consceleratos
748 3997 864 4066 impulsu
885 3998 991 4049 deorum
1018 3999 1112 4049 terreri
1130 4000 1278 4052 Furiarum
1296 3995 1368 4050 taedis

335 4077 500 4132 ardentibus.
537 4084 594 4132 Sua
619 4101 745 4155 quemque
758 4086 854 4156 fraus,
873 4105 952 4137 suum
964 4086 1093 4156 fucinus.
1106 4106 1186 4139 suum
1203 4089 1305 4150 scelus,
1327 4097 1367 4135 sua

336 4167 452 4219 audacia
471 4167 502 4218 de
520 4169 640 4221 sanitato
658 4190 690 4222 ac
714 4184 800 4226 mente
823 4173 959 4226 deturbat.
1004 4177 1066 4224 Hae
1085 4186 1150 4226 sunt
1177 4175 1313 4244 impiorum
1324 4171 1367 4240 su·

287 4280 290 4286 ·
335 4256 406 4322 riae,
424 4258 475 4307 liae
485 4259 629 4326 flammae,
648 4260 698 4310 lice
712 4261 802 4331 faces.
839 4258 1025 4313 Conscientiae
1042 4261 1166 4335 stimulus
1186 4272 1312 4334 quantum
1328 4256 1367 4308 bo·

336 4342 433 4393 minem
453 4345 587 4414 quiescere
605 4367 661 4399 non
680 4347 762 4412 sinat,
792 4357 923 4418 quantum
953 4348 1007 4400 eius
1026 4344 1250 4417 mentem'yexet,
1274 4347 1367 4399 Macro-

336 4425 395 4480 bius
413 4449 461 4499 per
486 4432 602 4485 fabulam
623 4453 680 4485 eam
700 4435 732 4487 ‹le
750 4433 830 4505 Tityo
849 4435 972 4505 gigante,
998 4436 1066 4508 quae
1093 4438 1221 4512 est'apud
1242 4434 1365 4507 Virgilium
