3450 5342
616 692 810 742 rinsnoxon
832 693 878 740 ιν.
912 692 1025 743 cin-1.
1280 674 1352 767 ltu

304 854 406 924 plebis,
434 852 532 909 Cicero
550 872 579 908 ex
598 854 665 906 urbe
683 853 782 906 eiectus
800 851 886 905 furori
905 850 1050 907 tribunicio
1069 864 1189 909 cesserat.
1232 857 1285 912 lles
1302 879 1355 931 pu-

303 942 373 995 blica
393 961 407 995 a
425 942 534 997 tribuno
558 939 655 995 Clodio
674 952 700 995 et
717 959 733 994 a
753 939 917 992 Consulibus
934 939 1032 992 Pisone
1051 950 1078 993 et
1096 939 1214 997 Gabinio
1231 945 1267 1012 [a.
1284 965 1310 999 ιι.
1330 967 1353 1003 e.

304 1033 376 1098 695]
395 1029 507 1085 maxima
525 1039 612 1082 vexata
631 1029 696 1095 luit,
715 1039 745 1083 ut
763 1047 825 1082 cum
843 1027 901 1081 aliis
919 1028 948 1080 in
966 1027 1032 1081 locis
1051 1016 1149 1095 multis.
1167 1038 1225 1083 tum
1244 1032 1355 1088 maxime

304 1119 331 1170 in
352 1117 483 1172 Oratione
502 1136 550 1189 pro
569 1115 654 1169 Sestio
674 1117 707 1184 [c.
727 1117 781 1183 te]
802 1114 898 1168 Cicero
917 1113 1029 1185 scripsit.
1064 1114 1098 1167 Hi
1113 1126 1203 1170 autem
1219 1114 1356 1184 Consules,

305 1207 376 1261 utin
395 1205 488 1259 eadem
506 1205 627 1258 oratione
646 1203 743 1258 Cicero
761 1204 810 1270 ait,
836 1203 869 1256 ad
898 1201 1043 1255 delendum
1061 1201 1206 1271 Senatum,
1232 1203 1356 1277 affligen-

305 1295 369 1346 dum
389 1305 536 1366 equestrem
555 1293 693 1358 ordinem,
717 1290 907 1363 exstinguenda
937 1289 1027 1343 omnia
1049 1289 1108 1342 iura
1136 1300 1216 1361 atque
1239 1290 1356 1347 instituta

305 1385 450 1448 maiorum,
477 1401 504 1435 se
522 1381 573 1434 illis
592 1381 708 1434 fascibus
725 1380 873 1451 ceterisque
901 1378 1050 1449 insignibus
1073 1379 1170 1430 summi
1189 1378 1303 1434 bonoris·
1316 1393 1356 1436 at-

305 1487 357 1539 que
375 1468 480 1539 imp'erii
498 1479 608 1522 ornatos
626 1487 680 1522 esse
699 1468 924 1520 arbitrabantur.“
943 1466 1017 1521 Fre.
1037 1465 1128 1537 Sylr.

375 1576 435 1608 cum
451 1557 524 1628 leges
550 1557 579 1608 in
597 1574 630 1606 ec
651 1556 721 1607 nihil
739 1555 878 1622 valebant]
923 1554 995 1621 „Lex
1021 1553 1092 1607 enim
1118 1554 1201 1607 Helia
1219 1557 1356 1629 Fusiaqus

305 1654 364 1714 post
382 1644 557 1697 centesimum
576 1661 678 1701 annum
696 1660 790 1695 eversa
815 1652 871 1708 est,
900 1641 1108 1712 propugnacula
1131 1642 1253 1715 murique
1277 1654 1356 1697 tron-

305 1731 457 1801 quillitatis
476 1741 561 1801 atque
580 1731 638 1782 otii.
675 1730 733 1783 cie.
752 1730 780 1781 in
799 1729 955 1781 Pisonem.“
974 1731 1070 1801 Xyst.
1086 1729 1196 1785 Betut.
1231 1731 1358 1803 lntelligit

304 1816 393 1886 legem
411 1816 520 1868 Aeliam
538 1828 564 1870 et
581 1818 706 1886 Fufiam,
732 1817 765 1869 de
784 1836 837 1889 qua
855 1817 931 1871 locus
947 1814 1086 1870 Ciceronis
1113 1817 1194 1871 estin
1213 1819 1265 1872 Pis.
1284 1824 1310 1887 4,
1330 1824 1355 1874 ll.

304 1904 358 1958 Sed
378 1904 428 1958 vid.
453 1905 486 1958 de
513 1925 544 1958 ea
570 1905 629 1975 lege
656 1904 774 1975 amplam
801 1905 1008 1976 disputationem
1039 1905 1067 1958 in
1094 1903 1190 1959 Orellii
1216 1904 1356 1960 Onomast.

305 1991 430 2046 Ciceron.
448 1993 479 2046 P.
495 1990 540 2046 lll.
561 2014 586 2063 p.
606 1995 770 2046 126-131.
807 1992 862 2044 Pro
882 1992 952 2044 nibil
969 1991 1098 2044 valebant
1119 1991 1150 2045 itt
1167 1991 1261 2047 codice
1287 1995 1358 2047 anti·

306 2100 360 2151 quo
378 2080 506 2152 scriptum
525 2100 581 2133 esse
601 2081 682 2133 refert
699 2080 760 2133 Fre.
779 2079 851 2151 Sylv.
876 2079 1023 2135 vacabant.
1067 2078 1188 2133 Eandem
1214 2079 1357 2135 lectionem

307 2167 408 2222 exbibet
427 2169 493 2222 eod.
511 2169 583 2221 Gud.
602 2166 635 2220 A.
672 2167 731 2221 Mr.
928 2167 930 2174 ’

377 2277 459 2328 quum
475 2257 578 2309 iudicia
595 2255 743 2325 iacebant,]
768 2255 854 2321 „Nam
875 2265 953 2308 vetus
980 2254 1030 2306 illa
1051 2255 1184 2326 magistro
1199 2257 1313 2324 pudoris
1330 2267 1358 2307 et

307 2345 462 2403 modestiae,
479 2346 609 2396 severitas
630 2345 769 2408 Censorio,
787 2343 900 2396 sublata
918 2352 959 2394 cst
977 2343 1074 2395 Pisone
1092 2341 1264 2414 Gabinioque
1283 2342 1359 2396 Con-

306 2429 420 2484 sulibus:
447 2429 543 2484 Cicero
568 2431 596 2484 in
622 2430 739 2483 eundem
764 2431 919 2483 Pisonem.“
950 2430 1042 2501 Xyst.
1068 2430 1180 2484 Betul.
1223 2431 1357 2485 Nimirum

307 2539 329 2572 c.
347 2523 373 2586 4,
392 2524 417 2573 ll.
455 2518 531 2572 Adde
549 2519 585 2571 ib.
605 2523 648 2585 12,
668 2522 717 2572 26:
744 2518 935 2570 Numerandus
953 2528 994 2569 est
1019 2518 1065 2568 itte
1087 2536 1176 2570 annus
1195 2519 1307 2590 denique
1330 2521 1358 2572 in

305 2607 488 2677 Republica,
507 2626 588 2676 quum
607 2605 783 2657 obinutuisset
801 2615 929 2670 senatus,
948 2603 1050 2655 indicia
1069 2589 1267 2669 conticuissent,
1286 2623 1360 2657 maa-

307 2704 397 2746 rerent
417 2693 491 2759 boni,
517 2697 559 2746 vis
584 2694 721 2745 latrocinii
748 2693 833 2745 vestri
854 2702 916 2745 tota
934 2691 998 2744 urbe
1017 2692 1160 2756 volitaret,
1185 2710 1269 2763 neque
1294 2692 1359 2744 civis

306 2800 381 2832 unus
397 2801 431 2832 ex
449 2782 575 2846 civitate,
602 2781 651 2834 sed
666 2781 727 2850 ipsa
744 2781 841 2833 civitas
860 2789 954 2833 tuost
972 2779 1081 2832 Gabinii
1108 2779 1201 2831 sceleri
1214 2780 1360 2852 furorique

309 2867 441 2921 cessisset.
476 2869 578 2923 Probat
595 2868 677 2940 Borg.
695 2886 772 2922 usum
789 2866 941 2931 Ciceronis,
969 2867 1154 2939 quoiungere
1171 2865 1273 2922 solebat
1289 2868 1360 2939 leges

308 2967 335 3010 et
352 2956 469 3022 iudicia,
488 2977 542 3028 quo
561 2958 647 3009 iacere
666 2976 710 3010 eas
728 2967 754 3010 et
771 2967 866 3010 contra
892 2958 980 3010 vivere
998 2955 1178 3026 significabat,
1208 2955 1278 3009 locis
1292 2975 1362 3026 qua-

307 3043 346 3097 les
362 3054 425 3097 sunt
442 3047 521 3098 Verr.
537 3043 583 3111 lll,
601 3049 644 3100 30.
664 3057 690 3100 et
707 3049 750 3100 41.
771 3045 832 3100 coll.
851 3045 961 3098 Abram.
982 3045 1015 3098 ad
1036 3043 1092 3098 Cic.
1113 3063 1162 3115 pro
1181 3043 1239 3097 Mil.
1256 3047 1299 3098 28.
1328 3043 1360 3095 ln

309 3132 397 3184 Vatin.
417 3134 449 3185 92
466 3137 567 3204 Leges,
581 3135 690 3186 Aelium
708 3145 736 3185 et
753 3135 863 3203 Fufiam
883 3135 955 3191 dico,
974 3151 1043 3205 quoe
1061 3161 1096 3171 -
1114 3133 1197 3184 etiam
1214 3132 1285 3184 inter
1296 3131 1361 3183 Sul·

308 3219 374 3270 lana
394 3237 469 3270 arma
489 3221 635 3286 vixerunt,
652 3223 727 3295 solus
746 3223 921 3277 conculcaris.
940 3250 973 3261 -
1011 3220 1065 3272 Pro
1085 3238 1185 3292 quum
1203 3219 1305 3270 iudicia
1323 3230 1361 3272 est

307 3305 334 3358 in
355 3303 435 3357 Drsd.
454 3308 479 3358 1.
499 3309 524 3360 3.
541 3317 575 3357 et
592 3308 711 3371 iudicia,
736 3329 804 3379 quae
830 3329 886 3361 una
915 3327 977 3362 cum
1005 3307 1086 3359 verbo
1113 3306 1239 3358 iacebant
1265 3306 1362 3359 omittit

307 3393 374 3446 cod.
392 3392 472 3445 Drsd.
491 3397 517 3446 4.
536 3421 570 3432 —-
613 3393 692 3459 „Non
718 3393 771 3447 boc
794 3394 882 3446 solum
906 3394 970 3446 lecit
995 3393 1105 3444 Clodius
1131 3411 1164 3444 eo
1189 3410 1277 3456 anno,
1307 3411 1361 3461 quo

306 3483 359 3534 luit
377 3480 501 3533 tribunus
516 3479 615 3550 plebis,
633 3491 663 3533 ut
679 3480 751 3550 leges
770 3480 836 3533 nibil
855 3479 989 3544 valerent,
1007 3477 1052 3531 sed
1071 3478 1151 3530 etiam
1179 3477 1275 3529 mult-as
1291 3476 1363 3546 leges

307 3567 347 3620 rei
366 3564 490 3637 publicae
508 3566 672 3638 perniciosas
688 3567 765 3633 tulit,
785 3586 852 3638 quas
871 3576 1011 3619 enumerat
1029 3564 1124 3618 Cicero
1143 3582 1192 3633 pro
1206 3562 1237 3614 P.
1249 3562 1362 3615 Sestio.“

307 3654 380 3709 Frc.
402 3655 486 3726 Sylv.
524 3657 595 3727 [cap.
614 3657 669 3723 18.]
706 3654 766 3708 Mr.

381 3763 464 3814 quum
483 3762 537 3795 mos
559 3744 670 3813 patrius
695 3743 857 3810 occiderem]
889 3738 1072 3795 eodd.1)rsd.
1091 3742 1116 3791 1.
1135 3741 1161 3793 3.
1184 3748 1217 3789 et
1244 3756 1308 3792 mos.
1328 3767 1361 3778 -

309 3832 366 3900 ‚‚ls,
386 3830 434 3903 qui
451 3832 618 3903 frequentius
636 3832 734 3886 dicitur
751 3852 807 3885 mos
825 3832 965 3884 maiarum.
1009 3828 1078 3882 Nam
1103 3827 1132 3880 in
1150 3826 1253 3881 civitate
1279 3825 1362 3880 actio·

309 3939 375 3972 num
393 3930 545 3972 nostrarum
564 3920 632 3974 duae
649 3931 712 3975 sunt
730 3920 804 3993 quasi
823 3919 941 3993 regulae,
961 3930 1066 3990 praeter
1084 3925 1256 3972 communem
1275 3916 1361 3986 legem

310 4006 473 4060 naturalem:
499 4007 539 4061 vel
557 4009 630 4062 enim
648 4021 711 4064 sunt
736 4009 808 4082 leges
825 4010 940 4081 scriptae
965 4008 1004 4060 vel
1023 4027 1082 4061 mos
1103 4007 1252 4068 maiorum,
1281 4003 1361 4057 nullis

311 4095 419 4166 quidem
443 4096 547 4168 legibus
570 4098 752 4170 conscriptus,
786 4099 833 4152 sed
856 4109 946 4154 tamen
976 4096 1155 4150 observatus.“
1183 4091 1362 4161 Wyttenb.

311 4185 781 4253 MospatriciuababetOx.o.
818 4190 878 4242 lllr.
1086 4227 1089 4231 ψ

383 4293 482 4343 quum,
495 4274 575 4343 ferro
589 4277 677 4344 pulsis
695 4274 914 4347 magistratibus]
944 4272 1011 4325 cod.
1031 4269 1110 4323 Drsd.
1129 4270 1154 4319 l.
1173 4269 1198 4320 3.
1226 4274 1260 4315 et
1274 4265 1360 4335 serro.

312 4357 379 4412 Cod.
399 4360 479 4414 Drsd.
492 4365 517 4414 4.
536 4381 619 4432 quum
632 4364 731 4433 soro,
749 4363 822 4434 quod
842 4359 957 4416 enotavit
975 4360 1054 4411 etiam
1074 4355 1123 4408 Or.
1143 4373 1172 4406 ex
1191 4371 1277 4424 marg.
1296 4352 1364 4407 Cod.

313 4444 371 4499 Bas.
417 4448 471 4503 Pro
495 4450 584 4518 pulsis
603 4460 640 4503 est
655 4449 754 4519 pulsus
777 4449 806 4502 in
825 4449 894 4507 Cod.
920 4445 978 4500 Cra.
997 4449 1022 4499 1.
1070 4443 1133 4497 Post
1158 4442 1363 4515 magistralibus
