3450 5342
637 687 834 736 ramnoxon
864 689 908 736 vr.
935 687 1005 736 car.
1030 687 1078 735 m.
1309 665 1383 739 315

333 850 440 901 unicam
460 849 560 903 habens
570 850 678 919 filiam,
696 868 755 902 eam
773 849 894 923 heredem
912 848 1101 920 relinqueret.“
1119 846 1141 898 F
1149 866 1193 900 rc.
1212 847 1300 919 Sylr.
1344 851 1386 904 De

333 958 363 990 ea
383 937 441 1008 lege
460 937 510 991 rid.
531 936 626 991 Orellii
644 936 785 992 Onomast.
810 935 883 988 Tull.
902 934 948 988 Ill.
968 955 995 1007 p.
1013 937 1175 989 tot-soa.
1224 935 1265 988 De
1294 941 1387 996 Censes,

333 1044 379 1090 ea,
408 1044 460 1095 qua
479 1024 523 1079 bic
539 1038 584 1093 est,
604 1025 807 1098 significatione,
827 1025 878 1077 rid.
896 1022 1020 1077 Dirlsen.
1058 1022 1185 1076 Manuale
1198 1023 1302 1076 Latinit.
1315 1023 1388 1078 Fon-

333 1112 400 1165 tium
419 1114 486 1166 luris
504 1113 560 1168 Cir.
576 1115 654 1167 Rom.
681 1134 706 1186 p.
725 1116 786 1167 tat.
811 1132 835 1166 a.
862 1110 887 1183 5.
906 1114 931 1166 3.
978 1112 1018 1164 Ad
1047 1125 1125 1162 usum
1153 1111 1224 1163 conl.
1256 1111 1312 1163 Cic.
1339 1130 1388 1181 pro

333 1199 422 1254 Flace.
441 1206 491 1256 222
510 1205 596 1255 Homo
613 1221 708 1274 egens,
727 1201 868 1266 sordidas,
892 1199 948 1251 sine
968 1199 1080 1263 bonore,
1109 1198 1166 1250 sine
1183 1194 1391 1260 existimatione,

335 1289 520 1343 sinecensu.
558 1290 613 1342 Pro
633 1289 821 1342 aestimatione
839 1288 938 1358 legitur
955 1285 1154 1338 existimatione
1171 1285 1200 1337 in
1220 1283 1307 1337 Codd.
1323 1283 1388 1337 Oxx.

334 1373 366 1426 E.
385 1394 414 1436 ψ.
433 1378 490 1430 Cra.
512 1381 537 1430 2.
555 1376 634 1431 Drsd.
654 1380 680 1431 4.
699 1381 741 1440 5.;
761 1375 799 1426 ad
815 1374 1016 1426 extimationem
1033 1373 1062 1426 in
1080 1372 1131 1428 Ox.
1148 1373 1168 1426 l.
1211 1373 1303 1444 Pergit
1320 1371 1387 1426 Cod.

336 1461 393 1515 Cra.
412 1469 437 1517 2.
457 1483 549 1517 oerum
574 1465 681 1515 etiam
700 1464 790 1520 victu,
816 1463 909 1533 peiore
934 1461 1019 1532 glossa
1048 1472 1149 1528 assuta,
1176 1481 1272 1533 quam,
1300 1462 1321 1514 si
1350 1471 1389 1514 est

334 1551 435 1623 glossa,
454 1551 545 1622 paullo
564 1552 686 1623 superius
704 1552 791 1622 igitur
810 1561 871 1622 post
889 1553 955 1602 Nos.
973 1579 1009 1590 -
1055 1548 1097 1601 De
1123 1568 1172 1601 usu
1200 1550 1271 1603 vocis
1294 1568 1388 1601 census

334 1637 508 1691 Gernhardus
525 1639 603 1692 etiam
622 1637 712 1691 laudat
729 1637 803 1690 Flor.
821 1637 869 1704 lV,
888 1642 913 1704 2,
932 1639 976 1690 21.
995 1636 1067 1690 Plin.
1090 1635 1210 1702 XXXVI,
1229 1641 1272 1691 15.
1297 1637 1388 1690 Horat.

335 1723 475 1790 Casmil,
494 1729 538 1792 15,
558 1729 619 1789 134
648 1725 813 1798 explicatque
837 1725 1051 1777 aestimationem
1070 1743 1165 1776 census
1183 1724 1234 1793 ita,
1263 1737 1293 1778 ut
1319 1725 1389 1779 dicat

335 1831 390 1865 esse
409 1813 544 1865 bonorum
563 1805 789 1880 aestimationem,
810 1833 879 1885 qnae
900 1812 930 1866 fit
948 1832 997 1884 per
1017 1831 1136 1866 censum.
1172 1811 1232 1865 Mr.

362 1918 365 1923 ·
407 1901 482 1953 victu
498 1911 581 1973 atque
599 1903 676 1953 cultu
696 1885 860 1954 terniinotai
873 1902 1003 1970 pecuniae
1021 1901 1135 1967 modus]
1154 1899 1191 1966 „i.
1210 1919 1233 1953 e.
1252 1918 1336 1971 quum
1352 1900 1385 1953 ad

338 1989 437 2042 rictum
455 1999 536 2060 atque
553 1989 654 2044 cultum
673 1989 737 2042 satis
759 2001 805 2042 est.
825 2013 860 2027 -
887 1988 986 2040 Modus
1003 1998 1042 2041 est
1061 1988 1077 2040 i.
1097 2007 1123 2059 q.
1142 1991 1295 2040 mensura.“
1313 1987 1386 2041 Fre.

335 2077 424 2148 Sylr.
460 2079 664 2148 „Victaatque
684 2077 761 2129 cultu
780 2087 818 2130 est
834 2077 860 2127 ir
878 2071 925 2127 dni
942 2077 1032 2142 doctr,
1053 2094 1102 2145 pro
1122 2074 1191 2128 victu
1211 2076 1296 2128 culto:
1323 2093 1385 2126 nam

336 2165 418 2219 rictus
436 2176 474 2220 est
494 2166 576 2232 cibus,
596 2176 682 2237 potus,
701 2164 813 2230 restitus,
832 2162 959 2216 habitatio
977 2174 1027 2217 etc.
1047 2173 1177 2234 quatenus
1195 2163 1227 2216 ad
1247 2163 1386 2238 vivendum

336 2254 482 2307 necessaria
502 2267 572 2309 sunt.
621 2253 674 2307 Sed
700 2254 721 2306 si
740 2253 819 2307 etiam
844 2253 906 2305 satis
924 2263 962 2304 est
990 2270 1045 2304 non
1065 2262 1167 2305 tantum
1187 2251 1219 2304 ad
1238 2252 1386 2318 vivendum,

336 2340 380 2392 sed
400 2341 432 2393 ad
451 2340 521 2396 culte
539 2341 571 2411 (ἰ.
589 2361 613 2394 e.
632 2339 791 2408 liberaliter)
810 2339 965 2406 vivendum,
994 2350 1051 2391 tum
1069 2338 1102 2391 ad
1122 2339 1219 2392 rictum
1244 2339 1322 2392 etiam
1342 2358 1388 2393 ac-

337 2428 407 2480 cedit
424 2428 518 2482 cultus.
565 2429 665 2481 Modus·
692 2440 781 2481 autem
807 2440 846 2481 est
863 2447 1005 2492 mensura,
1037 2444 1105 2496 quae
1130 2445 1187 2478 non
1215 2427 1325 2479 taxanda
1351 2438 1390 2479 est

337 2534 418 2568 censu
437 2527 462 2568 et
482 2534 596 2569 numero
615 2516 825 2586 possessionum,
847 2516 892 2569 sed
913 2535 961 2581 eo,
991 2525 1122 2586 quantum
1141 2514 1201 2567 satis
1219 2515 1251 2568 sit
1269 2515 1302 2568 ad
1322 2513 1390 2569 libe-

336 2602 420 2655 ralem
440 2604 566 2656 victum.“
602 2605 708 2676 Wytt.

409 2693 470 2743 Non
486 2709 543 2744 esse
561 2693 688 2762 cupidam
702 2693 819 2762 pecunia
836 2703 895 2745 est:
915 2710 967 2745 non
985 2709 1041 2744 esse
1058 2709 1171 2743 emacem
1191 2690 1309 2761 vectigal
1325 2693 1387 2759 est]

336 2779 426 2831 Verba
444 2798 498 2831 non
514 2798 571 2831 esse
589 2808 624 2818 -
641 2781 756 2850 pecunia
780 2790 821 2832 est
841 2779 936 2833 omissa
963 2790 1026 2833 sunt
1049 2779 1077 2832 in
1102 2778 1170 2832 cod.
1197 2777 1269 2830 Gud.
1286 2778 1334 2843 A.‚
1359 2778 1387 2830 in

336 2866 409 2920 Gud.
427 2866 459 2920 B.
476 2866 574 2937 legitur
591 2887 643 2920 non
661 2886 717 2920 esse
735 2868 861 2938 cupidum
877 2868 1051 2937 pecuniae
1069 2867 1125 2919 vel
1151 2886 1204 2918 non
1231 2883 1288 2917 esse
1304 2884 1389 2916 -ema-

336 2972 391 3005 cem
408 2954 528 3026 vectigal
544 2965 602 3007 est:
621 2955 695 3026 quod
713 2966 751 3008 cst
769 2955 928 3010 correctoris
952 2955 1002 3008 sibi
1029 2954 1188 3026 placentiss
1201 2973 1263 3007 cum
1288 2953 1391 3007 vidisset

337 3039 435 3094 multos
452 3040 536 3094 libros
554 3041 676 3105 exhibere
692 3043 838 3113 meoniae,
858 3042 905 3096 ubi
923 3042 1115 3114 compendium
1132 3043 1203 3095 vocis
1219 3053 1261 3094 est
1280 3044 1327 3107 (e‘)
1340 3044 1390 3096 ad-

337 3129 419 3183 haesit
436 3131 493 3182 voci
520 3131 651 3199 pecunia,
682 3142 711 3184 ut
735 3141 773 3184 est
796 3130 825 3183 in
852 3142 954 3202 septem
980 3142 1007 3184 et
1032 3130 1125 3183 decern
1155 3128 1217 3182 Atti
1244 3130 1389 3195 codicibus,

338 3218 434 3269 nostris
451 3218 510 3269 Gra.
529 3222 555 3270 2.
573 3229 690 3288 quatuor
707 3216 774 3272 Osa.
792 3218 824 3272 E.
838 3217 858 3271 1.
877 3218 912 3271 U.
930 3237 975 3284 ψ.,
995 3217 1072 3270 Suer.
1090 3216 1170 3269 Drsd.
1189 3221 1214 3270 1.
1233 3223 1257 3271 2.
1277 3221 1302 3272 4.
1333 3217 1390 3286 (bic

337 3303 443 3355 inverso
464 3304 542 3356 etiam
561 3305 656 3358 ordine
671 3305 801 3374 cupidum
816 3306 957 3374 pecuniae,
977 3305 1118 3376 pergitque
1136 3324 1188 3359 rron
1206 3323 1262 3357 esse
1277 3324 1388 3359 omon-

336 3403 404 3441 tem
421 3391 670 3461 vectigalium)
689 3391 769 3445 Drsd.
791 3397 818 3448 5.
836 3393 956 3463 itemque
975 3391 1055 3445 Bern.
1073 3403 1099 3444 et
1117 3391 1177 3444 Bas.
1222 3390 1276 3444 Sed
1300 3411 1389 3463 neque

336 3475 399 3529 editi
411 3475 588 3543 consentiunt,
602 3497 766 3550 quamquam
780 3479 849 3534 Edd.
860 3491 966 3534 nostrae
981 3479 1177 3550 antiquissimae
1189 3498 1277 3531 reram
1292 3479 1390 3534 babent

335 3563 488 3616 lectionem.
522 3563 553 3616 In
573 3563 641 3618 Edd.
659 3568 721 3620 Asc.
739 3570 818 3621 1511.
840 3568 902 3621 Par.
920 3572 1000 3622 1501.
1018 3579 1044 3621 et
1062 3571 1142 3621 1512.
1168 3567 1254 3639 Lugd.
1278 3566 1388 3638 legitur:

335 3670 389 3703 non
407 3668 462 3703 esse
480 3652 606 3720 cupidum
622 3655 816 3722 pecuniae:
834 3675 888 3709 non
905 3674 961 3708 esse
978 3673 1091 3707 emacem
1109 3654 1331 3726 vectigalis5
1360 3655 1388 3709 in

335 3740 403 3811 Arg.
422 3739 511 3794 Herw.
526 3739 619 3795 Cam:
639 3761 692 3795 non
710 3762 766 3797 esse
780 3745 907 3814 cupidum
921 3744 1108 3815 pecuniae,
1125 3761 1178 3795 non
1195 3762 1251 3795 esse
1269 3763 1391 3810 emacem,

337 3829 455 3898 vectigal
471 3839 521 3880 est.
568 3828 632 3883 Sola
651 3829 700 3884 Ed.
727 3831 830 3887 Sturm.
855 3852 908 3886 non
932 3850 987 3885 esse
1013 3833 1139 3903 cupidam
1161 3833 1391 3900 pecuniarum

336 3935 389 3968 non
405 3935 461 3969 esse
478 3936 606 3984 emacem,
626 3921 744 3991 vectigal
760 3931 812 3976 est.
849 3922 904 3973 Pro
923 3921 1042 3991 vectigal
1058 3931 1099 3972 est
1118 3920 1215 3989 legitur
1234 3920 1388 3990 vectigalem

337 4006 366 4057 in
385 4004 436 4057 Ox.
454 4025 483 4068 ψ.
503 4009 561 4060 Crz.
579 4013 604 4060 2.
625 4006 705 4061 Drsd.
723 4012 761 4073 3.;
784 4010 960 4087 vectigalium
983 4008 1012 4060 in
1035 4006 1115 4060 Drsd.
1135 4009 1159 4058 1.
1179 4010 1204 4058 2.
1222 4009 1249 4059 4.
1269 4009 1294 4059 5.
1321 4005 1387 4061 Osa.

336 4090 369 4142 E.
386 4089 407 4147 Ι.
425 4091 460 4145 U.
494 4093 554 4147 Mr.
1381 4144 1388 4163 ,

409 4182 533 4249 emacem]
569 4183 655 4248 „Cato
680 4183 714 4236 de
738 4184 777 4236 Re
800 4184 874 4240 Rust.
897 4186 933 4253 [c.
952 4183 984 4239 ll.
1003 4185 1077 4250 exta]
1122 4186 1255 4235 Patrem-
1259 4181 1387 4253 familias

335 4268 538 4337 vendacem,
556 4290 619 4323 non
635 4290 779 4323 emacem
797 4291 853 4324 esse
870 4283 982 4343 oportet.
1021 4270 1168 4324 Columella
1188 4269 1233 4322 lib.
1243 4269 1288 4321 lV.
1308 4270 1386 4339 [cb]

335 4357 474 4426 Quosdam
491 4360 664 4417 emacitas
682 4361 710 4412 in
728 4363 874 4427 armentis,
900 4361 1029 4433 quosdam
1047 4368 1150 4412 exercet
1174 4359 1202 4410 in
1231 4376 1390 4428 comparan-

335 4446 379 4498 dis
398 4445 554 4515 mancipiis:
582 4447 629 4498 sed
644 4448 736 4500 iisdem
754 4450 862 4502 tuendis
880 4449 957 4503 nulla
978 4466 1042 4501 curo
1062 4447 1183 4518 tangit.“
1210 4446 1283 4501 Fra
1301 4446 1390 4518 Sylv.
