3450 5342
647 677 844 725 samuoxou
874 678 917 724 vr.
944 676 1014 749 car.
1037 677 1073 724 11.
1313 655 1389 730 287

335 840 428 894 conari
454 858 512 893 rem
531 840 688 894 familiarem
708 829 822 909 augere,
849 835 956 889 studere
981 836 1071 890 lucris.
1115 836 1169 889 Pro
1198 853 1332 909 quaerunt
1351 856 1389 896 est

336 929 444 998 quaerit
461 929 489 980 in
508 928 558 982 Or.
578 945 608 990 ψ.
653 926 734 995 Quod
761 925 884 995 sequitur
908 925 1069 977 mercaturis
1089 924 1241 996 faciendis,
1272 929 1390 982 simililer

336 1014 433 1086 plurali
455 1035 568 1069 numero
587 1035 648 1069 usus
669 1026 706 1068 est
726 1012 783 1068 Cic.
802 1014 830 1065 in
849 1014 928 1065 Verr.
947 1013 1007 1087 Act.
1017 1012 1049 1064 ll.
1069 1013 1099 1066 L.
1117 1015 1143 1078 5,
1163 1016 1214 1066 28:
1234 1032 1294 1064 cum
1312 1033 1390 1065 mer-

336 1113 487 1158 cuturus
500 1104 629 1175 facerent
648 1113 698 1154 aut
713 1101 834 1173 aliquam
851 1099 885 1153 cb
904 1118 1015 1152 causam
1032 1100 1205 1171 navigarent.
1242 1093 1306 1152 Μί·.7

408 1193 495 1261 aperis
513 1192 621 1260 dandis]
658 1189 811 1257 „Mer-cedis
826 1207 922 1255 causa,
946 1187 1113 1241 inserviendo
1131 1186 1197 1240 aliis.
1233 1187 1281 1241 sic
1298 1207 1392 1242 omnes

337 1279 402 1332 mei.
435 1279 506 1333 Alias
524 1280 643 1332 locandis
662 1280 680 1333 i.
699 1298 722 1333 e.
744 1278 903 1350 operariis.“
923 1276 996 1329 Ald.
1010 1275 1096 1329 lltlan.
1133 1275 1171 1341 ,‚i.
1181 1295 1205 1329 e.
1220 1295 1316 1346 operas
1333 1295 1393 1331 suas

336 1367 481 1422 locando.“
498 1368 521 1420 F
528 1389 573 1422 rc.
591 1367 684 1439 Sylr.
728 1365 761 1419 H.
784 1364 873 1418 Wolf.
901 1375 1042 1435 postquam
1069 1351 1162 1416 eadem
1188 1364 1293 1434 posuit,
1322 1383 1390 1434 quae

335 1456 434 1522 Aldus,
453 1456 539 1510 addit:
557 1454 715 1526 „Quicquid
734 1455 806 1507 enim
832 1451 899 1505 servi
926 1452 1027 1505 artibus
1054 1461 1080 1504 et
1108 1451 1243 1505 laboribus
1265 1452 1319 1505 suis
1343 1469 1391 1506 ac·

337 1544 492 1614 quirebant‚
512 1545 538 1596 id
557 1543 591 1596 ad
610 1543 734 1596 dominos
750 1541 862 1594 redibat.
899 1539 957 1593 lloc
981 1538 1063 1591 mado
1089 1537 1199 1592 Crassus
1226 1559 1281 1595 non
1307 1541 1389 1594 modo

336 1649 411 1685 areas
429 1632 458 1698 [i.
477 1652 501 1686 e.
520 1631 595 1696 loca,
622 1630 649 1682 in
674 1629 772 1704 quibus
798 1627 932 1681 aedificari
952 1629 1084 1697 poterat‚]
1113 1647 1220 1693 vacuas,
1246 1629 1390 1683 combustis

336 1737 352 1771 a
375 1717 450 1770 Sulla
474 1718 600 1771 domibus
623 1717 851 1778 adversariorum,
890 1715 1022 1781 vendidit,
1053 1715 1098 1768 sed
1123 1717 1203 1769 etiam
1228 1717 1390 1788 quingentos

336 1823 426 1857 servos
444 1806 535 1859 sabroe
553 1806 720 1877 emptoribus
737 1823 861 1857 arearum
872 1803 967 1857 locavit
978 1803 1011 1856 ad
1023 1802 1101 1856 aedes
1113 1803 1311 1858 exstruendas.“
1345 1805 1390 1858 si-

338 1892 438 1946 militer
456 1897 518 1947 Car.
536 1893 701 1964 bangius:
726 1911 840 1961 „operas
866 1893 930 1943 dare
949 1902 988 1945 est
1012 1911 1148 1944 servorum
1168 1911 1265 1963 operas
1291 1890 1390 1960 locare,

337 1981 364 2033 id
385 1980 457 2050 quod
476 1984 544 2035 Cato
562 1981 653 2034 laudat
665 1982 692 2034 in
712 1993 787 2052 patre
805 1980 926 2034 familias.
962 1979 1064 2033 Plinius
1079 1991 1149 2033 cerle
1164 1991 1238 2034 notat
1250 1979 1301 2035 bae
1312 1983 1391 2035 Cras·

337 2087 398 2121 sum
418 2069 538 2123 lecisse.“
574 2069 628 2122 Eos
646 2069 781 2139 corrigere
802 2069 911 2122 eludens
929 2067 1116 2131 Graevius,
1136 2068 1259 2138 frugibus
1277 2068 1390 2122 inventis

337 2158 371 2210 ad
392 2157 502 2226 glandes
520 2157 606 2223 rediit,
631 2158 764 2211 scribens:
789 2157 868 2223 „Hoc
892 2154 971 2208 nimis
995 2161 1107 2220 γενικῶς.
1153 2153 1311 2228 Cogitabam
1340 2157 1390 2208 ali-

337 2245 446 2316 quando
465 2264 560 2314 operas
580 2247 644 2298 dare
662 2265 733 2311 esse,
754 2247 906 2316 mancipem
925 2262 1070 2314 operarum
1090 2263 1159 2306 esse,
1179 2244 1266 2315 qualis
1284 2245 1388 2316 Vespa-

336 2334 403 2388 siani
422 2339 536 2405 proavus
553 2333 660 2387 Flavius
677 2335 759 2387 Petro
783 2335 862 2387 inisse
888 2333 1062 2397 credebatur,
1089 2331 1197 2404 dequo
1220 2331 1331 2386 Sueten.
1361 2335 1387 2386 in

337 2424 446 2494 Vespas.
466 2424 501 2488 [c.
518 2424 555 2489 1.]
602 2425 743 2472 Iactatum
770 2440 788 2472 u
814 2420 990 2492 quibusdam,
1020 2421 1146 2472 Petronis
1168 2430 1274 2488 patrem
1295 2421 1389 2491 fuisse

337 2510 484 2577 mancipem
511 2527 664 2577 operarum,
699 2526 769 2578 quae
793 2525 831 2558 ex·
855 2507 966 2559 Unsbria
990 2507 1019 2557 in
1042 2505 1155 2558 Sabinas
1180 2508 1218 2556 ad
1248 2508 1385 2558 culturam

335 2615 464 2666 agrorum
483 2597 629 2667 quotannis
652 2614 795 2648 cnmnoecre
820 2595 946 2650 solerent.
965 2623 999 2635 -
1050 2597 1152 2663 Operae
1176 2604 1238 2647 aunt
1262 2595 1388 2663 operarii.

334 2685 428 2736 Horat.
449 2682 517 2750 [Sat.
532 2680 566 2749 ll,
584 2687 611 2748 ἵ,
633 2687 686 2736 118
694 2685 712 2750 z]
732 2683 840 2735 accedes
858 2701 939 2752 opera
958 2702 1024 2752 agro
1042 2700 1114 2734 nona
1131 2682 1239 2734 Sabino.
1275 2681 1328 2734 Sed
1349 2693 1389 2735 ta·

335 2790 398 2824 men
419 2770 516 2825 rectius
535 2781 600 2841 puto
618 2789 714 2840 operas
733 2772 798 2823 dare
815 2771 859 2824 hic
879 2791 934 2824 esse
954 2770 1103 2842 publicanis
1126 2770 1238 2835 servire,
1264 2781 1311 2824 aut
1336 2790 1390 2823 csse

334 2859 521 2932 publicanum.
559 2858 616 2912 Cic.
634 2858 683 2930 Ep.
703 2863 744 2913 tis.
768 2859 814 2912 lib.
833 2858 902 2911 Xlll.
924 2859 956 2911 ad
975 2859 1092 2911 Femina
1121 2862 1185 2910 Cum
1212 2863 1245 2912 P.
1267 2859 1389 2911 Terentio

335 2950 472 3015 Hispone,
497 2950 544 3018 qui
560 2965 654 3016 operas
679 2948 707 2998 in
731 2947 870 3020 scriptura
889 2964 941 3014 pru
960 2947 1091 3016 magistro
1110 2947 1172 3000 dut.
1200 2946 1265 2998 milri
1285 2965 1390 2997 summa

331 3035 518 3106 sarralinritcs
535 3063 571 3073 -
589 3045 646 3086 est:
669 3033 695 3086 b.
714 3054 737 3087 e.
757 3033 804 3104 qui
824 3033 938 3086 vicarius
956 3044 994 3086 est
1012 3034 1131 3104 magistri
1156 3034 1228 3087 illius
1251 3035 1390 3088 societatis.

335 3121 413 3175 Orat.
431 3121 464 3175 ss.
483 3123 510 3174 in
529 3123 607 3174 Vcrr.
627 3141 651 3175 c.
669 3126 717 3174 tu:
747 3121 892 3173 Canuleius
919 3141 994 3184 uero,
1022 3124 1070 3192 qui
1097 3123 1223 3191 inportu
1243 3126 1388 3193 Syracusis

334 3229 443 3279 operam
461 3208 560 3272 dabat,
578 3209 603 3262 h.
618 3228 641 3261 e.
659 3209 706 3280 qui
725 3220 782 3262 erat
800 3209 871 3262 inter
890 3209 1063 3280 publicanos,
1089 3210 1136 3281 qui
1154 3209 1295 3281 Syracusis
1324 3229 1389 3281 por·

335 3297 435 3352 lorium
455 3297 602 3365 exigebant.
638 3296 685 3350 Sic
703 3308 729 3351 et
747 3297 810 3350 alibi
830 3295 954 3353 Cicero.“
988 3300 1063 3351 ,Vere
1076 3309 1170 3351 monet
1186 3296 1289 3350 Gernb.
1302 3297 1389 3352 Grae-

335 3385 368 3436 vii
389 3383 563 3454 explicatione
583 3383 710 3453 explicari
726 3386 813 3455 potius
829 3386 981 3456 sequentia:
998 3384 1114 3454 publicis
1127 3385 1271 3436 sumendis.
1306 3386 1388 3453 Quod

334 3489 417 3540 supra
437 3470 591 3524 monuimus
609 3489 663 3523 esse
681 3472 823 3524 honestate
842 3491 892 3542 pro
918 3468 1027 3524 honeste
1055 3471 1083 3523 in
1104 3470 1169 3526 cod.
1197 3472 1288 3537 Sues..
1316 3474 1387 3526 idem

334 3575 483 3629 operarum
502 3576 593 3611 errore
613 3577 668 3611 esse
686 3558 785 3616 in,Ed.
811 3560 906 3612 Lamb.
924 3563 1003 3614 1566.
1034 3570 1125 3612 monet
1144 3558 1194 3612 Or.
1223 3559 1309 3630 (quod
1340 3581 1388 3616 nm

334 3648 416 3701 etiam
435 3645 463 3697 in
483 3657 575 3698 nostro
594 3646 714 3719 exemplo
733 3647 909 3718 reperimus),
935 3647 1006 3700 idem
1025 3658 1064 3700 est
1081 3647 1176 3722 inEd.
1197 3648 1293 3701 Colon.
1308 3653 1387 3706 latu.

334 3753 405 3805 quae
432 3732 500 3802 (sola
526 3734 648 3787 omnium
674 3736 839 3803 nostrarum)
868 3736 917 3789 Ed.
950 3734 1073 3788 Lambini
1100 3746 1252 3790 contextum
1278 3735 1389 3793 exbibet.

334 3823 365 3874 ln
384 3822 496 3889 eodem,
516 3842 597 3894 quem
617 3823 699 3876 modo
719 3824 837 3892 laudari,
857 3824 925 3877 Cod.
943 3823 1050 3877 Suesia.
1071 3843 1120 3894 pro
1142 3825 1228 3894 alceris
1247 3835 1286 3878 esl
1301 3830 1389 3894 uperi-

334 3909 393 3965 bus.
429 3909 489 3964 Mr.

406 3999 492 4066 aperis
512 3999 622 4072 dandis]
658 3999 731 4066 „Alii
749 4012 914 4061 mercaluras
932 4001 1050 4065 faciunt,
1069 4001 1113 4054 alii
1134 4018 1243 4070 operam
1263 3998 1326 4052 dant
1348 4001 1387 4052 la·

334 4085 476 4139 cientibus.
512 4084 629 4140 sedhic
648 4088 681 4140 de
700 4090 790 4158 operis
809 4089 930 4143 universe
949 4088 1085 4161 loquitur,
1114 4106 1183 4158 quae
1210 4086 1243 4137 ad
1268 4104 1326 4137 rem
1345 4074 1388 4138 la·

333 4173 458 4226 ciendam
476 4173 679 4244 impenduntur.
725 4176 787 4229 Late
812 4177 885 4228 enim
906 4187 977 4246 petel
995 4175 1060 4228 baec
1079 4194 1124 4227 ror
1151 4184 1178 4227 el
1195 4174 1228 4225 ad
1248 4171 1387 4243 quodlibet

333 4278 420 4330 genus
438 4262 602 4315 transfertur.
638 4264 707 4316 Vide
725 4262 803 4316 Orat.
823 4282 873 4334 pro
893 4262 1023 4316 Muraena
1043 4281 1103 4333 cap.
1121 4265 1145 4315 9.
1163 4261 1185 4313 F
1193 4281 1262 4315 acc.
1295 4260 1384 4323 „ldem

332 4359 388 4412 est,
408 4349 510 4420 inquit,
530 4351 604 4421 quod
623 4351 744 4405 locandis
761 4371 798 4404 sc.
817 4352 849 4404 ad
870 4348 1083 4413 aedificationes,
1112 4348 1186 4419 quod
1205 4361 1261 4402 erat
1280 4349 1386 4401 redem-

333 4447 424 4488 torum
443 4447 469 4489 el
487 4436 700 4499 conductorum:
735 4439 807 4513 quod
834 4448 890 4491 erat
909 4455 994 4507 genus
1012 4435 1189 4507 pecuniarum
1217 4437 1385 4508 quaerenda-
