<?xml version="1.0" encoding="UTF-8"?>
<!DOCTYPE html PUBLIC "-//W3C//DTD XHTML 1.0 Transitional//EN"
    "http://www.w3.org/TR/xhtml1/DTD/xhtml1-transitional.dtd">
<html xmlns="http://www.w3.org/1999/xhtml" xml:lang="en" lang="en">
 <head>
  <title>
</title>
<meta http-equiv="Content-Type" content="text/html;charset=utf-8" />
  <meta name='ocr-system' content='tesseract 3.04.00' />
  <meta name='ocr-capabilities' content='ocr_page ocr_carea ocr_par ocr_line ocrx_word'/>
</head>
<body>
  <div class='ocr_page' id='page_1' title='image "./paradoxa00wyttgoog_0415.png"; bbox 0 0 3450 5342; ppageno 0'>
   <div class='ocr_carea' id='block_1_1' title="bbox 493 656 1405 740">
    <p class='ocr_par' dir='ltr' id='par_1_1' title="bbox 493 656 1405 740">
     <span class='ocr_line' id='line_1_1' title="bbox 493 656 1405 740; baseline -0.014 -13"><span class='ocrx_word' id='word_1_1' title='bbox 493 678 662 727; x_wconf 27' lang='lat' dir='ltr'>*excursus</span> <span class='ocrx_word' id='word_1_2' title='bbox 681 678 725 724; x_wconf 84' lang='lat' dir='ltr'>vr.</span> <span class='ocrx_word' id='word_1_3' title='bbox 760 678 802 722; x_wconf 75' lang='lat' dir='ltr'>sn</span> <span class='ocrx_word' id='word_1_4' title='bbox 832 678 1027 723; x_wconf 76' lang='lat' dir='ltr'>rnntnoxon</span> <span class='ocrx_word' id='word_1_5' title='bbox 1050 680 1091 740; x_wconf 75' lang='grc' dir='ltr'>ιν,</span> <span class='ocrx_word' id='word_1_6' title='bbox 1111 675 1136 724; x_wconf 83' lang='lat'>1.</span> <span class='ocrx_word' id='word_1_7' title='bbox 1270 656 1344 730; x_wconf 82' lang='lat'>337</span> <span class='ocrx_word' id='word_1_8' title='bbox 1404 711 1405 714; x_wconf 74' lang='grc'>,</span> 
     </span>
    </p>
   </div>
   <div class='ocr_carea' id='block_1_2' title="bbox 289 837 1343 1087">
    <p class='ocr_par' dir='ltr' id='par_1_2' title="bbox 289 837 1343 1087">
     <span class='ocr_line' id='line_1_2' title="bbox 290 837 1338 912; baseline 0 -19"><span class='ocrx_word' id='word_1_9' title='bbox 290 844 346 906; x_wconf 86' lang='lat' dir='ltr'>nis,</span> <span class='ocrx_word' id='word_1_10' title='bbox 369 859 437 912; x_wconf 84' lang='lat' dir='ltr'>quae</span> <span class='ocrx_word' id='word_1_11' title='bbox 456 841 483 892; x_wconf 90' lang='lat' dir='ltr'>in</span> <span class='ocrx_word' id='word_1_12' title='bbox 503 839 579 893; x_wconf 84' lang='lat' dir='ltr'>nullo</span> <span class='ocrx_word' id='word_1_13' title='bbox 598 838 706 892; x_wconf 86' lang='lat' dir='ltr'>homine</span> <span class='ocrx_word' id='word_1_14' title='bbox 724 858 828 892; x_wconf 81' lang='lat' dir='ltr'>sumnia</span> <span class='ocrx_word' id='word_1_15' title='bbox 847 837 1070 909; x_wconf 71' lang='lat' dir='ltr'>deprehenditur,</span> <span class='ocrx_word' id='word_1_16' title='bbox 1091 838 1338 894; x_wconf 85' lang='lat' dir='ltr'>abhorrentem.“-</span> 
     </span>
     <span class='ocr_line' id='line_1_3' title="bbox 289 926 1342 999; baseline 0.002 -18"><span class='ocrx_word' id='word_1_17' title='bbox 289 930 345 996; x_wconf 87' lang='lat' dir='ltr'>Qui</span> <span class='ocrx_word' id='word_1_18' title='bbox 364 948 443 999; x_wconf 84' lang='lat' dir='ltr'>supra</span> <span class='ocrx_word' id='word_1_19' title='bbox 463 948 477 980; x_wconf 87' lang='lat' dir='ltr'>a</span> <span class='ocrx_word' id='word_1_20' title='bbox 500 927 621 981; x_wconf 86' lang='lat' dir='ltr'>Betuieio</span> <span class='ocrx_word' id='word_1_21' title='bbox 640 927 765 981; x_wconf 88' lang='lat' dir='ltr'>laudatur</span> <span class='ocrx_word' id='word_1_22' title='bbox 784 927 859 989; x_wconf 79' lang='lat' dir='ltr'>iocus</span> <span class='ocrx_word' id='word_1_23' title='bbox 878 926 1007 997; x_wconf 82' lang='lat' dir='ltr'><strong>Diogenis</strong></span> <span class='ocrx_word' id='word_1_24' title='bbox 1026 927 1137 995; x_wconf 72' lang='lat' dir='ltr'>Lab&#39;rtii,</span> <span class='ocrx_word' id='word_1_25' title='bbox 1165 939 1203 981; x_wconf 89' lang='lat' dir='ltr'>est</span> <span class='ocrx_word' id='word_1_26' title='bbox 1222 928 1266 981; x_wconf 83' lang='lat' dir='ltr'>tib.</span> <span class='ocrx_word' id='word_1_27' title='bbox 1286 932 1342 988; x_wconf 90' lang='lat' dir='ltr'>Vtt.</span> 
     </span>
     <span class='ocr_line' id='line_1_4' title="bbox 290 1013 1343 1087; baseline 0 -18"><span class='ocrx_word' id='word_1_28' title='bbox 290 1017 360 1069; x_wconf 86' lang='lat' dir='ltr'>Sect.</span> <span class='ocrx_word' id='word_1_29' title='bbox 380 1019 431 1068; x_wconf 72' lang='lat'>12⁰</span> <span class='ocrx_word' id='word_1_30' title='bbox 449 1035 488 1086; x_wconf 88' lang='lat' dir='ltr'>sq.</span> <span class='ocrx_word' id='word_1_31' title='bbox 507 1035 534 1087; x_wconf 81' lang='lat' dir='ltr'>p.</span> <span class='ocrx_word' id='word_1_32' title='bbox 552 1021 614 1070; x_wconf 75' lang='lat' dir='ltr'>tto.</span> <span class='ocrx_word' id='word_1_33' title='bbox 646 1015 695 1068; x_wconf 85' lang='lat' dir='ltr'>Ed.</span> <span class='ocrx_word' id='word_1_34' title='bbox 715 1014 843 1067; x_wconf 87' lang='lat' dir='ltr'>Meibom.</span> <span class='ocrx_word' id='word_1_35' title='bbox 861 1013 895 1067; x_wconf 91' lang='lat' dir='ltr'>ad</span> <span class='ocrx_word' id='word_1_36' title='bbox 914 1033 995 1084; x_wconf 90' lang='lat' dir='ltr'>quem</span> <span class='ocrx_word' id='word_1_37' title='bbox 1015 1014 1106 1068; x_wconf 90' lang='lat' dir='ltr'>locum</span> <span class='ocrx_word' id='word_1_38' title='bbox 1131 1015 1182 1068; x_wconf 86' lang='lat' dir='ltr'>vid.</span> <span class='ocrx_word' id='word_1_39' title='bbox 1201 1016 1266 1086; x_wconf 81' lang='lat' dir='ltr'>Aeg.</span> <span class='ocrx_word' id='word_1_40' title='bbox 1284 1017 1343 1069; x_wconf 84' lang='lat' dir='ltr'>Me-</span> 
     </span>
    </p>
   </div>
   <div class='ocr_carea' id='block_1_3' title="bbox 291 1102 503 1174">
    <p class='ocr_par' dir='ltr' id='par_1_3' title="bbox 291 1102 503 1174">
     <span class='ocr_line' id='line_1_5' title="bbox 291 1102 503 1174; baseline 0 -18"><span class='ocrx_word' id='word_1_41' title='bbox 291 1104 408 1174; x_wconf 79' lang='lat' dir='ltr'>nagium.</span> <span class='ocrx_word' id='word_1_42' title='bbox 444 1102 503 1156; x_wconf 65' lang='grc' dir='ltr'>ΜΓ.</span> 
     </span>
    </p>
   </div>
   <div class='ocr_carea' id='block_1_4' title="bbox 714 1234 922 1246">
    <p class='ocr_par' dir='ltr' id='par_1_4' title="bbox 714 1234 922 1246">
     <span class='ocr_line' id='line_1_6' title="bbox 714 1234 922 1246; baseline -0.005 0"><span class='ocrx_word' id='word_1_43' title='bbox 714 1234 922 1246; x_wconf 54' lang='lat'>*—</span> 
     </span>
    </p>
   </div>
   <div class='ocr_carea' id='block_1_5' title="bbox 518 1368 1118 1601">
    <p class='ocr_par' dir='ltr' id='par_1_5' title="bbox 518 1368 1118 1601">
     <span class='ocr_line' id='line_1_7' title="bbox 673 1368 957 1430; baseline -0.004 -3"><span class='ocrx_word' id='word_1_44' title='bbox 673 1368 886 1430; x_wconf 76' lang='lat' dir='ltr'>EXGURSUS</span> <span class='ocrx_word' id='word_1_45' title='bbox 909 1370 957 1427; x_wconf 89' lang='lat' dir='ltr'>vt.</span> 
     </span>
     <span class='ocr_line' id='line_1_8' title="bbox 518 1476 1118 1601; baseline -0.003 -18"><span class='ocrx_word' id='word_1_46' title='bbox 518 1507 593 1583; x_wconf 82' lang='grc' dir='ltr'>ΑΙ)</span> <span class='ocrx_word' id='word_1_47' title='bbox 619 1476 963 1581; x_wconf 68' lang='lat' dir='ltr'>ramnoxon</span> <span class='ocrx_word' id='word_1_48' title='bbox 988 1509 1057 1601; x_wconf 77' lang='lat' dir='ltr'>iv,</span> <span class='ocrx_word' id='word_1_49' title='bbox 1083 1507 1118 1581; x_wconf 84' lang='lat' dir='ltr'>t.</span> 
     </span>
    </p>
   </div>
   <div class='ocr_carea' id='block_1_6' title="bbox 440 1661 1162 1732">
    <p class='ocr_par' dir='ltr' id='par_1_6' title="bbox 440 1661 1162 1732">
     <span class='ocr_line' id='line_1_9' title="bbox 440 1661 1162 1732; baseline 0.014 -10"><span class='ocrx_word' id='word_1_50' title='bbox 440 1666 442 1670; x_wconf 83' lang='lat'>&#39;</span> <span class='ocrx_word' id='word_1_51' title='bbox 467 1705 505 1714; x_wconf 94' lang='lat'><em>-</em></span> <span class='ocrx_word' id='word_1_52' title='bbox 532 1703 570 1713; x_wconf 88' lang='lat'>-</span> <span class='ocrx_word' id='word_1_53' title='bbox 596 1704 635 1713; x_wconf 88' lang='lat'>-</span> <span class='ocrx_word' id='word_1_54' title='bbox 660 1661 761 1728; x_wconf 75' lang='lat' dir='ltr'>relius</span> <span class='ocrx_word' id='word_1_55' title='bbox 784 1662 924 1728; x_wconf 83' lang='lat' dir='ltr'>vincam</span> <span class='ocrx_word' id='word_1_56' title='bbox 947 1668 1162 1732; x_wconf 81' lang='lat' dir='ltr'>necessariis.</span> 
     </span>
    </p>
   </div>
   <div class='ocr_carea' id='block_1_7' title="bbox 282 1803 1342 4503">
    <p class='ocr_par' dir='ltr' id='par_1_7' title="bbox 286 1803 1341 3281">
     <span class='ocr_line' id='line_1_10' title="bbox 360 1803 1341 1879; baseline 0 -19"><span class='ocrx_word' id='word_1_57' title='bbox 360 1811 466 1874; x_wconf 85' lang='lat' dir='ltr'>„Rebas</span> <span class='ocrx_word' id='word_1_58' title='bbox 484 1809 609 1861; x_wconf 80' lang='lat' dir='ltr'><strong><em>addicam</em></strong></span> <span class='ocrx_word' id='word_1_59' title='bbox 627 1807 791 1860; x_wconf 83' lang='lat' dir='ltr'>necessariis.</span> <span class='ocrx_word' id='word_1_60' title='bbox 827 1803 918 1857; x_wconf 77' lang='lat' dir='ltr'>liebus</span> <span class='ocrx_word' id='word_1_61' title='bbox 938 1825 988 1876; x_wconf 85' lang='lat' dir='ltr'>pro</span> <span class='ocrx_word' id='word_1_62' title='bbox 1007 1809 1097 1862; x_wconf 84' lang='lat' dir='ltr'>causis</span> <span class='ocrx_word' id='word_1_63' title='bbox 1118 1810 1213 1879; x_wconf 86' lang='lat' dir='ltr'>posuit.</span> <span class='ocrx_word' id='word_1_64' title='bbox 1250 1810 1341 1861; x_wconf 89' lang='lat' dir='ltr'>Addi-</span> 
     </span>
     <span class='ocr_line' id='line_1_11' title="bbox 289 1894 1340 1968; baseline 0.001 -19"><span class='ocrx_word' id='word_1_65' title='bbox 289 1917 348 1949; x_wconf 84' lang='lat' dir='ltr'>ram</span> <span class='ocrx_word' id='word_1_66' title='bbox 367 1909 470 1962; x_wconf 87' lang='lat' dir='ltr'>autem,</span> <span class='ocrx_word' id='word_1_67' title='bbox 490 1897 552 1968; x_wconf 84' lang='lat' dir='ltr'>q&#39;uia</span> <span class='ocrx_word' id='word_1_68' title='bbox 572 1915 668 1967; x_wconf 89' lang='lat' dir='ltr'>parum</span> <span class='ocrx_word' id='word_1_69' title='bbox 687 1895 812 1948; x_wconf 87' lang='lat' dir='ltr'>usitatum</span> <span class='ocrx_word' id='word_1_70' title='bbox 832 1894 943 1947; x_wconf 79' lang='lat' dir='ltr'>verbum</span> <span class='ocrx_word' id='word_1_71' title='bbox 962 1906 1009 1962; x_wconf 87' lang='lat' dir='ltr'>est,</span> <span class='ocrx_word' id='word_1_72' title='bbox 1028 1895 1056 1948; x_wconf 93' lang='lat' dir='ltr'>in</span> <span class='ocrx_word' id='word_1_73' title='bbox 1075 1914 1128 1966; x_wconf 90' lang='lat' dir='ltr'>qua</span> <span class='ocrx_word' id='word_1_74' title='bbox 1148 1896 1340 1967; x_wconf 84' lang='lat' dir='ltr'>significatione</span> 
     </span>
     <span class='ocr_line' id='line_1_12' title="bbox 289 1982 1340 2058; baseline 0.002 -21"><span class='ocrx_word' id='word_1_75' title='bbox 289 1985 365 2038; x_wconf 89' lang='lat' dir='ltr'>hica</span> <span class='ocrx_word' id='word_1_76' title='bbox 387 1983 519 2039; x_wconf 82' lang='lat' dir='ltr'><strong>Cicerone</strong></span> <span class='ocrx_word' id='word_1_77' title='bbox 544 1997 703 2055; x_wconf 84' lang='lat' dir='ltr'>usurpatur,</span> <span class='ocrx_word' id='word_1_78' title='bbox 735 1993 878 2055; x_wconf 84' lang='lat' dir='ltr'>propterea</span> <span class='ocrx_word' id='word_1_79' title='bbox 909 1982 1007 2036; x_wconf 80' lang='lat' dir='ltr'>multos</span> <span class='ocrx_word' id='word_1_80' title='bbox 1031 2002 1135 2037; x_wconf 86' lang='lat' dir='ltr'>errores</span> <span class='ocrx_word' id='word_1_81' title='bbox 1162 2003 1340 2058; x_wconf 82' lang='lat' dir='ltr'>magnamque</span> 
     </span>
     <span class='ocr_line' id='line_1_13' title="bbox 289 2069 1340 2144; baseline 0 -19"><span class='ocrx_word' id='word_1_82' title='bbox 289 2071 450 2144; x_wconf 84' lang='lat' dir='ltr'>opinionum</span> <span class='ocrx_word' id='word_1_83' title='bbox 477 2072 628 2125; x_wconf 86' lang='lat' dir='ltr'>varietatem</span> <span class='ocrx_word' id='word_1_84' title='bbox 661 2070 764 2124; x_wconf 75' lang='lat' dir='ltr'>inscitia</span> <span class='ocrx_word' id='word_1_85' title='bbox 793 2069 905 2141; x_wconf 86' lang='lat' dir='ltr'>peperit.</span> <span class='ocrx_word' id='word_1_86' title='bbox 954 2069 1058 2138; x_wconf 86' lang='lat' dir='ltr'>Quodsi</span> <span class='ocrx_word' id='word_1_87' title='bbox 1090 2071 1213 2124; x_wconf 78' lang='lat' dir='ltr'>addicam</span> <span class='ocrx_word' id='word_1_88' title='bbox 1241 2073 1340 2127; x_wconf 85' lang='lat' dir='ltr'>dictum</span> 
     </span>
     <span class='ocr_line' id='line_1_14' title="bbox 289 2155 1341 2233; baseline 0.003 -21"><span class='ocrx_word' id='word_1_89' title='bbox 289 2179 344 2213; x_wconf 86' lang='lat' dir='ltr'>esse</span> <span class='ocrx_word' id='word_1_90' title='bbox 362 2160 488 2231; x_wconf 88' lang='lat' dir='ltr'>patuisset</span> <span class='ocrx_word' id='word_1_91' title='bbox 506 2178 556 2231; x_wconf 84' lang='lat' dir='ltr'>pro</span> <span class='ocrx_word' id='word_1_92' title='bbox 572 2157 705 2228; x_wconf 81' lang='lat' dir='ltr'><strong><em>probabo,</em></strong></span> <span class='ocrx_word' id='word_1_93' title='bbox 725 2158 848 2229; x_wconf 82' lang='lat' dir='ltr'>proiecto</span> <span class='ocrx_word' id='word_1_94' title='bbox 866 2155 915 2210; x_wconf 85' lang='lat' dir='ltr'>sibi</span> <span class='ocrx_word' id='word_1_95' title='bbox 935 2175 949 2210; x_wconf 79' lang='lat' dir='ltr'>a</span> <span class='ocrx_word' id='word_1_96' title='bbox 968 2158 1099 2211; x_wconf 83' lang='lat' dir='ltr'>veteribus</span> <span class='ocrx_word' id='word_1_97' title='bbox 1118 2158 1199 2226; x_wconf 82' lang='lat' dir='ltr'>tibris,</span> <span class='ocrx_word' id='word_1_98' title='bbox 1219 2162 1264 2233; x_wconf 90' lang='lat' dir='ltr'>qui</span> <span class='ocrx_word' id='word_1_99' title='bbox 1283 2162 1341 2232; x_wconf 88' lang='lat' dir='ltr'>ple·</span> 
     </span>
     <span class='ocr_line' id='line_1_15' title="bbox 289 2244 1341 2318; baseline 0.004 -19"><span class='ocrx_word' id='word_1_100' title='bbox 289 2246 366 2318; x_wconf 88' lang='lat' dir='ltr'>rique</span> <span class='ocrx_word' id='word_1_101' title='bbox 384 2246 473 2315; x_wconf 90' lang='lat' dir='ltr'>(octo)</span> <span class='ocrx_word' id='word_1_102' title='bbox 491 2246 591 2301; x_wconf 87' lang='lat' dir='ltr'>habent</span> <span class='ocrx_word' id='word_1_103' title='bbox 608 2247 761 2309; x_wconf 87' lang='lat' dir='ltr'>addictam,</span> <span class='ocrx_word' id='word_1_104' title='bbox 787 2244 979 2299; x_wconf 87' lang='lat' dir='ltr'>discedendum</span> <span class='ocrx_word' id='word_1_105' title='bbox 997 2265 1053 2299; x_wconf 90' lang='lat' dir='ltr'>non</span> <span class='ocrx_word' id='word_1_106' title='bbox 1073 2258 1213 2317; x_wconf 85' lang='lat' dir='ltr'>putassent.</span> <span class='ocrx_word' id='word_1_107' title='bbox 1257 2250 1341 2304; x_wconf 86' lang='lat' dir='ltr'>Huius</span> 
     </span>
     <span class='ocr_line' id='line_1_16' title="bbox 289 2333 1341 2407; baseline 0 -20"><span class='ocrx_word' id='word_1_108' title='bbox 289 2346 378 2388; x_wconf 88' lang='lat' dir='ltr'>autem</span> <span class='ocrx_word' id='word_1_109' title='bbox 397 2335 468 2388; x_wconf 86' lang='lat' dir='ltr'>verbi</span> <span class='ocrx_word' id='word_1_110' title='bbox 488 2336 539 2387; x_wconf 78' lang='lat' dir='ltr'>rim</span> <span class='ocrx_word' id='word_1_111' title='bbox 557 2335 651 2389; x_wconf 87' lang='lat' dir='ltr'>Festus</span> <span class='ocrx_word' id='word_1_112' title='bbox 670 2335 801 2397; x_wconf 89' lang='lat' dir='ltr'>ostendit,</span> <span class='ocrx_word' id='word_1_113' title='bbox 827 2333 866 2386; x_wconf 85' lang='lat' dir='ltr'>his</span> <span class='ocrx_word' id='word_1_114' title='bbox 884 2333 982 2386; x_wconf 82' lang='lat' dir='ltr'>verbis:</span> <span class='ocrx_word' id='word_1_115' title='bbox 1008 2335 1140 2388; x_wconf 85' lang='lat' dir='ltr'>Addicere</span> <span class='ocrx_word' id='word_1_116' title='bbox 1170 2348 1211 2390; x_wconf 84' lang='lat' dir='ltr'>est</span> <span class='ocrx_word' id='word_1_117' title='bbox 1234 2339 1341 2407; x_wconf 85' lang='lat' dir='ltr'>proprie</span> 
     </span>
     <span class='ocr_line' id='line_1_17' title="bbox 289 2421 1341 2493; baseline 0.004 -20"><span class='ocrx_word' id='word_1_118' title='bbox 289 2423 358 2473; x_wconf 82' lang='lat' dir='ltr'>idem</span> <span class='ocrx_word' id='word_1_119' title='bbox 377 2424 463 2475; x_wconf 86' lang='lat' dir='ltr'>dicere</span> <span class='ocrx_word' id='word_1_120' title='bbox 481 2432 508 2473; x_wconf 83' lang='lat' dir='ltr'>et</span> <span class='ocrx_word' id='word_1_121' title='bbox 529 2422 676 2492; x_wconf 84' lang='lat' dir='ltr'>approbare</span> <span class='ocrx_word' id='word_1_122' title='bbox 694 2423 812 2475; x_wconf 87' lang='lat' dir='ltr'>dicendo.</span> <span class='ocrx_word' id='word_1_123' title='bbox 830 2422 902 2473; x_wconf 88' lang='lat' dir='ltr'>alias</span> <span class='ocrx_word' id='word_1_124' title='bbox 912 2421 1034 2473; x_wconf 84' lang='lat' dir='ltr'>addicere</span> <span class='ocrx_word' id='word_1_125' title='bbox 1047 2423 1174 2475; x_wconf 85' lang='lat' dir='ltr'>damnare</span> <span class='ocrx_word' id='word_1_126' title='bbox 1187 2435 1236 2478; x_wconf 84' lang='lat' dir='ltr'>est.</span> <span class='ocrx_word' id='word_1_127' title='bbox 1275 2425 1341 2493; x_wconf 85' lang='lat' dir='ltr'>[Mi-</span> 
     </span>
     <span class='ocr_line' id='line_1_18' title="bbox 288 2508 1340 2580; baseline 0.004 -20"><span class='ocrx_word' id='word_1_128' title='bbox 288 2509 355 2562; x_wconf 87' lang='lat' dir='ltr'>reris</span> <span class='ocrx_word' id='word_1_129' title='bbox 372 2527 427 2561; x_wconf 90' lang='lat' dir='ltr'>non</span> <span class='ocrx_word' id='word_1_130' title='bbox 448 2508 540 2562; x_wconf 80' lang='lat' dir='ltr'>vidisse</span> <span class='ocrx_word' id='word_1_131' title='bbox 560 2509 646 2562; x_wconf 78' lang='lat' dir='ltr'>virum</span> <span class='ocrx_word' id='word_1_132' title='bbox 665 2510 789 2574; x_wconf 87' lang='lat' dir='ltr'>doctum,</span> <span class='ocrx_word' id='word_1_133' title='bbox 817 2508 955 2561; x_wconf 81' lang='lat' dir='ltr'>iudanon</span> <span class='ocrx_word' id='word_1_134' title='bbox 975 2509 1099 2580; x_wconf 80' lang='lat' dir='ltr'>probari,</span> <span class='ocrx_word' id='word_1_135' title='bbox 1123 2511 1263 2565; x_wconf 80' lang='lat' dir='ltr'>addicendi</span> <span class='ocrx_word' id='word_1_136' title='bbox 1280 2532 1340 2566; x_wconf 81' lang='lat' dir='ltr'>ser-</span> 
     </span>
     <span class='ocr_line' id='line_1_19' title="bbox 288 2596 1339 2670; baseline 0.003 -20"><span class='ocrx_word' id='word_1_137' title='bbox 288 2599 353 2651; x_wconf 91' lang='lat' dir='ltr'>bum</span> <span class='ocrx_word' id='word_1_138' title='bbox 373 2616 422 2668; x_wconf 90' lang='lat' dir='ltr'>pro</span> <span class='ocrx_word' id='word_1_139' title='bbox 442 2597 641 2649; x_wconf 82' lang='lat' dir='ltr'>demonstrandi</span> <span class='ocrx_word' id='word_1_140' title='bbox 659 2597 739 2650; x_wconf 89' lang='lat' dir='ltr'>verbo</span> <span class='ocrx_word' id='word_1_141' title='bbox 759 2596 882 2666; x_wconf 86' lang='lat' dir='ltr'>usurpari</span> <span class='ocrx_word' id='word_1_142' title='bbox 902 2598 999 2666; x_wconf 73' lang='lat' dir='ltr'>posse]</span> <span class='ocrx_word' id='word_1_143' title='bbox 1036 2596 1240 2663; x_wconf 68' lang='lat' dir='ltr'>attiniacum,</span> <span class='ocrx_word' id='word_1_144' title='bbox 1266 2601 1339 2670; x_wconf 90' lang='lat' dir='ltr'>quod</span> 
     </span>
     <span class='ocr_line' id='line_1_20' title="bbox 290 2684 1340 2739; baseline -0.002 -1"><span class='ocrx_word' id='word_1_145' title='bbox 290 2705 345 2738; x_wconf 86' lang='lat' dir='ltr'>nan</span> <span class='ocrx_word' id='word_1_146' title='bbox 371 2686 476 2739; x_wconf 87' lang='lat' dir='ltr'>reiicio:</span> <span class='ocrx_word' id='word_1_147' title='bbox 514 2685 558 2738; x_wconf 85' lang='lat' dir='ltr'>sed</span> <span class='ocrx_word' id='word_1_148' title='bbox 586 2695 685 2738; x_wconf 86' lang='lat' dir='ltr'>veteres</span> <span class='ocrx_word' id='word_1_149' title='bbox 711 2685 772 2739; x_wconf 89' lang='lat' dir='ltr'>libri</span> <span class='ocrx_word' id='word_1_150' title='bbox 801 2684 967 2737; x_wconf 86' lang='lat' dir='ltr'>dissentiunt.</span> <span class='ocrx_word' id='word_1_151' title='bbox 1016 2684 1069 2737; x_wconf 87' lang='lat' dir='ltr'>Alii</span> <span class='ocrx_word' id='word_1_152' title='bbox 1095 2684 1193 2738; x_wconf 86' lang='lat' dir='ltr'>habent</span> <span class='ocrx_word' id='word_1_153' title='bbox 1221 2686 1340 2738; x_wconf 79' lang='lat' dir='ltr'>vincam:</span> 
     </span>
     <span class='ocr_line' id='line_1_21' title="bbox 289 2772 1339 2840; baseline -0.002 -13"><span class='ocrx_word' id='word_1_154' title='bbox 289 2773 332 2827; x_wconf 86' lang='lat' dir='ltr'>aiii</span> <span class='ocrx_word' id='word_1_155' title='bbox 352 2773 502 2825; x_wconf 83' lang='lat' dir='ltr'>advincam.</span> <span class='ocrx_word' id='word_1_156' title='bbox 539 2772 610 2840; x_wconf 87' lang='lat' dir='ltr'>Mei,</span> <span class='ocrx_word' id='word_1_157' title='bbox 634 2793 704 2828; x_wconf 87' lang='lat' dir='ltr'>unus</span> <span class='ocrx_word' id='word_1_158' title='bbox 723 2774 867 2827; x_wconf 81' lang='lat' dir='ltr'>adducam.</span> <span class='ocrx_word' id='word_1_159' title='bbox 912 2775 1022 2837; x_wconf 80' lang='lat' dir='ltr'>Dicam,</span> <span class='ocrx_word' id='word_1_160' title='bbox 1048 2772 1110 2827; x_wconf 90' lang='lat' dir='ltr'>duo.</span> <span class='ocrx_word' id='word_1_161' title='bbox 1160 2773 1207 2825; x_wconf 87' lang='lat' dir='ltr'>Ad</span> <span class='ocrx_word' id='word_1_162' title='bbox 1231 2773 1339 2838; x_wconf 79' lang='lat' dir='ltr'>victam,</span> 
     </span>
     <span class='ocr_line' id='line_1_22' title="bbox 289 2859 1340 2930; baseline 0 -16"><span class='ocrx_word' id='word_1_163' title='bbox 289 2879 366 2915; x_wconf 80' lang='lat' dir='ltr'>unus.</span> <span class='ocrx_word' id='word_1_164' title='bbox 403 2860 561 2924; x_wconf 84' lang='lat' dir='ltr'>Additiam,</span> <span class='ocrx_word' id='word_1_165' title='bbox 581 2872 640 2913; x_wconf 87' lang='lat' dir='ltr'>tres.</span> <span class='ocrx_word' id='word_1_166' title='bbox 691 2862 866 2930; x_wconf 81' lang='lat' dir='ltr'>Compellam,</span> <span class='ocrx_word' id='word_1_167' title='bbox 891 2861 1030 2926; x_wconf 88' lang='lat' dir='ltr'>addicam,</span> <span class='ocrx_word' id='word_1_168' title='bbox 1048 2863 1146 2913; x_wconf 77' lang='lat' dir='ltr'>unut.“</span> <span class='ocrx_word' id='word_1_169' title='bbox 1176 2859 1249 2913; x_wconf 82' lang='lat' dir='ltr'>Aid.</span> <span class='ocrx_word' id='word_1_170' title='bbox 1273 2861 1340 2914; x_wconf 86' lang='lat' dir='ltr'>Ma·</span> 
     </span>
     <span class='ocr_line' id='line_1_23' title="bbox 288 2946 1341 3018; baseline -0.004 -16"><span class='ocrx_word' id='word_1_171' title='bbox 288 2961 360 3003; x_wconf 84' lang='lat' dir='ltr'>nut.</span> <span class='ocrx_word' id='word_1_172' title='bbox 396 2949 511 3015; x_wconf 87' lang='lat' dir='ltr'>„Veneti</span> <span class='ocrx_word' id='word_1_173' title='bbox 532 2960 557 3002; x_wconf 85' lang='lat' dir='ltr'>et</span> <span class='ocrx_word' id='word_1_174' title='bbox 575 2949 619 3001; x_wconf 76' lang='lat' dir='ltr'>atii</span> <span class='ocrx_word' id='word_1_175' title='bbox 638 2950 694 3001; x_wconf 84' lang='lat' dir='ltr'>fere</span> <span class='ocrx_word' id='word_1_176' title='bbox 713 2948 775 3002; x_wconf 83' lang='lat' dir='ltr'>iibri</span> <span class='ocrx_word' id='word_1_177' title='bbox 793 2949 933 3012; x_wconf 84' lang='lat' dir='ltr'>addicam,</span> <span class='ocrx_word' id='word_1_178' title='bbox 960 2947 1041 3018; x_wconf 89' lang='lat' dir='ltr'>idque</span> <span class='ocrx_word' id='word_1_179' title='bbox 1067 2947 1159 3001; x_wconf 83' lang='lat' dir='ltr'>saitem</span> <span class='ocrx_word' id='word_1_180' title='bbox 1185 2946 1264 3000; x_wconf 79' lang='lat' dir='ltr'>verbo</span> <span class='ocrx_word' id='word_1_181' title='bbox 1291 2947 1341 2998; x_wconf 87' lang='lat' dir='ltr'>ab·</span> 
     </span>
     <span class='ocr_line' id='line_1_24' title="bbox 287 3034 1339 3089; baseline 0.001 -3"><span class='ocrx_word' id='word_1_182' title='bbox 287 3036 376 3086; x_wconf 89' lang='lat' dir='ltr'>dicam</span> <span class='ocrx_word' id='word_1_183' title='bbox 394 3035 479 3089; x_wconf 78' lang='lat' dir='ltr'>verius</span> <span class='ocrx_word' id='word_1_184' title='bbox 495 3035 606 3088; x_wconf 81' lang='lat' dir='ltr'>videtur.</span> <span class='ocrx_word' id='word_1_185' title='bbox 642 3035 753 3087; x_wconf 88' lang='lat' dir='ltr'>Addaci</span> <span class='ocrx_word' id='word_1_186' title='bbox 771 3044 862 3088; x_wconf 90' lang='lat' dir='ltr'>autern</span> <span class='ocrx_word' id='word_1_187' title='bbox 879 3034 958 3087; x_wconf 80' lang='lat' dir='ltr'>radus</span> <span class='ocrx_word' id='word_1_188' title='bbox 976 3036 1133 3088; x_wconf 83' lang='lat' dir='ltr'>necessariis</span> <span class='ocrx_word' id='word_1_189' title='bbox 1150 3036 1260 3089; x_wconf 83' lang='lat' dir='ltr'>fortasse</span> <span class='ocrx_word' id='word_1_190' title='bbox 1279 3055 1339 3089; x_wconf 88' lang='lat' dir='ltr'>eum</span> 
     </span>
     <span class='ocr_line' id='line_1_25' title="bbox 286 3121 1340 3195; baseline 0.002 -19"><span class='ocrx_word' id='word_1_191' title='bbox 286 3122 379 3186; x_wconf 84' lang='lat' dir='ltr'>sentit,</span> <span class='ocrx_word' id='word_1_192' title='bbox 398 3121 441 3175; x_wconf 89' lang='lat' dir='ltr'>cui</span> <span class='ocrx_word' id='word_1_193' title='bbox 467 3121 521 3175; x_wconf 86' lang='lat' dir='ltr'>dati</span> <span class='ocrx_word' id='word_1_194' title='bbox 539 3133 676 3176; x_wconf 88' lang='lat' dir='ltr'>curatores</span> <span class='ocrx_word' id='word_1_195' title='bbox 701 3124 902 3195; x_wconf 88' lang='lat' dir='ltr'>suppeditarent</span> <span class='ocrx_word' id='word_1_196' title='bbox 920 3123 1066 3176; x_wconf 85' lang='lat' dir='ltr'>necessaria</span> <span class='ocrx_word' id='word_1_197' title='bbox 1086 3122 1212 3176; x_wconf 78' lang='lat' dir='ltr'>advitam</span> <span class='ocrx_word' id='word_1_198' title='bbox 1240 3123 1340 3194; x_wconf 82' lang='lat' dir='ltr'>degen-</span> 
     </span>
     <span class='ocr_line' id='line_1_26' title="bbox 286 3209 1284 3281; baseline 0.003 -19"><span class='ocrx_word' id='word_1_199' title='bbox 286 3209 365 3276; x_wconf 85' lang='lat' dir='ltr'>dam,</span> <span class='ocrx_word' id='word_1_200' title='bbox 387 3211 484 3281; x_wconf 86' lang='lat' dir='ltr'>cuique</span> <span class='ocrx_word' id='word_1_201' title='bbox 503 3210 608 3264; x_wconf 88' lang='lat' dir='ltr'>ademta</span> <span class='ocrx_word' id='word_1_202' title='bbox 629 3222 695 3264; x_wconf 88' lang='lat' dir='ltr'>esset</span> <span class='ocrx_word' id='word_1_203' title='bbox 714 3210 850 3263; x_wconf 89' lang='lat' dir='ltr'>bonorum</span> <span class='ocrx_word' id='word_1_204' title='bbox 870 3211 1090 3264; x_wconf 84' lang='lat' dir='ltr'>administratio.“</span> <span class='ocrx_word' id='word_1_205' title='bbox 1111 3209 1284 3266; x_wconf 90' lang='lat' dir='ltr'>Camerar.</span> 
     </span>
    </p>

    <p class='ocr_par' dir='ltr' id='par_1_8' title="bbox 287 3296 1340 4054">
     <span class='ocr_line' id='line_1_27' title="bbox 358 3296 1339 3370; baseline 0.002 -20"><span class='ocrx_word' id='word_1_206' title='bbox 358 3297 536 3370; x_wconf 85' lang='lat' dir='ltr'>„inquinatus</span> <span class='ocrx_word' id='word_1_207' title='bbox 553 3297 621 3350; x_wconf 88' lang='lat' dir='ltr'>adeo</span> <span class='ocrx_word' id='word_1_208' title='bbox 638 3308 676 3351; x_wconf 89' lang='lat' dir='ltr'>est</span> <span class='ocrx_word' id='word_1_209' title='bbox 694 3296 739 3351; x_wconf 85' lang='lat' dir='ltr'>hic</span> <span class='ocrx_word' id='word_1_210' title='bbox 757 3297 846 3363; x_wconf 85' lang='lat' dir='ltr'>iocus,</span> <span class='ocrx_word' id='word_1_211' title='bbox 866 3306 895 3349; x_wconf 91' lang='lat' dir='ltr'>ut</span> <span class='ocrx_word' id='word_1_212' title='bbox 914 3297 1142 3368; x_wconf 85' lang='lat' dir='ltr'>quemadmodum</span> <span class='ocrx_word' id='word_1_213' title='bbox 1154 3299 1259 3369; x_wconf 67' lang='lat' dir='ltr'>⁵corrigi</span> <span class='ocrx_word' id='word_1_214' title='bbox 1278 3319 1339 3370; x_wconf 89' lang='lat' dir='ltr'>pos·</span> 
     </span>
     <span class='ocr_line' id='line_1_28' title="bbox 288 3383 1339 3456; baseline 0.001 -18"><span class='ocrx_word' id='word_1_215' title='bbox 288 3386 334 3450; x_wconf 89' lang='lat' dir='ltr'>sit,</span> <span class='ocrx_word' id='word_1_216' title='bbox 354 3405 410 3439; x_wconf 89' lang='lat' dir='ltr'>nan</span> <span class='ocrx_word' id='word_1_217' title='bbox 430 3385 550 3439; x_wconf 84' lang='lat' dir='ltr'>viderim.</span> <span class='ocrx_word' id='word_1_218' title='bbox 596 3383 725 3456; x_wconf 77' lang='lat' dir='ltr'>Optimus</span> <span class='ocrx_word' id='word_1_219' title='bbox 744 3386 882 3452; x_wconf 91' lang='lat' dir='ltr'>omnium,</span> <span class='ocrx_word' id='word_1_220' title='bbox 907 3402 973 3456; x_wconf 92' lang='lat' dir='ltr'>quos</span> <span class='ocrx_word' id='word_1_221' title='bbox 1000 3384 1120 3448; x_wconf 80' lang='lat' dir='ltr'>tractavi,</span> <span class='ocrx_word' id='word_1_222' title='bbox 1140 3383 1280 3450; x_wconf 90' lang='lat' dir='ltr'>codicum,</span> <span class='ocrx_word' id='word_1_223' title='bbox 1305 3385 1339 3439; x_wconf 88' lang='lat' dir='ltr'>ita</span> 
     </span>
     <span class='ocr_line' id='line_1_29' title="bbox 289 3471 1340 3546; baseline -0.004 -20"><span class='ocrx_word' id='word_1_224' title='bbox 289 3474 381 3539; x_wconf 85' lang='lat' dir='ltr'>habet,</span> <span class='ocrx_word' id='word_1_225' title='bbox 400 3473 445 3526; x_wconf 85' lang='lat' dir='ltr'>sed</span> <span class='ocrx_word' id='word_1_226' title='bbox 465 3473 606 3539; x_wconf 81' lang='lat' dir='ltr'>mendose,</span> <span class='ocrx_word' id='word_1_227' title='bbox 625 3485 655 3528; x_wconf 89' lang='lat' dir='ltr'>ut</span> <span class='ocrx_word' id='word_1_228' title='bbox 673 3477 786 3546; x_wconf 84' lang='lat' dir='ltr'>opinor,</span> <span class='ocrx_word' id='word_1_229' title='bbox 806 3474 919 3545; x_wconf 76' lang='lat' dir='ltr'>etipse:</span> <span class='ocrx_word' id='word_1_230' title='bbox 944 3476 1004 3545; x_wconf 82' lang='lat' dir='ltr'>Ego</span> <span class='ocrx_word' id='word_1_231' title='bbox 1021 3491 1083 3525; x_wconf 75' lang='lat' dir='ltr'>vero</span> <span class='ocrx_word' id='word_1_232' title='bbox 1102 3482 1129 3522; x_wconf 84' lang='lat' dir='ltr'>te</span> <span class='ocrx_word' id='word_1_233' title='bbox 1145 3490 1198 3524; x_wconf 90' lang='lat' dir='ltr'>non</span> <span class='ocrx_word' id='word_1_234' title='bbox 1215 3471 1340 3534; x_wconf 83' lang='lat' dir='ltr'>stultam,</span> 
     </span>
     <span class='ocr_line' id='line_1_30' title="bbox 289 3557 1340 3632; baseline -0.007 -17"><span class='ocrx_word' id='word_1_235' title='bbox 289 3573 323 3615; x_wconf 86' lang='lat' dir='ltr'>ut</span> <span class='ocrx_word' id='word_1_236' title='bbox 339 3580 436 3632; x_wconf 83' lang='lat' dir='ltr'>saepe:</span> <span class='ocrx_word' id='word_1_237' title='bbox 461 3580 515 3613; x_wconf 88' lang='lat' dir='ltr'>nan</span> <span class='ocrx_word' id='word_1_238' title='bbox 532 3560 693 3631; x_wconf 82' lang='lat' dir='ltr'>improbam,</span> <span class='ocrx_word' id='word_1_239' title='bbox 713 3573 746 3614; x_wconf 86' lang='lat' dir='ltr'>at</span> <span class='ocrx_word' id='word_1_240' title='bbox 772 3580 888 3632; x_wconf 81' lang='lat' dir='ltr'>semper:</span> <span class='ocrx_word' id='word_1_241' title='bbox 915 3561 963 3612; x_wconf 84' lang='lat' dir='ltr'>sed</span> <span class='ocrx_word' id='word_1_242' title='bbox 982 3560 1124 3611; x_wconf 82' lang='lat' dir='ltr'>dementem</span> <span class='ocrx_word' id='word_1_243' title='bbox 1146 3557 1224 3610; x_wconf 83' lang='lat' dir='ltr'>rebus</span> <span class='ocrx_word' id='word_1_244' title='bbox 1242 3559 1280 3608; x_wconf 89' lang='lat' dir='ltr'>ad</span> <span class='ocrx_word' id='word_1_245' title='bbox 1298 3558 1340 3610; x_wconf 82' lang='lat' dir='ltr'>vi-</span> 
     </span>
     <span class='ocr_line' id='line_1_31' title="bbox 289 3644 1340 3720; baseline -0.005 -18"><span class='ocrx_word' id='word_1_246' title='bbox 289 3660 362 3703; x_wconf 86' lang='lat' dir='ltr'>etam</span> <span class='ocrx_word' id='word_1_247' title='bbox 380 3650 546 3703; x_wconf 78' lang='lat' dir='ltr'>necessariis.</span> <span class='ocrx_word' id='word_1_248' title='bbox 565 3667 621 3702; x_wconf 81' lang='lat' dir='ltr'>esse</span> <span class='ocrx_word' id='word_1_249' title='bbox 638 3650 758 3703; x_wconf 82' lang='lat' dir='ltr'>invictas</span> <span class='ocrx_word' id='word_1_250' title='bbox 773 3659 865 3720; x_wconf 87' lang='lat' dir='ltr'>potest</span> <span class='ocrx_word' id='word_1_251' title='bbox 881 3647 1012 3717; x_wconf 86' lang='lat' dir='ltr'>sapientis</span> <span class='ocrx_word' id='word_1_252' title='bbox 1032 3647 1137 3698; x_wconf 86' lang='lat' dir='ltr'>animus</span> <span class='ocrx_word' id='word_1_253' title='bbox 1155 3644 1340 3716; x_wconf 80' lang='lat' dir='ltr'>magnitudine</span> 
     </span>
     <span class='ocr_line' id='line_1_32' title="bbox 288 3734 1339 3805; baseline -0.004 -16"><span class='ocrx_word' id='word_1_254' title='bbox 288 3737 408 3802; x_wconf 87' lang='lat' dir='ltr'>consilii,</span> <span class='ocrx_word' id='word_1_255' title='bbox 427 3736 576 3788; x_wconf 72' lang='lat' dir='ltr'>tolerantia</span> <span class='ocrx_word' id='word_1_256' title='bbox 594 3755 683 3789; x_wconf 86' lang='lat' dir='ltr'>reram</span> <span class='ocrx_word' id='word_1_257' title='bbox 701 3738 898 3803; x_wconf 77' lang='lat' dir='ltr'>humanarum,</span> <span class='ocrx_word' id='word_1_258' title='bbox 924 3735 1116 3804; x_wconf 77' lang='lat' dir='ltr'>contemptione</span> <span class='ocrx_word' id='word_1_259' title='bbox 1134 3734 1269 3805; x_wconf 84' lang='lat' dir='ltr'>fortunae</span> <span class='ocrx_word' id='word_1_260' title='bbox 1290 3743 1339 3788; x_wconf 86' lang='lat' dir='ltr'>eto.</span> 
     </span>
     <span class='ocr_line' id='line_1_33' title="bbox 288 3821 1340 3894; baseline -0.004 -16"><span class='ocrx_word' id='word_1_261' title='bbox 288 3824 382 3893; x_wconf 81' lang='lat' dir='ltr'>Quare</span> <span class='ocrx_word' id='word_1_262' title='bbox 405 3835 540 3894; x_wconf 77' lang='lat' dir='ltr'>receptam</span> <span class='ocrx_word' id='word_1_263' title='bbox 569 3824 712 3878; x_wconf 84' lang='lat' dir='ltr'>lectionem</span> <span class='ocrx_word' id='word_1_264' title='bbox 738 3826 890 3892; x_wconf 83' lang='lat' dir='ltr'>(addicam)</span> <span class='ocrx_word' id='word_1_265' title='bbox 909 3843 955 3878; x_wconf 88' lang='lat' dir='ltr'>sua</span> <span class='ocrx_word' id='word_1_266' title='bbox 983 3822 1044 3876; x_wconf 89' lang='lat' dir='ltr'>sede</span> <span class='ocrx_word' id='word_1_267' title='bbox 1062 3841 1117 3875; x_wconf 89' lang='lat' dir='ltr'>non</span> <span class='ocrx_word' id='word_1_268' title='bbox 1137 3821 1222 3888; x_wconf 86' lang='lat' dir='ltr'>movi,</span> <span class='ocrx_word' id='word_1_269' title='bbox 1245 3832 1272 3874; x_wconf 86' lang='lat' dir='ltr'>et</span> <span class='ocrx_word' id='word_1_270' title='bbox 1300 3832 1340 3874; x_wconf 89' lang='lat' dir='ltr'>ta-</span> 
     </span>
     <span class='ocr_line' id='line_1_34' title="bbox 289 3907 1340 3984; baseline -0.006 -20"><span class='ocrx_word' id='word_1_271' title='bbox 289 3932 350 3966; x_wconf 90' lang='lat' dir='ltr'>men</span> <span class='ocrx_word' id='word_1_272' title='bbox 383 3923 497 3965; x_wconf 78' lang='lat' dir='ltr'>reterem</span> <span class='ocrx_word' id='word_1_273' title='bbox 529 3913 704 3984; x_wconf 74' lang='lat' dir='ltr'>scripturam,</span> <span class='ocrx_word' id='word_1_274' title='bbox 743 3911 915 3984; x_wconf 76' lang='lat' dir='ltr'>qualisqualis</span> <span class='ocrx_word' id='word_1_275' title='bbox 940 3921 993 3976; x_wconf 88' lang='lat' dir='ltr'>est,</span> <span class='ocrx_word' id='word_1_276' title='bbox 1031 3921 1150 3963; x_wconf 87' lang='lat' dir='ltr'>testatam</span> <span class='ocrx_word' id='word_1_277' title='bbox 1189 3907 1340 3976; x_wconf 83' lang='lat' dir='ltr'>relinquere</span> 
     </span>
     <span class='ocr_line' id='line_1_35' title="bbox 287 3999 612 4054; baseline 0.003 -3"><span class='ocrx_word' id='word_1_278' title='bbox 287 3999 386 4054; x_wconf 82' lang='lat' dir='ltr'>volui.“</span> <span class='ocrx_word' id='word_1_279' title='bbox 415 3999 612 4053; x_wconf 86' lang='lat' dir='ltr'>Victorius.</span> 
     </span>
    </p>

    <p class='ocr_par' dir='ltr' id='par_1_9' title="bbox 282 4082 1342 4503">
     <span class='ocr_line' id='line_1_36' title="bbox 360 4082 1341 4153; baseline -0.01 -14"><span class='ocrx_word' id='word_1_280' title='bbox 360 4085 451 4153; x_wconf 84' lang='lat' dir='ltr'>„Libri</span> <span class='ocrx_word' id='word_1_281' title='bbox 471 4084 552 4138; x_wconf 82' lang='lat' dir='ltr'><strong>MSS.</strong></span> <span class='ocrx_word' id='word_1_282' title='bbox 577 4085 620 4140; x_wconf 86' lang='lat' dir='ltr'>hic</span> <span class='ocrx_word' id='word_1_283' title='bbox 647 4085 794 4139; x_wconf 86' lang='lat' dir='ltr'>admodum</span> <span class='ocrx_word' id='word_1_284' title='bbox 822 4086 932 4138; x_wconf 81' lang='lat' dir='ltr'>variant.</span> <span class='ocrx_word' id='word_1_285' title='bbox 975 4082 1093 4151; x_wconf 87' lang='lat' dir='ltr'>Quidam</span> <span class='ocrx_word' id='word_1_286' title='bbox 1121 4085 1274 4132; x_wconf 87' lang='lat' dir='ltr'>Dementem</span> <span class='ocrx_word' id='word_1_287' title='bbox 1297 4083 1341 4131; x_wconf 86' lang='lat' dir='ltr'>iu-</span> 
     </span>
     <span class='ocr_line' id='line_1_37' title="bbox 285 4168 1339 4244; baseline -0.005 -20"><span class='ocrx_word' id='word_1_288' title='bbox 285 4173 360 4239; x_wconf 87' lang='lat' dir='ltr'>dico,</span> <span class='ocrx_word' id='word_1_289' title='bbox 389 4172 520 4244; x_wconf 80' lang='lat' dir='ltr'>siquidem</span> <span class='ocrx_word' id='word_1_290' title='bbox 546 4172 576 4224; x_wconf 88' lang='lat' dir='ltr'>in</span> <span class='ocrx_word' id='word_1_291' title='bbox 601 4171 680 4225; x_wconf 82' lang='lat' dir='ltr'>rebus</span> <span class='ocrx_word' id='word_1_292' title='bbox 704 4173 743 4224; x_wconf 90' lang='lat' dir='ltr'>ad</span> <span class='ocrx_word' id='word_1_293' title='bbox 767 4173 870 4225; x_wconf 76' lang='lat' dir='ltr'>vietam</span> <span class='ocrx_word' id='word_1_294' title='bbox 894 4171 1051 4224; x_wconf 85' lang='lat' dir='ltr'>necessariis</span> <span class='ocrx_word' id='word_1_295' title='bbox 1077 4168 1208 4221; x_wconf 81' lang='lat' dir='ltr'>invictum</span> <span class='ocrx_word' id='word_1_296' title='bbox 1231 4177 1339 4236; x_wconf 80' lang='lat' dir='ltr'>potest,-</span> 
     </span>
     <span class='ocr_line' id='line_1_38' title="bbox 284 4254 1340 4313; baseline -0.007 0"><span class='ocrx_word' id='word_1_297' title='bbox 284 4258 343 4313; x_wconf 76' lang='lat' dir='ltr'>atii:</span> <span class='ocrx_word' id='word_1_298' title='bbox 362 4260 412 4312; x_wconf 86' lang='lat' dir='ltr'>sed</span> <span class='ocrx_word' id='word_1_299' title='bbox 429 4260 577 4311; x_wconf 76' lang='lat' dir='ltr'>damatam</span> <span class='ocrx_word' id='word_1_300' title='bbox 584 4259 703 4313; x_wconf 86' lang='lat' dir='ltr'>insanire</span> <span class='ocrx_word' id='word_1_301' title='bbox 714 4259 794 4313; x_wconf 81' lang='lat' dir='ltr'>rebus</span> <span class='ocrx_word' id='word_1_302' title='bbox 807 4260 945 4312; x_wconf 88' lang='lat' dir='ltr'>addictam</span> <span class='ocrx_word' id='word_1_303' title='bbox 963 4256 1128 4312; x_wconf 85' lang='lat' dir='ltr'>necessariis,</span> <span class='ocrx_word' id='word_1_304' title='bbox 1145 4254 1340 4306; x_wconf 78' lang='lat' dir='ltr'>esseinvictam</span> 
     </span>
     <span class='ocr_line' id='line_1_39' title="bbox 282 4341 1341 4420; baseline -0.007 -20"><span class='ocrx_word' id='word_1_305' title='bbox 282 4357 394 4417; x_wconf 77' lang='lat' dir='ltr'>potest3</span> <span class='ocrx_word' id='word_1_306' title='bbox 414 4347 468 4414; x_wconf 83' lang='lat' dir='ltr'>aiii,</span> <span class='ocrx_word' id='word_1_307' title='bbox 487 4348 608 4419; x_wconf 79' lang='lat' dir='ltr'>proxime</span> <span class='ocrx_word' id='word_1_308' title='bbox 617 4348 654 4401; x_wconf 22' lang='lat' dir='ltr'>ad,</span> <span class='ocrx_word' id='word_1_309' title='bbox 666 4367 821 4420; x_wconf 75' lang='lat' dir='ltr'>germanam</span> <span class='ocrx_word' id='word_1_310' title='bbox 841 4349 1016 4419; x_wconf 85' lang='lat' dir='ltr'>scripturam:</span> <span class='ocrx_word' id='word_1_311' title='bbox 1035 4343 1082 4394; x_wconf 79' lang='lat' dir='ltr'>secl</span> <span class='ocrx_word' id='word_1_312' title='bbox 1099 4341 1240 4392; x_wconf 89' lang='lat' dir='ltr'>dementem</span> <span class='ocrx_word' id='word_1_313' title='bbox 1258 4351 1284 4392; x_wconf 84' lang='lat' dir='ltr'>et</span> <span class='ocrx_word' id='word_1_314' title='bbox 1297 4342 1341 4393; x_wconf 89' lang='lat' dir='ltr'>in-</span> 
     </span>
     <span class='ocr_line' id='line_1_40' title="bbox 282 4427 1342 4503; baseline -0.005 -17"><span class='ocrx_word' id='word_1_315' title='bbox 282 4453 398 4500; x_wconf 87' lang='lat' dir='ltr'>sanum,</span> <span class='ocrx_word' id='word_1_316' title='bbox 417 4433 496 4488; x_wconf 83' lang='lat' dir='ltr'>rebus</span> <span class='ocrx_word' id='word_1_317' title='bbox 515 4435 640 4487; x_wconf 88' lang='lat' dir='ltr'>addicam</span> <span class='ocrx_word' id='word_1_318' title='bbox 657 4437 823 4491; x_wconf 82' lang='lat' dir='ltr'>necessariis.</span> <span class='ocrx_word' id='word_1_319' title='bbox 870 4430 1108 4503; x_wconf 77' lang='lat' dir='ltr'>Unde-aliquando</span> <span class='ocrx_word' id='word_1_320' title='bbox 1128 4427 1268 4482; x_wconf 80' lang='lat' dir='ltr'>existimavi</span> <span class='ocrx_word' id='word_1_321' title='bbox 1289 4428 1342 4500; x_wconf 82' lang='lat' dir='ltr'>legi</span> 
     </span>
    </p>
   </div>
   <div class='ocr_carea' id='block_1_8' title="bbox 994 4520 1042 4592">
    <p class='ocr_par' dir='ltr' id='par_1_10' title="bbox 994 4520 1042 4592">
     <span class='ocr_line' id='line_1_41' title="bbox 994 4520 1042 4592; baseline 0 0"><span class='ocrx_word' id='word_1_322' title='bbox 994 4520 1042 4592; x_wconf 88' lang='lat'>22</span> 
     </span>
    </p>
   </div>
   <div class='ocr_carea' id='block_1_9' title="bbox 0 0 1730 5342">
    <p class='ocr_par' dir='ltr' id='par_1_11' title="bbox 0 0 1730 5342">
     <span class='ocr_line' id='line_1_42' title="bbox 0 0 1730 5342; baseline 0 2"><span class='ocrx_word' id='word_1_323' title='bbox 0 0 1730 5342; x_wconf 95' lang='lat' dir='ltr'> </span> 
     </span>
    </p>
   </div>
  </div>
 </body>
</html>
