3450 5342
663 691 861 739 rrrrooxou
884 693 913 737 v.
943 689 1012 739 arr.
1034 692 1069 739 u.
1320 669 1399 745 247

337 852 584 924 Wyttenbach.
621 851 754 905 Scribitur
774 850 953 902 macellionem
972 849 999 903 in
1019 850 1104 904 codd.
1124 851 1231 906 Oxx.E.
1244 855 1276 907 N.
1296 858 1390 911 Duisb.

338 942 397 993 Cra.
416 944 442 992 2.
463 940 543 992 Drsd.
563 944 605 1003 23
626 939 819 990 marcellianum
838 936 866 988 in
887 938 946 990 Crz.
969 941 993 991 1.
1021 939 1048 1008 (a
1067 945 1091 992 2.
1113 959 1162 1006 m.,
1183 960 1197 993 a
1217 945 1241 995 1.
1261 954 1298 996 est
1323 964 1396 996 mar-

339 1029 449 1092 cullum)
473 1028 552 1080 Drsd.
571 1032 597 1082 4.
616 1031 661 1089 5.,
685 1027 867 1077 martelionem
886 1024 912 1075 in
933 1024 1013 1078 Drsd.
1033 1030 1074 1092 1.;
1106 1027 1286 1079 Metellianem
1312 1041 1349 1082 est
1368 1031 1394 1082 iu

338 1115 387 1167 Ed.
407 1114 488 1186 Arg.,
507 1115 673 1167 matelionem
692 1115 719 1166 in
739 1114 807 1168 Edd.
827 1113 888 1165 Asc.
910 1116 989 1167 1511.
1010 1115 1070 1167 Par.
1090 1118 1189 1180 1511.;
1209 1116 1396 1168 mothelionem

337 1203 365 1253 in
386 1202 446 1254 Par.
465 1223 485 1254 s.
504 1222 527 1256 a.
545 1201 729 1254 nrarcelionem
747 1201 774 1253 in
795 1201 874 1256 Drsd.
895 1205 937 1265 3.;
968 1203 1135 1257 matelionem
1153 1202 1180 1254 in
1201 1200 1260 1271 Crz.
1279 1205 1320 1267 3.;
1339 1224 1397 1256 ma·

337 1290 451 1341 telonem
469 1292 496 1342 in
515 1290 588 1344 Gud.
607 1290 638 1345 Β.
675 1289 717 1341 Ad
738 1310 760 1342 v.
780 1300 946 1341 tractantem
965 1289 1046 1361 Borg.
1074 1290 1164 1344 laudat
1184 1292 1262 1344 Verr.
1281 1289 1327 1355 lV,
1347 1293 1396 1346 15:

338 1377 410 1444 Quin
428 1381 460 1428 L.
477 1377 605 1429 Sisennae
633 1386 775 1448 argentum
802 1385 986 1446 tractaret
1005 1386 1032 1427 et
1051 1377 1248 1436 considerarem
1276 1376 1309 1429 rle
1329 1378 1395 1450 Rep.

338 1461 563 1526 l,1tl:tractare
582 1484 678 1529 manu,
708 1463 754 1515 ubi
779 1462 829 1514 vid.
849 1474 933 1516 nostr.
960 1475 1060 1524 annot„
1082 1484 1108 1533 p.
1127 1466 1170 1518 46.
1201 1464 1270 1517 Add.
1298 1465 1393 1521 Tusce·

336 1552 370 1615 V,
391 1554 437 1617 38,
454 1555 514 1605 111.
543 1572 569 1623 ρ.
590 1556 651 1606 1311.
678 1551 721 1604 ed.
746 1562 827 1604 nostr.
847 1581 880 1589 —
930 1550 960 1603 ln
987 1551 1036 1604 Or.
1057 1551 1086 1604 E.
1115 1551 1246 1605 omittitur
1275 1555 1394 1622 cupidis·

338 1639 410 1692 sime.
448 1639 507 1692 Mr.
617 1707 619 1709 Ι

409 1744 491 1794 quum
509 1727 565 1793 ipse
583 1735 668 1777 totam
689 1724 845 1776 Corinthum
864 1726 1083 1796 contempsisset·]
1133 1727 1192 1793 „Aa
1213 1726 1281 1783 hanc
1300 1729 1392 1801 lruga-

337 1811 439 1863 litatem
460 1811 571 1882 pulchre
590 1811 739 1882 quadrant,
770 1832 840 1882 quae
859 1814 892 1865 de
911 1813 960 1867 bac
982 1834 1011 1866 re
1038 1813 1130 1868 scribit
1148 1813 1265 1866 Velleius
1289 1815 1392 1869 Patere.

338 1899 372 1966 [1,
393 1899 597 1965 13.]Murnmius
615 1909 672 1949 tam
691 1900 767 1951 rudis
780 1901 859 1970 suit,
886 1912 918 1952 ut
945 1912 1027 1970 capto
1047 1902 1191 1966 Corintho,
1221 1920 1280 1952 curn
1305 1904 1391 1952 maxi-

338 2002 442 2046 morum
460 1986 597 2053 artificum
611 1986 750 2056 perfectas
769 1987 892 2042 titanibus
917 1987 1027 2040 tabulas
1046 2006 1078 2039 aa
1096 1998 1207 2040 statuas
1233 1988 1261 2040 in
1280 1989 1392 2040 ltaliam

337 2073 488 2144 portandas
506 2073 620 2138 locaret,
639 2072 743 2126 iuberet
760 2075 881 2143 praedici
900 2073 1121 2137 conducentibus,
1149 2075 1173 2126 si
1196 2093 1242 2126 eas
1260 2077 1391 2144 perdidis-

337 2173 411 2218 sent,
435 2180 519 2212 traaas
541 2178 584 2212 eas
604 2161 765 2214 reddituros.
814 2165 875 2213 Non
894 2172 997 2229 tamen,
1024 2173 1107 2232 puto,
1136 2161 1264 2226 dubitas,
1297 2163 1391 2226 Vinici,
1494 2197 1497 2202 -

338 2249 404 2319 quin
422 2249 508 2317 magis
521 2266 573 2315 pro
591 2267 619 2299 re
638 2247 748 2316 publiea
762 2249 872 2318 suerit,
892 2267 997 2301 manere
1016 2250 1106 2301 adhue
1125 2250 1219 2302 rudem
1238 2250 1389 2302 Corinthio-

337 2354 398 2386 rum
416 2334 581 2385 intellectum
600 2354 680 2406 quam
711 2336 867 2388 intantum
885 2357 917 2388 en
936 2337 1068 2409 intelligi,
1097 2347 1123 2388 et
1151 2338 1216 2407 quin
1248 2337 1299 2388 hau
1321 2357 1388 2406 pru·

338 2424 431 2474 dentia
447 2423 497 2473 illo
515 2423 695 2490 imprudentia
713 2423 801 2475 decori
815 2423 923 2492 publico
936 2424 1027 2494 fuerit
1047 2424 1268 2477 convenientior
1298 2425 1390 2495 Xyst.

338 2510 447 2563 Betul.
484 2509 587 2562 Laudat
605 2521 742 2580 praeterea
762 2509 865 2563 Gernh.
883 2510 1002 2563 Florum.
1024 2508 1117 2574 11,15.
1138 2509 1205 2561 Plin.
1224 2512 1267 2576 34,
1288 2515 1303 2562 l
1323 2521 1348 2562 et
1363 2513 1388 2563 8.

337 2610 364 2652 et
384 2601 428 2663 35,
448 2600 489 2649 ll.
526 2596 580 2649 Pro
600 2598 755 2649 Corinthum
774 2599 833 2653 Gn.
852 2600 877 2652 1.
894 2597 973 2651 habet
994 2597 1178 2658 Corintheum,
1196 2593 1254 2651 Crn.
1277 2601 1300 2648 2.
1321 2597 1390 2647 Cho-

340 2685 481 2742 rinthum;
507 2682 533 2734 in
554 2682 661 2735 Suerin.
680 2694 718 2737 est
738 2704 820 2756 quum
837 2687 947 2755 ipsam
970 2684 1134 2738 Corinthum.
1172 2682 1230 2735 Mr.

412 2781 505 2821 utrum
517 2771 595 2821 illum
614 2771 696 2822 civem
712 2771 882 2823 excellentem
890 2774 908 2838 ‚]
929 2770 1014 2826 Codd.
1035 2771 1181 2824 Desunt.
1202 2770 1283 2821 civem
1303 2771 1388 2825 illum.

338 2859 398 2912 Cre.
416 2864 441 2914 2.
460 2859 630 2909 excellentem
650 2861 740 2910 civem.
777 2859 870 2929 Pergit
888 2858 995 2911 Suerin.
1016 2877 1078 2911 curn
1098 2856 1148 2910 Or.
1168 2859 1188 2909 1.
1208 2855 1289 2910 Drsd.
1308 2860 1333 2911 4.
1353 2876 1389 2908 an

335 2948 480 2998 atriensem
504 2965 640 2997 servum
665 2947 760 2998 talia
783 2947 945 3018 diligentem.
998 2944 1086 2997 Verba
1104 2945 1161 3013 ipse
1185 2973 1220 2982 —
1245 2944 1394 3003 atriensem

336 3034 433 3086 desunt
452 3032 479 3084 in
498 3030 566 3084 Cod.
585 3031 635 3086 Ox.
656 3050 694 3097 o.;
730 3052 821 3087 vocem
841 3051 962 3096 serrum,
982 3022 1041 3086 loco
1061 3030 1131 3085 vocis
1150 3030 1310 3101 diligenten,
1341 3030 1387 3083 ha-

336 3121 383 3172 bet
413 3116 473 3174 Cre.
491 3121 516 3171 1.
560 3119 606 3172 Est
633 3121 776 3172 atriensem
807 3138 939 3171 servum
962 3119 1117 3189 diligentem
1142 3118 1170 3171 in
1197 3118 1264 3171 cod.
1287 3119 1389 3183 crud„

336 3204 406 3257 Edd.
425 3224 468 3275 ap.
489 3204 574 3258 Meus.
593 3208 663 3259 Crat.
682 3205 775 3275 Magn.
794 3205 868 3260 Min.
887 3204 980 3259 Lamb.
999 3205 1083 3259 Sullr.
1102 3206 1173 3260 Pete.
1194 3218 1299 3261 nostrae
1318 3218 1389 3260 vete·

335 3313 380 3347 res
398 3304 459 3346 ante
470 3292 578 3345 Gruter.
589 3311 683 3344 amnes
701 3293 813 3344 eandem
833 3291 931 3346 habent
950 3293 1073 3363 glossam,
1091 3294 1205 3364 exceptis
1216 3295 1284 3347 Rob.
1297 3293 1388 3365 Steph.

336 3382 399 3434 Asc.
419 3382 497 3433 1511.
516 3379 585 3430 Αιιά.
605 3378 665 3430 Tat.
684 3378 796 3431 Lambb.
814 3376 896 3430 Goth.
915 3376 1039 3430 Glossam
1065 3395 1133 3441 esse,
1164 3378 1235 3430 rides
1259 3381 1337 3432 etiarn
1358 3399 1387 3432 er

335 3468 405 3522 Oxr.
423 3466 454 3517 E.
472 3464 524 3529 U.‚
542 3465 587 3515 ubi
607 3464 659 3517 alio
678 3464 776 3516 inserta
794 3475 833 3516 est
851 3463 926 3528 loeo,
954 3463 1137 3532 scriptumque
1157 3465 1298 3515 atriensem
1326 3466 1388 3515 dili-

331 3563 443 3625 gentem
461 3568 581 3615 servum,
602 3561 628 3604 et
646 3569 675 3603 es
693 3551 774 3602 Drsd.
792 3555 817 3604 5.
832 3550 878 3602 ubi
898 3548 970 3601 nuda
990 3546 1076 3618 glossa
1098 3565 1200 3611 servus,
1221 3567 1253 3599 ne
1272 3556 1387 3603 structu·

335 3658 384 3693 rae
403 3637 511 3709 quidem
531 3637 749 3704 accommodata,
768 3638 866 3690 inserta
884 3645 922 3689 est
941 3635 1083 3698 contextis,
1106 3631 1211 3703 aliaque
1231 3633 1321 3685 iisdem
1341 3635 1389 3687 ad-

336 3728 391 3782 dita
411 3726 474 3778 item
494 3725 596 3778 diverso
621 3725 654 3777 ab
674 3724 731 3776 aliis
749 3723 920 3777 librisloco:
947 3721 1098 3792 diligentem
1117 3718 1196 3772 talia.
1232 3710 1286 3772 Pro
1305 3730 1388 3787 puto-

337 3825 379 3867 ret
399 3826 437 3867 est
458 3823 596 3882 reputaret
615 3812 642 3864 in
662 3811 734 3864 Gud.
752 3812 783 3863 Α.
819 3810 877 3862 Mr.

411 3901 566 3952 Reoioiscat
585 3903 626 3951 Μ’
646 3900 754 3967 Curius]
776 3903 815 3949 lte
823 3899 864 3950 mi
871 3899 959 3949 niscot
978 3895 1057 3948 habet
1074 3893 1123 3946 Ed.
1143 3893 1203 3947 Par.
1215 3913 1233 3946 s.
1249 3913 1290 3957 a.;
1309 3898 1389 3946 Revi-

340 3999 448 4044 uescat
469 3989 517 4040 Ed.
537 3970 606 4041 Vter.
649 3988 679 4040 ln
699 3986 765 4040 On.
785 3986 815 4037 E.
835 4005 884 4056 pro
905 3987 945 4034 Μ’
963 3994 1002 4036 est
1020 3985 1076 4047 M..
1096 3981 1212 4051 itemque
1231 3980 1258 4032 in
1278 3979 1388 4033 Gud.B.

339 4078 484 4128 Crem.
503 4079 527 4126 1.
555 4075 595 4145 (in
616 4073 667 4126 hoc
685 4074 811 4144 expressis
838 4071 932 4124 litteris
950 4073 1076 4135 Marcus)
1103 4068 1171 4120 Edd.
1197 4079 1256 4121 vett.
1284 4071 1389 4132 nostris,

339 4172 447 4234 praeter
466 4160 729 4215 Asu.1511.llerw.
748 4164 854 4213 Cautes.
875 4159 967 4229 sylis,
993 4167 1054 4210 ante
1073 4154 1151 4208 Grut.
1172 4155 1303 4208 omnibus.
1349 4156 1389 4208 De

339 4248 425 4301 Curio
445 4246 545 4300 Ennius
566 4247 663 4301 Annat.
684 4248 727 4299 Vt.
745 4251 788 4300 51.
807 4247 872 4314 (Ed.
891 4243 1123 4316 spangenberg.):

455 4337 537 4402 Quem
556 4354 629 4386 nemo
641 4335 721 4404 ferro
738 4335 830 4402 patuit
848 4349 975 4400 superare
994 4347 1040 4380 nec
1058 4347 1143 4386 auro,·

339 4440 422 4494 quem
445 4439 547 4475 sarsum
564 4421 673 4475 servarit
692 4421 748 4474 cto.
766 4421 798 4473 de
816 4421 882 4490 [lep.
902 4417 978 4471 1113
1007 4435 1031 4485 p·
1044 4417 1104 4468 344.
1125 4415 1165 4469 ed.
1188 4427 1267 4469 nostr.
1305 4417 1334 4468 M
1344 4438 1364 4470 r.
