3450 5342
350 658 401 733 36
679 673 852 725 raaauoxe
878 672 1073 733 arorconuu,

423 844 489 894 Esse
506 837 582 904 duxi]
601 834 692 906 Vulgo
713 833 820 891 additur
837 832 1036 887 numerandae:
1060 832 1134 903 quod
1153 851 1209 887 nou
1229 845 1268 890 est
1287 853 1400 892 neeesse.

356 930 447 984 Face·
1102 933 1124 977 -'

421 1014 524 1084 Quippe
536 1030 618 1084 quum
630 1011 744 1064 uiderem
756 1010 874 1063 domines
887 1008 966 1063 rebus
981 1009 1025 1063 eta
1039 1010 1266 1080 circumfluentes]
1285 1015 1401 1085 „Quippe

349 1123 409 1157 eum
434 1101 601 1163 viderentur,
626 1098 689 1153 duo.
727 1097 853 1152 Honrines
878 1099 951 1152 ebest
974 1116 989 1151 a
1016 1096 1150 1152 duobus.“
1177 1099 1251 1153 Ate.
1274 1100 1399 1156 Manat

350 1190 399 1256 „ln
419 1188 530 1253 eodem,
559 1205 639 1260 quem
659 1186 741 1241 modo
758 1185 880 1253 laudavi,
905 1186 998 1241 codice
1015 1186 1127 1259 entique
1146 1204 1232 1259 seque
1250 1189 1323 1242 bene
1339 1192 1399 1245 scri·

351 1289 428 1350 ptum
447 1287 500 1331 est:
520 1274 617 1346 quibus
634 1273 714 1327 rebus
732 1273 988 1344 circumfluentibus,
1005 1272 1022 1325 i.
1033 1290 1055 1324 e.
1072 1271 1245 1327 effluentibus
1258 1277 1399 1349 undique.“

349 1367 373 1419 F
380 1384 424 1419 rc.
441 1362 531 1434 Sylr.
568 1363 684 1428 „Veuet
698 1360 954 1431 circumfluentibus.
990 1359 1045 1415 Sed
1059 1360 1136 1426 illud,
1150 1363 1273 1432 quamvis
1282 1363 1337 1418 boc
1348 1370 1398 1417 nob

352 1451 529 1522 rejiciendum
547 1449 626 1519 elicui
644 1449 714 1502 forte
732 1449 867 1515 videntur,
885 1447 1057 1503 retinendum
1076 1459 1157 1520 putoe
1185 1460 1293 1504 namet
1312 1450 1398 1504 simili·

354 1551 394 1595 ter
411 1539 467 1593 Αιι.
486 1539 519 1591 ll.
545 1539 599 1609 [ep.
618 1540 667 1591 21:
694 1537 746 1588 Ille
765 1537 868 1589 anricus
885 1548 976 1590 noster
993 1555 1094 1606 semper
1111 1536 1140 1588 in
1157 1535 1240 1588 laude
1257 1540 1397 1606 versatae]

350 1629 537 1697 circumfluens
562 1623 679 1697 glorier·
714 1622 891 1683 Camerar.
931 1621 1118 1689 -‚‚Guttetmius
1144 1621 1263 1678 malebat
1289 1626 1397 1677 circum·

342 1713 510 1787 fluentibus,
537 1731 570 1764 eo
592 1723 682 1765 tamn
706 1731 749 1765 eos
773 1712 902 1775 moriae,
931 1730 962 1765 ex
979 1711 1159 1766 Mauriciano,
1195 1710 1229 1765 Et
1252 1730 1317 1765 vero
1336 1711 1395 1765 illud

350 1799 595 1872 circumfluentibus
614 1810 694 1855 exstat
712 1800 785 1854 etin
805 1799 899 1872 primis
917 1797 986 1853 End.
1001 1809 1029 1854 et
1048 1799 1214 1853 Victoriana:
1235 1811 1341 1854 ceterae
1354 1819 1394 1855 ee·

351 1889 451 1943 cedunt
468 1887 577 1942 nostrie:
600 1887 645 1941 sed
664 1888 700 1941 ita
717 1898 821 1953 tamen,
841 1896 873 1940 ut
889 1904 970 1957 supra
986 1885 1102 1941 bubeeut
1118 1887 1235 1939 domines
1254 1885 1335 1940 rebus
1351 1887 1394 1948 leis,

349 1979 396 2030 ubi
416 1995 467 2029 nos
484 1974 552 2029 illud
569 1975 686 2027 baninu
704 1975 877 2045 expunximus
898 1993 976 2029 suasu
1001 1976 1123 2028 omnium
1147 1974 1204 2029 sere
1227 1975 1395 2029 membrane-

350 2064 439 2116 rum.“
465 2060 607 2115 Gruter.
644 2061 737 2116 bamb.
763 2071 790 2114 et
812 2059 915 2115 Meuut.
940 2061 983 2115 ed.
1001 2081 1060 2116 aune
1077 2062 1193 2115 viderem
1210 2062 1265 2118 red.
1283 2065 1328 2116 bie
1347 2064 1394 2116 eir-

349 2151 531 2218 cumfluentes.
567 2146 646 2203 Grut.
664 2148 706 2203 ed.
724 2166 784 2200 eum
803 2148 920 2202 viderem
938 2149 992 2205 red.
1010 2151 1052 2203 bie
1071 2150 1295 2220 circumfluentes·
1330 2150 1392 2204 Pitb.

349 2255 409 2288 cum
426 2235 582 2288 viderentur
603 2235 657 2291 reb.
682 2236 725 2288 iris
746 2236 1001 2306 circumfluentibus.
1044 2237 1075 2289 ln
1094 2238 1221 2291 omnibus
1240 2239 1297 2292 lere
1317 2238 1392 2293 MSS.

348 2343 405 2381 non
435 2322 549 2377 babetur
572 2323 715 2379 domiun“
739 2353 774 2367 --
820 2324 922 2394 „Quod
949 2326 1115 2398 scripserunt
1141 2326 1235 2380 bamb.
1264 2337 1290 2380 et
1317 2325 1390 2381 Grut

347 2410 402 2464 reb.
437 2410 480 2463 bis
514 2409 748 2480 circumfluentes„
776 2423 872 2466 neuter
899 2413 1002 2485 antiqui
1032 2412 1139 2468 Codicis
1170 2416 1330 2470 auctoritate
1357 2416 1390 2470 sic

346 2497 427 2553 scribi
453 2497 517 2551 ait.“
564 2499 668 2553 Vereor
698 2511 727 2554 ut
755 2500 901 2559 Lambinus
930 2513 976 2555 eut
1006 2521 1039 2555 eo
1067 2502 1204 2574 antiquior
1228 2522 1258 2556 ex
1285 2505 1389 2576 iugenio

346 2585 412 2641 baec
436 2586 475 2641 sio
499 2584 640 2641 reduxerit.
675 2587 743 2643 Nam
769 2587 908 2642 Pitlroeau.
935 2601 961 2644 et
985 2589 1020 2643 el.
1045 2590 1144 2657 codes,
1172 2579 1259 2644 cuius*
1273 2603 1389 2664 excerpta

346 2693 428 2745 penes
447 2693 490 2727 me
510 2684 589 2741 sunt,
608 2694 659 2729 nec
677 2694 734 2735 uon
752 2676 882 2732 editiones
900 2677 1128 2735 emendatissime
1146 2678 1242 2750 Leugii
1258 2690 1287 2735 et
1304 2680 1390 2735 Victo·

344 2760 377 2815 rit
401 2763 478 2817 rebus
505 2762 548 2814 liis
575 2763 835 2834 circumfluentibus,
863 2767 938 2838 quod
963 2778 1014 2820 eet:
1042 2769 1069 2820 in
1095 2785 1193 2837 magna
1216 2786 1309 2820 rerum
1333 2769 1390 2822 iste·

343 2867 405 2903 rum
427 2849 514 2920 eopia.
550 2848 581 2909 ld
597 2850 693 2907 ¹insitis
716 2851 792 2905 libris
815 2855 945 2909 veteribus
970 2873 1027 2908 uon
1051 2865 1089 2908 est
1111 2854 1320 2909 immutandum.
1355 2855 1390 2908 llli

343 2938 366 2991 si
389 2937 551 3001 addixerint,
577 2955 633 2990 nun
659 2939 863 3010 refragabimur.
906 2942 948 2995 Ad
968 2943 1117 2996 desiderare
1140 2953 1229 2998 autern
1254 2944 1323 2996 istos
1345 2939 1390 2995 risi

343 3026 429 3078 russei
445 3021 618 3078 referendum
636 3042 666 3079 ex
684 3029 922 3095 praecedentibus-3
947 3031 1023 3102 quod
1047 3050 1109 3085 cum
1134 3049 1190 3083 non
1214 3030 1388 3103 intelligerent

343 3119 523 3174 correctores,
550 3110 681 3164 intrusere
702 3113 829 3168 deonna.
865 3117 967 3171 Mirum
987 3130 1077 3173 autem
1102 3136 1184 3190 quarn
1208 3119 1236 3171 iu
1256 3119 1297 3175 bis
1313 3121 1389 3174 Pera·

343 3197 415 3251 doxis
433 3197 542 3266 grassati
566 3197 620 3251 sint
643 3200 719 3258 tte'oli
742 3214 767 3256 et
786 3203 1010 3276 interpolatores,
1036 3226 1105 3278 quos
1128 3219 1257 3262 centones
1276 3209 1389 3282 nudique

342 3282 488 3349 secuerint,
506 3283 569 3354 quie
587 3286 744 3342 terebantur
762 3290 943 3363 plurimorum
962 3295 1099 3360 manibus,
1118 3296 1164 3366 qui
1182 3316 1234 3367 pro
1254 3309 1334 3370 captu
1350 3298 1388 3350 iu·

341 3370 413 3443 genii
432 3381 458 3423 et
474 3370 612 3427 osennae
630 3375 714 3431 multa
736 3378 928 3450 immutarunt,
953 3381 1036 3436 multa
1055 3382 1226 3452 adiecerunt,
1244 3385 1387 3459 quaeipsis

342 3458 501 3514 ridebantur
521 3459 694 3518 desiderari.“.
714 3465 834 3522 Graes.

411 3547 490 3599 redue
509 3548 551 3601 ltie
570 3550 829 3624 circumfluentibus]
851 3555 896 3610 ΑΙ.
914 3557 1031 3610 domines
1049 3557 1128 3610 rebus
1146 3558 1188 3610 liis
1205 3560 1387 3628 circumfluen-

338 3644 395 3687 tes:
421 3652 503 3705 quam
529 3633 673 3691 lectionem
697 3641 779 3697 refert
797 3643 928 3699 Graevius
951 3643 986 3699 ad
1009 3644 1105 3699 sciolos
1129 3657 1155 3698 et
1178 3645 1386 3719 interpolatores,

337 3719 366 3773 in
381 3729 468 3772 totum
486 3718 540 3775 boc
557 3740 626 3793 opus
643 3726 817 3784 audacissime
834 3744 973 3804 grassatos.
1009 3731 1110 3790 Fece.
1163 3774 1166 3779 .

409 3808 499 3874 Quum
513 3807 636 3869 vldmms
652 3813 731 3868 rebus
748 3818 791 3870 liis
806 3820 1030 3892 circumfluentes]
1049 3819 1207 3885 Ediderunt,
1226 3820 1334 3876 Graevii
1344 3839 1385 3875 re·

336 3889 456 3945 tionibus
478 3894 611 3964 memoli,
638 3900 884 3974 circumfluentibus
903 3907 1037 3972 Olivetus,
1067 3907 1133 3962 Ern.
1151 3907 1268 3965 Weteel.
1286 3907 1384 3963 Scbeita

333 3976 462 4050 idemque
480 3979 669 4054 Gernbardus,
694 4009 757 4045 cum
782 3993 812 4047 in
837 3995 965 4051 contextis
987 3994 1111 4050 edidisset
1128 3995 1200 4048 etin
1218 3993 1386 4050 annotatione

335 4067 547 4122 commendasset
563 4071 791 4147 circnnyluentee,
818 4082 848 4134 in
866 4082 995 4135 addendis
1019 4082 1120 4136 restitui
1144 4081 1252 4137 volebat
1278 4087 1385 4135 circem·

329 4153 484 4218 fluentibus
500 4154 606 4212 dicens:
632 4161 738 4235 Bentl.,
758 4168 802 4222 cui
820 4170 1036 4240 circumfluentes
1053 4180 1109 4224 non
1130 4169 1266 4241 displicet,
1284 4177 1381 4223 serrato

338 4247 428 4295 temen
437 4243 682 4313 eiieumjluentldus
691 4253 801 4308 coniicit
811 4254 859 4325 qui
867 4254 903 4306 iis
912 4253 1092 4314 abundarent.
1101 4284 1136 4299 -·
1155 4257 1246 4329 Atque
1257 4275 1308 4328 ego
1319 4271 1383 4327 quo·

336 4342 390 4394 que
408 4329 476 4382 tueri
492 4329 564 4385 idem
581 4334 712 4393 debebam
730 4351 833 4395 etcum
849 4338 920 4395 Pitb.
937 4341 1019 4396 duob.
1038 4343 1100 4398 Ald.
1120 4346 1163 4399 ed.
1182 4346 1252 4398 Veu.
1269 4344 1382 4400 scribere

335 4412 433 4483 quippe
442 4435 502 4470 wm
514 4419 675 4489 viderentur,
693 4427 777 4498 (vulg.
788 4427 916 4497 viderem)
934 4429 1012 4484 rebus
1024 4431 1068 4484 his
1079 4434 1335 4508 circumfluentibus,
1350 4442 1381 4478 Μ
