3450 5342
339 652 411 728 282
674 678 846 728 rumuoxu
874 678 1069 727 suorcouuu.

340 840 373 893 ab
393 839 442 892 a'lia
464 858 545 892 manu
564 838 742 910 superscripta
761 849 807 891 est.
844 837 899 889 Pro
917 837 1062 890 exhaurire
1079 848 1120 890 est
1138 837 1255 890 haurire
1273 839 1300 890 in
1314 840 1392 893 codd.

340 927 421 979 Drsd.
439 929 465 980 1.
484 929 526 991 3.,
545 926 617 997 quod
637 926 768 978 ferremus
785 924 856 996 apud
878 930 993 995 politam.
1028 925 1084 978 Pro
1099 926 1208 994 possint
1227 939 1269 980 est
1284 940 1392 998 possunt

275 1040 280 1045 ·
338 1015 365 1069 in
377 1014 462 1068 Codd.
484 1017 541 1066 Cre.
559 1017 583 1067 1.
602 1013 682 1067 Drsd.
701 1018 734 1078 53
753 1014 780 1067 in
800 1016 858 1066 Cre.
878 1015 905 1064 2.
925 1022 1037 1083 quereret.
1074 1012 1104 1065 ln
1124 1012 1175 1067 Os.
1195 1013 1215 1065 l.
1236 1026 1277 1068 est
1295 1017 1389 1066 exluou-

339 1104 408 1155 riri.
446 1101 503 1154 Mr.

408 1193 481 1243 hunc
499 1211 551 1263 quo
570 1191 646 1243 modu
663 1208 711 1261 ego
722 1186 864 1258 appellabo
884 1187 994 1240 divitem
1002 1189 1020 1255 ,]
1040 1187 1150 1258 Legitur
1162 1188 1238 1240 hunc
1257 1190 1387 1260 quando

312 1269 314 1272 ⁵
338 1297 386 1348 ego
404 1278 545 1348 appellabo
563 1278 591 1330 in
610 1277 696 1331 codd.
716 1275 775 1330 Cri.
795 1281 820 1329 2.
837 1274 903 1328 On.
923 1275 952 1328 E.
971 1294 998 1329 o.
1016 1275 1096 1328 Drsd.
1116 1278 1140 1329 3.
1160 1275 1232 1329 Edd.
1253 1296 1325 1348 pec,
1349 1296 1386 1348 ap.

339 1370 422 1420 Meus.
442 1367 512 1420 Vict.
536 1365 607 1419 Rob.
625 1363 717 1436 Stepb.
744 1361 1105 1418 Ven.1492.1514.fldtb.
1133 1362 1200 1434 Arg.
1228 1364 1294 1419 Per.
1317 1367 1386 1418 4511.

339 1457 417 1508 1512.
435 1453 521 1524 Lugd.
568 1453 653 1505 Error
667 1453 725 1506 sine
748 1452 832 1506 dubio
851 1471 880 1504 ex
900 1470 1043 1522 perperam
1072 1450 1146 1505 lectis
1164 1452 1303 1505 scribendi
1321 1471 1386 1506 com·

339 1541 442 1613 pendiis
470 1552 544 1594 ortus
569 1553 622 1607 est,
649 1559 730 1612 quern
757 1561 771 1595 a
797 1541 919 1595 victorio
948 1559 1004 1592 non
1029 1557 1083 1593 esse
1110 1550 1268 1592 correctum
1287 1539 1386 1592 mireris.

338 1629 389 1683 Cra
415 1634 440 1683 1.
465 1630 537 1681 hunc
556 1648 605 1700 ego
623 1649 676 1701 quo
694 1629 769 1681 modo
788 1629 897 1681 divitem
915 1627 1065 1698 appellabo.
1108 1627 1191 1682 Drsd.
1209 1631 1239 1681 4.
1259 1629 1330 1679 hune
1344 1647 1385 1697 egu

338 1719 447 1770 divitem
465 1717 614 1787 appellabo.
650 1716 758 1771 Suerin.
778 1717 905 1786 appello.
942 1715 1014 1769 Gud.
1028 1717 1061 1768 Α.
1077 1716 1246 1785 sapientem,
1266 1734 1315 1786 pro
1326 1717 1383 1767 divi·

337 1817 406 1858 tem:
426 1805 498 1878 quod
508 1817 546 1859 est
564 1806 720 1860 correctoris
737 1807 834 1877 inepti.
852 1805 902 1858 0¹.
914 1807 934 1858 l.
954 1823 1069 1876 quonam
1086 1804 1163 1856 modo
1183 1823 1236 1876 pro
1248 1803 1383 1876 quomodo,

338 1894 454 1964 denique
478 1894 528 1948 01.
546 1910 575 1955 ψ.
603 1894 675 1945 lrune
702 1912 765 1945 non
791 1892 935 1963 appellabo
954 1893 1077 1943 divitem:
1104 1892 1149 1944 ubi
1170 1892 1245 1945 vides
1260 1892 1383 1964 scriptoris

338 1982 416 2033 uerba
435 1992 537 2034 extrusa
556 2001 611 2036 esse
628 1982 661 2034 ab
681 1981 834 2052 interpretis
852 1980 940 2052 glossa
954 1998 1161 2050 supervacanea.
1199 1978 1261 2033 Mr.

409 2090 491 2140 quum
508 2071 564 2139 ipse
582 2089 657 2142 egere
675 2088 703 2123 se
719 2069 855 2138 sentiat?]
893 2070 956 2122 Post
973 2054 1044 2139 ipis,
1074 2068 1174 2121 lectore
1195 2069 1263 2122 nihil
1283 2069 1382 2132 monito,

338 2155 470 2210 Gruterus
488 2157 588 2210 addidit
606 2159 702 2225 etiam,
727 2158 800 2229 quod
819 2167 959 2210 servarunt
977 2146 1186 2227 editores'seqq.
1231 2155 1380 2220 Gronovius,

339 2242 468 2296 Graevius
493 2245 552 2315 (qui
579 2264 633 2297 non
652 2246 703 2299 luit
722 2246 840 2316 primus,
867 2257 895 2298 ut
914 2244 1056 2315 suspiceris
1082 2263 1113 2296 ex
1132 2243 1185 2297 Or.
1203 2244 1381 2311 annotatione)

340 2331 421 2385 Verb.
440 2331 504 2383 Ern.
523 2332 680 2386 Facc.0liv.
700 2333 796 2405 reliqui
818 2351 901 2402 usque
922 2332 955 2384 ad
973 2331 1065 2402 Borg.,
1084 2331 1131 2384 sed
1152 2331 1206 2384 iarn
1218 2331 1320 2386 Gernh.
1332 2350 1380 2384 earu

340 2436 431 2470 vocem
451 2419 557 2472 uncinis
581 2420 701 2486 inclusit,
729 2440 810 2493 quam
830 2438 885 2473 non
906 2430 1056 2490 agnoscunt
1074 2418 1140 2471 Edd.
1170 2419 1291 2493 itemque
1309 2418 1381 2473 Codd.

338 2506 394 2558 lere
414 2527 522 2574 omnes,
541 2520 646 2579 praeter
665 2508 715 2561 Ox.
734 2508 767 2561 N.
787 2506 859 2559 Gud.
878 2507 912 2560 A.
931 2517 957 2560 et
974 2506 1053 2558 Drsd.
1072 2508 1097 2560 3.
1125 2507 1235 2562 Abiecit
1263 2510 1324 2561 item
1341 2505 1380 2560 0r.

338 2605 442 2666 etpost
469 2615 530 2648 eum
555 2596 603 2649 Ed.
622 2597 694 2650 Tbn.
742 2597 771 2648 ln
792 2595 864 2649 Gud.
882 2595 913 2648 B.
944 2607 969 2648 et
993 2594 1073 2647 Drsd.
1092 2599 1117 2648 2.
1140 2599 1169 2649 4.
1194 2608 1233 2650 est
1259 2614 1288 2649 se
1309 2613 1379 2668 egeres

337 2702 404 2736 sono
419 2683 508 2737 minus
525 2695 601 2755 grato
620 2687 690 2755 (ipse
709 2704 736 2737 se
756 2688 854 2756 egere).
892 2683 950 2736 Mr.
1028 2673 1030 2676 i

410 2773 496 2824 Multi
513 2791 546 2823 ex
564 2784 591 2824 te
610 2773 771 2835 audierunt,
800 2791 882 2844 quum
902 2772 1027 2838 diceres‚]
1069 2773 1130 2835 „Ex
1148 2781 1191 2836 te,
1214 2791 1253 2825 sc.
1273 2772 1380 2825 Crasse.“

337 2859 402 2913 Ern.
426 2861 481 2914 'Ad
500 2860 664 2914 locutionem
684 2860 789 2913 confert
807 2858 888 2930 Borg.
907 2857 964 2913 Cic.
983 2858 1016 2911 de
1035 2856 1085 2910 Or.
1104 2857 1137 2924 fl,
1157 2860 1207 2913 33:
1231 2863 1277 2911 Ex
1293 2879 1322 2912 eo
1337 2877 1379 2909 ou·

338 2947 406 3012 divi,
425 2967 508 3019 quum
527 2949 625 2999 diceret
632 2967 642 3007 ,·
663 2947 696 2999 ad
715 2947 819 3000 Famm.
839 2946 885 3014 lll,
905 2952 937 2999 l:
967 2947 998 2999 A
1015 2946 1159 2998 Pausania
1178 2947 1292 3013 audivi,
1311 2965 1379 3020 quum

338 3035 454 3093 dicerem
474 3033 507 3086 de
522 3034 602 3085 Finn.
623 3035 656 3097 V,
675 3037 719 3100 19,
738 3038 787 3089 54:
806 3036 939 3108 Equidem
957 3053 971 3086 e
991 3037 1036 3086 Cn.
1054 3032 1170 3100 Aufidio
1188 3063 1224 3076 ·-
1243 3053 1322 3105 saepe
1337 3052 1380 3084 ou-

337 3120 454 3184 ‹liebom‚
482 3142 564 3193 quum
583 3143 610 3174 se
629 3151 664 3162 -
684 3124 782 3176 moveri
808 3124 914 3178 diceret.
934 3153 968 3164 -
1007 3120 1093 3176 Codd.
1109 3120 1191 3175 Drsd.
1211 3126 1239 3176 1.
1260 3127 1285 3179 3.
1314 3121 1380 3175 multi

336 3209 392 3259 eni
399 3229 424 3259 m
442 3211 589 3262 audierunt
606 3230 639 3262 ex
658 3222 693 3265 te.
730 3212 810 3266 Drsd.
827 3217 857 3267 5:
884 3213 964 3263 multi
981 3230 1013 3262 ex
1032 3222 1059 3262 te
1076 3211 1172 3262 audire
1189 3211 1256 3280 (sic)
1274 3228 1379 3264 eumne·

337 3296 430 3346 minem
455 3298 553 3351 diceres
576 3317 632 3352 esse
661 3301 785 3368 divitem,
812 3301 860 3373 qui
883 3298 995 3370 (omisso
1025 3299 1091 3364 nisi)
1116 3314 1203 3352 exerc.
1222 3312 1276 3356 etc.
1320 3300 1377 3352 'l'un

336 3383 416 3438 Drsd.
435 3391 462 3440 4.
477 3387 535 3440 suis
548 3388 692 3459 fructibus
711 3390 783 3442 olere
798 3399 905 3459 posset,
922 3388 1002 3441 Drsd.
1024 3393 1048 3441 2.
1068 3389 1139 3440 alere
1155 3390 1288 3458 possit.
1314 3389 1378 3442 Suer.

332 3486 425 3543 posset
444 3476 528 3540 alere,
547 3475 642 3530 Duisl).
662 3478 751 3530 dicens
771 3497 821 3549 pro
841 3497 901 3529 cum
921 3478 1030 3531 diceres·
1077 3475 1143 3530 Oxr.
1163 3475 1195 3530 E.
1214 3495 1245 3539 ψ,
1276 3499 1314 3531 ex
1332 3477 1378 3530 suis

332 3560 482 3630 fructibus.
517 3562 589 3616 Gud.
609 3564 641 3618 Α.
655 3564 800 3636 fructibus
818 3565 885 3619 suis.
904 3564 963 3618 Mr.
1000 3568 1103 3636 „Egere
1128 3565 1195 3621 dicit
1213 3567 1310 3623 Cicero
1326 3585 1378 3639 gra·

336 3651 402 3700 viter
420 3669 498 3713 eum,
528 3651 574 3720 qui
593 3653 682 3724 cupit,
714 3655 786 3724 quod
808 3653 976 3718 nonhabet,
1010 3655 1052 3706 cui
1072 3653 1196 3707 nondum
1215 3657 1278 3710 satis
1296 3667 1378 3709 est·-

336 3734 414 3800 Quae
433 3749 596 3808 sequuntur,
626 3741 734 3793 Cic..de
753 3741 811 3794 011.
830 3740 850 3807 l,
870 3747 895 3796 8.
914 3742 952 3795 sic
970 3741 1066 3794 referte
1094 3750 1127 3791 ut
1146 3762 1233 3812 nuper
1252 3747 1291 3797 M.
1310 3746 1378 3794 Cros-

336 3841 383 3873 sus
401 3823 520 3895 negabat
538 3825 623 3875 ullam
641 3828 711 3878 sotis
732 3847 857 3900 magnam
879 3830 1023 3898 pecuniam
1041 3847 1098 3880 esse
1116 3830 1155 3895 ei,
1180 3831 1230 3902 qui
1248 3833 1276 3882 in
1292 3847 1317 3881 re
1331 3845 1379 3897 pu·

337 3909 406 3961 blica
423 3913 546 3981 princeps
565 3913 644 3965 vellet
660 3933 729 3981 esse,
748 3917 825 3969 cuius
840 3918 985 3988 fructibus
1002 3915 1150 3967 exercitum
1168 3919 1244 3969 alere
1261 3937 1310 3970 non
1323 3933 1379 3986 pos-

336 4000 404 4053 sem
424 4000 529 4071 Wytt.
574 4003 661 4056 Verba
681 4005 766 4060 Crassi
786 4006 823 4059 sic
847 4006 951 4059 Graece
971 4002 1086 4058 reddidit
1102 4003 1267 4059 Plutarchus
1284 4005 1309 4057 in
1326 4003 1377 4054 Vita

337 4088 423 4140 Crassi
442 4093 473 4141 2:
503 4086 596 4142 Ἐκεῖνο
621 4089 693 4144 δὀὐκ
712 4083 755 4159 sin
781 4093 812 4145 eci
839 4097 939 4164 μηδένα
965 4091 1074 4155 soptim
1100 4095 1169 4162 μηδὲ
1194 4095 1301 4155 φάσκειν
1324 4085 1378 4143 sirm

337 4174 472 4244 πλούσιον,
489 4175 516 4236 lc
534 4176 565 4231 oti
583 4181 695 4233 deivarae
712 4188 813 4251 epletus
831 4179 883 4234 dno'
900 4185 949 4250 τῆς
969 4177 1060 4237 οὐσίας
1077 4178 1268 4250 στρατόπεδον.
1315 4178 1378 4231 ldetn

337 4263 426 4317 retulit
445 4265 548 4320 Plinius
565 4268 596 4320 N.
614 4268 647 4323 ll.
666 4270 784 4336 XXXlll,
803 4275 846 4336 1⁰,
865 4270 936 4323 Sect.
956 4274 1001 4324 tt.
1020 4289 1046 4340 p.
1060 4272 1121 4323 ⁶28.
1140 4269 1238 4322 Hand:
1257 4274 1298 4323 M.
1311 4273 1378 4320 Crus-

336 4370 383 4401 sns
402 4355 519 4421 negabat
538 4357 693 4427 locupletem
713 4379 781 4426 esse,
808 4364 861 4413 nisi
872 4362 925 4432 ¹qui
943 4359 1033 4412 reditu
1059 4376 1154 4411 anriuo
1171 4359 1303 4430 legionem
1318 4353 1379 4409 tueri

334 4450 433 4505 posset.
451 4439 510 4494 Mr.
546 4447 644 4505 „Alere
662 4447 726 4500 dicit
744 4451 856 4516 Cicero,
877 4449 949 4519 quod
969 4459 1006 4500 est
1024 4445 1121 4500 latinae
1141 4449 1319 4518 proprietatis,
1337 4461 1378 4516 1²¹⁰
