3450 5342
336 667 409 744 362
752 681 916 733 excursus
942 682 991 729 ιι.

334 855 413 907 verba
432 863 508 906 suut:
527 848 622 919 Quid?
641 847 713 921 quod
733 846 829 900 eruditi
850 864 906 898 non
936 854 1049 914 negant,
1077 843 1108 896 iu
1126 841 1274 897 Ciceronis
1300 845 1393 916 scriptis

335 941 446 997 inveniri
465 939 635 994 soloecismos
653 933 860 989 inexcusabiles?
914 933 1018 1000 Quales
1035 944 1061 986 et
1079 931 1145 984 olim
1173 933 1349 999 exciderunt,
1372 948 1393 988 et

335 1032 458 1086 excidunt
476 1027 554 1081 hodie
573 1026 634 1078 viris
651 1025 768 1090 eruditis,
788 1024 863 1088 dum,
883 1023 910 1075 in
931 1022 1014 1074 varias
1033 1040 1074 1074 res
1088 1021 1217 1074 distracta
1231 1021 1392 1092 cogitatione,

336 1117 420 1189 magis
437 1115 581 1170 sententiae
601 1111 782 1184 praecedentis
800 1111 995 1175 meminerunt,
1023 1129 1104 1181 quam
1125 1109 1292 1176 verborum,
1315 1131 1391 1182 eoque

335 1207 380 1272 su,
399 1214 429 1258 ut
447 1202 548 1275 periodi
569 1200 686 1254 clausula
705 1199 837 1272 prioribus
856 1218 912 1251 non
933 1197 1103 1268 respondeat.
1140 1197 1229 1264 Quod
1250 1218 1336 1269 genus
1352 1200 1390 1252 sits

336 1294 451 1346 Diutius
470 1308 633 1357 constamus
652 1289 785 1352 Athenis,
814 1287 939 1358 quonian·
958 1287 1032 1338 venti
1050 1285 1193 1357 negabant
1212 1287 1335 1338 solvendi
1345 1289 1389 1358 sa·

336 1381 483 1444 cultatem,
500 1388 559 1429 erat
580 1379 686 1427 anirnus
705 1375 744 1426 nd
760 1387 788 1427 te
808 1374 929 1429 scrihere.
967 1374 1045 1427 initio
1064 1376 1224 1426 versabatur
1243 1375 1273 1426 iu
1296 1377 1388 1429 animo:

334 1465 454 1519 uolebam
471 1475 518 1517 aut
535 1473 702 1515 statuerumt
729 1473 788 1534 post
808 1464 892 1534 magis
916 1462 1016 1516 arrisit:
1042 1463 1070 1512 in
1089 1464 1183 1514 animo
1202 1475 1277 1517 erat.
1323 1465 1388 1531 Quae

336 1573 413 1609 uoces
430 1552 546 1605 eundem
565 1550 685 1604 elsrciuut
703 1571 819 1617 sensnm,
838 1551 883 1604 sed
903 1569 998 1622 parum
1018 1562 1178 1620 congruunt
1198 1570 1262 1604 cum
1274 1551 1314 1616 iis,
1332 1570 1388 1622 quae

337 1643 560 1713 praecesserant.“
605 1638 740 1692 Hactenus
768 1637 943 1710 Bulephorus.
991 1638 1020 1689 lu
1049 1638 1076 1689 id
1096 1638 1149 1690 vitii
1181 1640 1298 1711 impegit
1321 1641 1392 1692 etiam·

336 1726 493 1799 liudolphus
511 1725 636 1798 Agricola
657 1726 727 1779 libro
753 1727 786 1778 de
812 1727 966 1780 inventione
990 1725 1127 1779 dialectica
1147 1729 1290 1794 secundo,
1314 1729 1387 1798 capite

337 1819 439 1889 primo:
457 1816 641 1885 „Principum
660 1814 757 1885 inquit,
777 1818 894 1865 Graecae
907 1814 1062 1885 facundiae
1077 1814 1169 1865 virum
1186 1816 1387 1875 Demosthenen,

337 1924 399 1958 cum
418 1904 451 1957 ad
470 1903 569 1956 bellurn
589 1913 681 1956 contra
699 1901 853 1973 Philippum
872 1900 1052 1954 Macedonum
1079 1919 1174 1971 regem
1197 1902 1295 1955 maiori
1315 1920 1387 1972 eppa·

337 2006 396 2047 ratu
416 2005 495 2064 atque
516 2010 580 2045 cura
601 1989 750 2062 gerendum
775 1989 908 2061 populum
927 1988 1078 2042 hortaretur
1095 1988 1295 2043 Atheniensem
1317 1990 1386 2041 doce·

337 2095 445 2152 retque,
471 2079 598 2152 quicquid
620 2080 778 2133 incrementi
800 2077 1042 2149 magnitudinisque
1060 2075 1180 2147 Philippi
1209 2080 1293 2131 rebus
1311 2097 1385 2130 acces·

337 2169 421 2233 sisset,
443 2186 498 2220 non
518 2179 571 2220 tam
593 2165 663 2218 illius
681 2185 736 2218 esse
754 2166 869 2230 viribus,
901 2184 981 2237 quam
1001 2164 1099 2216 desidia
1119 2174 1143 2216 et
1167 2164 1299 2218 inanibus
1316 2163 1384 2216 Athe·

337 2257 469 2308 uiensium
488 2254 664 2308 concionibus
686 2254 830 2320 ellectum,
858 2254 886 2305 in
913 2252 982 2306 hanc
1006 2253 1076 2305 inter
1102 2263 1213 2304 caetera
1241 2251 1384 2305 sententiam

337 2346 444 2395 locutus
461 2348 529 2397 est.“
564 2342 610 2395 Est
626 2342 697 2395 enim
717 2341 782 2396 haec
800 2361 860 2394 vera
880 2340 972 2394 lectio:
1002 2359 1058 2394 nou
1077 2359 1125 2405 ea,
1152 2360 1227 2411 quae
1247 2341 1324 2410 vulgo
1342 2338 1384 2391 cir·

338 2431 498 2486 cumlertur:
525 2432 652 2500 Princeps
678 2437 795 2484 Graecae
816 2431 971 2502 facundiae
998 2431 1041 2482 vir
1067 2430 1280 2480 Demosthenes:
1317 2446 1381 2500 quau

338 2533 402 2592 puto
421 2519 584 2592 suppositam
608 2520 754 2592 abaliquo
779 2520 834 2572 siro
861 2519 979 2583 erudito,
1007 2518 1050 2572 cui
1077 2517 1130 2569 hoc
1158 2517 1317 2587 persuaderi
1340 2536 1382 2568 nou

339 2618 455 2680 poterat,
474 2619 502 2662 ut
523 2606 679 2678 liudolphus
698 2607 823 2679 Agricola
843 2619 897 2660 tam
917 2606 994 2660 foede
1012 2605 1102 2676 lapsus
1121 2617 1199 2658 esset.
1247 2607 1328 2678 Atqui
1346 2625 1382 2676 pa·

338 2718 399 2749 rens
416 2696 585 2768 eloquentiae
611 2716 668 2749 eam
696 2696 803 2766 culpam
829 2697 910 2747 vitare
939 2714 993 2747 non
1023 2694 1138 2765 potnit.“
1195 2695 1381 2748 Morisotus.

339 2785 417 2837 Unde
437 2784 507 2836 sides
524 2784 683 2837 lllorisotum
703 2784 862 2855 siguificare,
881 2784 984 2853 lapsum
1004 2803 1058 2835 esse
1073 2781 1249 2849 Ciceronem,
1271 2805 1318 2837 nec
1334 2803 1380 2834 vero
1411 2814 1415 2830 .

338 2871 526 2944 corrigendum
547 2891 601 2925 esse
619 2870 671 2925 hoc
688 2871 827 2924 Ciceronis
845 2871 1000 2941 nupipuuu,
1028 2872 1073 2942 qui
1092 2871 1156 2923 alibi
1184 2893 1297 2944 quoque
1314 2874 1338 2924 in
1355 2872 1380 2923 si-

338 2961 409 3013 milia
435 2960 565 3011 inciderit.
610 2959 668 3010 Alia
692 2969 780 3010 autem
807 2960 856 3012 luit
886 2979 961 3011 meus
978 2959 1099 3011 Thomae
1127 2959 1262 3018 Bentleii,
1291 2962 1333 3033 qui
1356 2961 1378 3009 ita

337 3048 440 3117 lapsum
457 3066 512 3098 esse
532 3045 691 3098 Ciceronem
710 3046 819 3099 credere
838 3045 938 3112 uoluit,
964 3058 990 3100 et
1009 3039 1123 3100 librariis
1142 3049 1255 3120 culpam
1278 3051 1377 3102 tribuens

337 3135 372 3186 ita
389 3134 438 3185 sihi
458 3132 597 3185 restituisse
616 3133 683 3186 visus
701 3146 740 3187 est
758 3134 896 3189 Ciceronis
916 3156 1045 3203 manum,
1076 3147 1104 3189 ut
1129 3139 1282 3208 corrigeret
1299 3157 1375 3208 supra:

339 3224 385 3293 qni
404 3221 515 3292 deinque
534 3221 621 3272 vintriu
641 3223 747 3274 venolio
767 3253 801 3265 -
820 3222 951 3291 alienam,
970 3236 1066 3276 tuum
1086 3225 1150 3295 [pro
1169 3227 1262 3293 suune]
1289 3236 1377 3277 seritur-

337 3311 403 3360 tium
426 3309 564 3378 [nimirum
586 3310 647 3381 quia
666 3312 757 3383 paullo
778 3313 900 3382 superius
918 3325 970 3366 est:
1001 3314 1048 3384 qui
1065 3314 1162 3382 (ridet)
1187 3325 1276 3367 tuus
1299 3332 1378 3366 ηκτοι-

338 3399 400 3449 dum
416 3399 581 3468 pentoma]
612 3408 704 3453 nostro
733 3410 821 3453 autern
852 3401 928 3467 loco,
959 3402 1048 3454 eiectis
1067 3403 1177 3455 vocibus
1197 3404 1270 3454 bunc
1296 3415 1319 3456 et
1335 3402 1379 3463 sihi,

337 3487 432 3559 pergit,
450 3485 488 3538 vel
510 3489 596 3557 potius
610 3485 768 3541 Ciceronem
787 3490 904 3542 scribere
924 3490 996 3542 iubet
1010 3491 1151 3560 cogitque:
1172 3492 1236 3562 quis
1249 3511 1300 3544 nou
1315 3497 1380 3560 putet

337 3578 467 3645 corrfiteri,
488 3578 609 3648 quaesito
621 3596 688 3645 opius
698 3576 777 3629 esse?
795 3577 853 3630 Hoc
864 3597 925 3629 vero
941 3589 978 3630 est
991 3578 1043 3629 vim
1052 3577 1156 3630 inferre
1174 3579 1308 3650 scriptori.
1339 3577 1380 3628 Fac

337 3666 372 3716 ita
391 3664 523 3734 scripsisse
542 3662 718 3730 Ciceronem,
746 3675 774 3718 ut
798 3684 860 3716 euru
880 3666 995 3719 scribere
1019 3665 1111 3718 docuit
1129 3665 1254 3721 Thomas
1271 3665 1380 3719 incredu-

338 3751 390 3802 lus:
411 3751 469 3820 quis
489 3771 608 3819 unquam
627 3753 662 3804 ita
682 3753 834 3806 correxisset
854 3753 893 3806 rel
916 3755 1085 3808 contorsisset
1102 3753 1247 3811 Ciceronis
1263 3757 1340 3816 verba,
1358 3762 1380 3802 ut

339 3856 465 3910 personas
483 3847 598 3890 mutaret
615 3849 641 3890 et
658 3839 735 3892 variis
750 3841 817 3894 locis
836 3843 915 3896 verba
935 3842 1098 3908 intruderet,
1119 3844 1231 3915 quibus,
1251 3844 1316 3918 quod
1333 3858 1379 3894 nou

338 3929 437 3992 inerat,
464 3926 516 3980 sive
534 3919 714 3980 ἀνακόλουθον
738 3929 894 3999 inferretur,
925 3933 977 3986 sire
1001 3930 1146 4003 enallage?
1195 3935 1265 3989 Mihi
1290 3932 1381 4006 quiden

337 4017 461 4072 satisfacit
480 4037 509 4070 ea
529 4015 606 4070 huius
627 4011 788 4073 difficultatis
816 4021 994 4092 expediendae
1013 4021 1098 4089 ratio,
1127 4042 1214 4094 quam
1241 4022 1341 4096 exposui
1362 4020 1381 4071 iu

339 4177 547 4186 -.--——.

339 4260 513 4312 uuutintioue.
550 4260 639 4327 Quem
654 4261 799 4315 Morisotus
815 4263 918 4315 exhibet
936 4262 1037 4326 locum,
1057 4261 1078 4314 is
1097 4261 1133 4314 ihi
1156 4264 1258 4336 legitur
1269 4289 1294 4338 p.
1302 4271 1384 4332 tttsq·

339 4359 372 4367 —
392 4331 443 4382 Sed
463 4333 496 4383 ‹le
515 4351 547 4383 eo
566 4331 655 4385 libello
673 4335 760 4407 deque
779 4336 825 4399 iis,
852 4336 897 4406 qui
921 4345 1014 4387 contra
1039 4352 1102 4384 eum
1134 4340 1318 4410 scripserunt,
1340 4335 1384 4387 vide

340 4398 453 4453 Noiteuii
474 4402 664 4458 llibliothecam
685 4407 831 4460 Latinitatis
850 4405 993 4470 restitutae,
1013 4422 1146 4459 annexam
1164 4422 1243 4464 tomo
1264 4404 1385 4484 posteriori

340 4471 423 4523 herici
445 4474 551 4526 Latinae
572 4477 689 4548 Linguae
707 4479 895 4544 Antihorhari,
916 4499 940 4548 p.
959 4481 1011 4530 tta
1030 4495 1069 4547 sq.
