3450 5342
335 673 405 717 XXX
501 664 737 714 ruotuuouttrtt
766 664 807 710 tu
837 661 1006 710 CICERONIS
1033 662 1220 711 rautuoxt.

337 831 400 884 anni
421 843 548 900 tempore.
592 827 744 879 Secundum
768 834 856 877 autem
877 823 1051 889 Paradoxon,
1079 825 1151 896 quod
1177 823 1257 880 habet
1284 828 1312 881 in
1333 830 1387 882 Clo·
1422 844 1424 849 '

336 920 424 983 dium,
444 915 563 989 quamvis
580 933 636 968 non
649 911 840 975 nominatum,
860 911 992 977 convicia,
1019 924 1091 966 certe
1118 924 1181 967 ante
1198 912 1290 968 Clodii
1319 934 1386 969 mor·

336 1019 403 1072 tem,
423 1024 504 1077 quam
522 1024 553 1056 ex
571 999 710 1055 Ciceronis
727 999 813 1052 verbis
832 1018 866 1052 ne
884 1000 1012 1071 suspicari
1029 1000 1138 1072 quidem
1164 1001 1240 1068 licet,
1261 1005 1385 1076 scriptun

334 1105 388 1159 est,
409 1093 526 1146 velante
545 1088 651 1144 exilium
671 1087 823 1153 Ciceronis,
848 1087 888 1141 sel
908 1100 966 1160 post
997 1089 1126 1156 reditum,
1153 1110 1237 1162 quum
1266 1093 1290 1146 is
1313 1093 1384 1148 etiam

335 1193 391 1236 tum
413 1180 536 1234 adsersus
554 1176 714 1232 Ciceronem
734 1176 823 1229 furere
841 1187 981 1248 pergeret,
1000 1179 1073 1248 quod
1092 1178 1155 1233 item
1174 1180 1296 1250 apertius
1313 1180 1384 1236 etism

336 1270 406 1324 cadit
424 1270 451 1322 in
471 1267 628 1321 Paradoxon
648 1275 791 1337 quartum,
810 1283 866 1334 quo
883 1262 963 1335 plane
980 1264 1129 1336 significat,
1147 1286 1175 1319 se
1193 1277 1255 1339 post
1275 1269 1384 1323 reditun

335 1359 368 1412 ab
387 1355 464 1411 exilio
481 1355 613 1410 scribere:
631 1354 663 1406 iis
680 1365 769 1408 autem
787 1352 871 1406 utitur
890 1353 988 1419 verbis,
1016 1373 1085 1425 quae
1112 1366 1248 1409 recentem
1278 1357 1385 1428 prodere

338 1446 461 1499 ridentur
479 1443 615 1511 dolorem,
634 1442 667 1494 de
682 1452 768 1494 morte
780 1440 928 1494 ‘adversarii
947 1452 1045 1496 tacent.
1091 1440 1200 1515 Colligit
1220 1442 1287 1496 inde
1305 1443 1384 1499 &tt

335 1534 401 1587 taius
419 1552 449 1586 ea
470 1532 568 1602 scripta
586 1549 641 1584 esse
659 1548 682 1582 a.
699 1530 733 1582 U.
752 1549 775 1583 c.
794 1531 856 1589 691.
883 1530 910 1582 in
931 1549 1013 1601 quem
1037 1529 1161 1586 incidunt
1184 1531 1237 1599 itti,
1263 1533 1295 1586 in
1325 1550 1384 1605 quos

335 1620 482 1686 invehitur,
500 1619 588 1673 Clodii
607 1620 719 1671 furores.
767 1617 899 1687 Quintum
917 1629 1007 1671 autem
1025 1618 1199 1687 Paradoxon,
1224 1640 1382 1694 quamquam

335 1709 374 1762 rel
394 1709 422 1761 L.
440 1707 582 1761 Lucullum
602 1705 640 1759 vel
662 1705 698 1773 Q.
717 1705 888 1759 Hortensium
919 1717 1029 1777 tangere
1057 1706 1160 1760 ridetur
1182 1707 1289 1779 aliquot
1317 1709 1382 1774 locis,

336 1798 482 1868 quominus
499 1808 588 1851 tamen
608 1814 680 1848 anno
697 1797 759 1848 tut.
787 1793 918 1864 scriptum
943 1813 999 1846 esse
1018 1804 1157 1864 putemus,
1181 1793 1247 1848 nihil
1273 1796 1383 1869 impedit

334 1884 427 1952 Quum
447 1904 510 1938 vero
527 1883 642 1936 dubitari
658 1902 713 1935 non
733 1880 830 1953 possit,
858 1881 923 1952 quin
943 1881 1101 1936 Paradoxon
1125 1895 1234 1936 ustum
1251 1885 1292 1939 M.
1312 1884 1383 1939 Cras-

335 1992 409 2038 sum,
429 1973 534 2024 divitem
552 1971 630 2024 illum
648 1969 823 2041 perstringat,
849 1969 913 2039 quia
932 1969 1015 2024 refert
1041 1970 1097 2024 eius
1114 1970 1231 2039 dictum,
1263 1975 1382 2025 neminen

335 2077 392 2111 esse
409 2059 533 2120 divitem,
559 2058 613 2108 nisi
632 2059 680 2128 qui
705 2059 854 2108 exercitum
872 2057 944 2109 alere
960 2058 1047 2128 possit
1066 2059 1124 2110 suis
1142 2059 1290 2130 fructibus
1305 2059 1382 2131 (conf.

334 2147 369 2199 de
387 2145 445 2199 Olf.
464 2146 483 2211 l,
504 2144 557 2213 8.),
577 2163 628 2198 nec
647 2164 709 2197 vero
727 2144 760 2197 de
778 2142 868 2198 Crassi
886 2157 986 2212 morte,
1014 2157 1086 2199 trans
1104 2146 1271 2219 Euphratem
1290 2149 1382 2204 bellun

337 2254 399 2288 cum
418 2233 524 2288 Parthis
539 2232 669 2304 gerentis,
688 2223 733 2284 fiat
751 2232 868 2299 mentio,
894 2253 963 2304 quae
982 2253 1054 2287 mors
1073 2235 1168 2306 obtigit
1186 2255 1209 2289 a.
1228 2240 1307 2304 700,
1324 2239 1382 2291 'itero

334 2322 400 2376 illud
419 2323 447 2375 in
465 2338 568 2375 annum
587 2331 647 2392 post
664 2319 778 2374 reditum
798 2320 832 2374 ab
852 2321 928 2375 exilio
947 2323 1123 2376 reiiciendum
1142 2325 1200 2391 erit,
1219 2324 1259 2378 sel
1270 2326 1300 2379 in
1319 2345 1383 2391 eum,

338 2430 392 2482 quo
411 2408 522 2462 Crassus
545 2426 607 2462 eum
624 2407 757 2478 Pompeio
780 2407 894 2461 alterum
923 2411 1034 2480 gerebat
1057 2410 1242 2482 consulatum,
1269 2434 1294 2468 a.
1315 2414 1348 2468 U.
1363 2433 1383 2468 c

337 2502 397 2554 698.
433 2498 574 2550 Diversum
593 2495 676 2567 igitur
693 2515 748 2550 esse
766 2497 803 2550 ait
821 2507 847 2550 et
866 2497 959 2550 decern
979 2518 1114 2552 annorum
1132 2500 1274 2555 intervallo
1293 2503 1383 2557 distare

336 2598 452 2658 tempus,
472 2605 527 2657 quo
546 2585 643 2656 scripta
661 2584 714 2636 sint
733 2584 896 2652 secundum,
922 2597 1047 2657 quartum
1074 2599 1100 2641 et
1123 2598 1243 2655 sextum,
1273 2591 1383 2646 attium

294 2677 297 2682 ’
336 2676 502 2748 reliquorum
521 2684 547 2727 et
564 2673 701 2726 Prooemii
718 2673 871 2746 scriptione.
907 2674 1000 2746 Neque
1019 2675 1047 2728 iu
1065 2675 1144 2729 aliam
1163 2677 1265 2731 abeunt
1281 2688 1384 2731 senten·

335 2765 398 2818 tiam
419 2762 448 2817 F.
469 2762 621 2816 Handius
640 2761 666 2814 in
687 2759 772 2826 libro,
792 2759 838 2832 qui
858 2761 959 2832 prodiit
976 2782 999 2815 a.
1018 2766 1103 2817 1827:
1122 2763 1215 2818 Ersclr.
1234 2765 1384 2820 u.Gruber.

336 2851 448 2924 Aligem.
466 2849 617 2922 Encyllop.
636 2849 669 2903 T.
687 2848 772 2904 XVlI.
791 2868 817 2919 p.
838 2850 900 2901 231.
918 2860 944 2903 et
962 2851 1001 2901 vir
1018 2850 1126 2918 doctus,
1144 2851 1191 2922 qui
1210 2855 1317 2906 curarit
1333 2851 1384 2906 edi·

335 2941 437 2996 tionem
455 2938 683 2990 l'eubnerianam.
931 2948 935 2953 '

408 3027 508 3078 Contra
535 3024 695 3077 Schiitxii
723 3025 882 3078 sententiam
906 3026 1009 3098 primus
1028 3038 1133 3081 exortus
1156 3039 1194 3082 est
1214 3028 1385 3085 Gernlrar-

337 3114 398 3166 dus
416 3113 522 3177 dicens,
541 3110 712 3178 Ciceronem,
731 3112 751 3165 si
771 3114 891 3167 vixissent
910 3114 936 3181 ii,
958 3135 1026 3187 quos
1044 3115 1145 3188 alloqui
1165 3116 1308 3184 rideretur,
1326 3115 1385 3169 Clo-

337 3202 396 3256 dius
414 3212 440 3254 et
458 3202 582 3267 Crassus,
601 3201 704 3254 cautius
723 3200 913 3256 declamitasse:
933 3203 953 3256 si
974 3204 1087 3257 mortuis
1105 3205 1137 3257 iis
1155 3205 1307 3277 scripserit,
1325 3203 1384 3258 nilril

338 3308 413 3362 posse
432 3308 461 3340 ex
480 3288 591 3341 istorum
610 3287 748 3341 hominurn
768 3289 947 3361 descriptione
976 3303 1002 3345 et
1026 3291 1148 3346 simulata
1175 3293 1339 3348 allocutione
1355 3291 1384 3345 ad

337 3376 480 3448 temporis,
508 3394 563 3448 quo
582 3362 730 3448 scripserit,
749 3377 932 3431 definitionem
951 3379 1062 3452 exquiri.
1107 3378 1165 3432 Cur
1184 3381 1275 3447 enim,
1294 3380 1383 3453 inquit,

335 3467 390 3519 irae
409 3466 437 3519 in
465 3466 542 3532 istos,
571 3464 644 3527 dum,
661 3467 791 3534 virerent,
819 3467 1016 3534 satisfacturus,
1042 3467 1134 3521 exilem
1164 3468 1234 3523 lranc
1260 3467 1384 3522 Paradoxi

336 3556 564 3627 opportunitatem
596 3543 769 3628 quaesiverit,
801 3556 876 3628 quasi
906 3555 1060 3610 Stoicorum
1089 3556 1197 3609 demum
1227 3555 1385 3629 argumentis

336 3644 457 3696 convinci
476 3654 549 3723 tanta
568 3644 666 3697 scelera
684 3655 807 3715 possent,
833 3655 879 3697 aut
896 3644 1000 3715 gravius
1019 3645 1106 3698 notari
1124 3645 1195 3716 apud
1215 3643 1385 3718 prudentissi·

335 3748 394 3782 mos
411 3727 449 3798 (5.
468 3731 509 3795 3.)
538 3728 691 3800 loquendo,
718 3750 799 3802 quarn
831 3731 858 3783 in
886 3731 947 3784 foro
967 3731 1071 3798 Clodii,
1101 3742 1127 3785 et
1152 3732 1200 3785 vivi
1230 3744 1257 3787 et
1282 3733 1385 3806 mortui,

337 3815 505 3888 aliorumque
532 3817 672 3869 hominum
696 3816 890 3889 flagitiosorum
919 3818 1030 3886 scelera,
1065 3818 1140 3873 nullo
1164 3820 1290 3874 factionis
1317 3829 1384 3873 rnetu

337 3903 457 3969 territus,
477 3903 665 3975 descripserit?
700 3905 757 3959 Cur
774 3907 862 3959 forma
881 3907 1049 3961 declamandi
1069 3919 1202 3974 uteretur,
1233 3928 1303 3981 quae
1327 3926 1386 3980 per·

337 3990 557 4061 stringendorurn
575 3991 765 4046 sceleratorum
786 3995 896 4048 nomina
916 3996 997 4049 taceri
1015 3997 1067 4049 sive
1085 3996 1197 4060 iuberet,
1216 3996 1269 4049 sire
1285 4005 1386 4068 patere·

335 4079 400 4133 tur?
435 4078 465 4132 Si
484 4078 576 4132 decern
595 4079 703 4133 demum
722 4082 800 4135 annis
817 4082 870 4137 hoc
888 4094 941 4137 tam
961 4102 1073 4155 parrum
1092 4082 1252 4155 opusculum
1272 4079 1386 4146 absolvit,

336 4167 473 4240 quomodo
492 4167 625 4238 scripserit
643 4166 739 4223 Cicero
767 4169 940 4224 lucubratum
967 4191 1024 4223 esse
1042 4173 1076 4222 1ιὶ
1082 4191 1096 4224 s
1114 4173 1125 4222 i
1131 4190 1182 4221 arn
1201 4169 1385 4222 contractiori·

327 4253 385 4319 'bus
404 4254 546 4308 noctibus?
582 4254 664 4324 Quod
684 4256 704 4308 si
724 4276 849 4328 quaeras,
877 4278 926 4312 cur
948 4260 981 4311 de
1004 4257 1091 4312 Clodii
1116 4259 1258 4330 Crassique
1282 4247 1386 4310 inleritu

338 4340 402 4394 nilril
421 4343 533 4397 dixerit?
562 4345 588 4397 id
608 4345 712 4417 ipsum,
731 4346 889 4416 respondet,
919 4367 953 4400 ne
972 4348 1090 4401 decuisse
1115 4347 1240 4418 quidem,
1270 4345 1298 4398 iu
1323 4359 1387 4416 quos

340 4446 467 4506 tanquam
487 4436 556 4487 vivos
572 4446 776 4506 praesentesque
794 4434 979 4503 inveheretur,
1008 4435 1155 4489 eorundem
1184 4434 1293 4489 interitu
1311 4448 1387 4484 enar·
