3450 5342
410 643 485 719 228
738 661 913 710 memora
941 658 1135 711 oroscoauu.

408 833 433 885 2.
451 827 524 883 Gud.
541 826 571 878 B.
599 823 693 877 Dresd.
713 828 738 876 2.
757 826 783 876 b.
812 821 925 874 liberum
949 838 1005 873 erse
1022 819 1150 873 nominem
1179 839 1243 874 cum
1262 820 1345 874 Face.
1364 820 1458 875 Gerub.

408 917 457 973 Or.
475 916 557 981 Thu„
576 931 638 967 eum
657 912 711 965 veri
729 911 762 965 sil
780 909 946 964 simillimum
962 907 991 961 in
1016 927 1070 962 uua
1096 906 1244 980 eademque
1269 910 1404 963 sententia
1422 913 1461 964 ci-

408 1020 535 1060 ceronem
555 1000 604 1054 ribi
623 1009 746 1054 constare
764 998 844 1052 etiam
862 997 891 1050 in
912 996 1055 1050 verborum
1074 996 1185 1062 ordine,
1218 1008 1245 1051 et
1271 995 1368 1069 paullo
1390 1017 1461 1069 supe-

408 1091 463 1145 rius
480 1089 513 1144 ait
531 1087 675 1159 scriptum:
694 1087 748 1138 nisi
766 1085 927 1155 sapientem,
945 1084 1096 1137 liberum
1112 1102 1188 1137 osse
1205 1087 1384 1141 nemiuem.
1409 1088 1459 1140 mr.

477 1175 571 1248 Igitur
589 1192 677 1227 omues
694 1171 813 1242 improbi·
824 1171 910 1225 servi:
936 1190 983 1224 noo
1002 1171 1051 1223 boo
1069 1181 1160 1224 tomm
1178 1190 1206 1224 re
1224 1182 1283 1238 ost,
1303 1192 1389 1246 quom
1408 1175 1459 1240 eto]

407 1265 473 1335 „sic
490 1273 623 1335 qualluor.
661 1260 748 1315 Octo:
767 1260 838 1313 servi
852 1260 943 1332 igitur
961 1248 1049 1312 omnes
1066 1256 1192 1330 improbi:
1223 1277 1273 1311 neo
1295 1260 1346 1312 boo
1365 1271 1422 1313 tom
1438 1277 1460 1311 re

407 1363 463 1418 ert,
480 1370 507 1425 q.
542 1350 622 1403 Duos
648 1349 719 1402 servi
738 1365 801 1419 ergo
825 1366 914 1400 omma
939 1345 1059 1418 improbi.
1087 1347 1137 1399 boo
1162 1366 1216 1400 nom
1234 1357 1295 1399 tam
1320 1366 1351 1400 ro
1369 1359 1425 1412 est,
1440 1367 1460 1418 q.

407 1438 500 1493 Unus:
518 1455 606 1490 omnes
623 1434 736 1512 improbi
752 1434 838 1498 servi,
856 1453 889 1486 ne
907 1444 966 1485 tom
983 1453 1012 1486 ro
1029 1443 1085 1491 est,
1103 1453 1130 1506 q.
1164 1433 1258 1487 Unus:
1289 1435 1365 1487 servi
1382 1435 1460 1506 igitur

408 1543 496 1579 omnes
513 1522 637 1594 improbi,
655 1541 702 1575 nec
721 1532 778 1573 tam
789 1522 877 1575 booin
888 1541 915 1574 re
929 1531 978 1586 est,
997 1542 1022 1594 q.
1057 1519 1148 1575 Unus:
1168 1539 1257 1574 omnes
1269 1521 1385 1591 improbi
1398 1521 1460 1575 servi

407 1631 475 1667 rom.
501 1611 550 1680 [sic
577 1609 673 1664 Graes.
701 1609 793 1676 refert]
819 1609 870 1662 boo
894 1619 952 1662 lom
977 1619 1018 1662 est
1041 1627 1069 1661 re
1094 1629 1120 1681 q.
1170 1607 1265 1662 Unuss
1294 1608 1359 1680 quis
1382 1610 1459 1680 igitur

407 1717 495 1751 omnes
512 1697 651 1769 improbos,
669 1699 776 1761 servire,
794 1716 841 1748 neo
859 1698 909 1750 bor
927 1708 984 1749 tom
995 1716 1032 1750 ro·
1068 1696 1122 1762 Est,
1142 1694 1189 1767 qui
1207 1696 1358 1768 legendum
1379 1707 1457 1769 potul:

406 1787 500 1859 Igitur
517 1805 604 1839 omnes
623 1783 734 1855 improbi
756 1785 835 1838 acroi.
870 1784 1001 1838 Servius?
1036 1785 1086 1838 boo
1102 1802 1155 1837 non
1173 1793 1232 1836 tom
1249 1803 1280 1838 ro
1298 1795 1358 1851 est,
1378 1802 1456 1857 quum.

407 1873 471 1929 Vel:
503 1874 589 1927 servir
626 1873 726 1926 serviro
756 1872 806 1925 boo
838 1882 897 1924 tam
929 1891 957 1925 re
988 1880 1030 1925 ost
1061 1889 1144 1943 quom
1174 1871 1250 1924 dictu
1286 1871 1455 1927 morabitur

408 1960 480 2014 Ald.
497 1960 585 2014 Man.

478 2049 554 2100 Servi
570 2047 763 2119 igituromnes
791 2045 929 2117 improbi:]
949 2113 950 2116 Ἴ
967 2045 1033 2114 „sie
1057 2044 1114 2099 Pal.
1140 2064 1166 2099 o.
1190 2056 1218 2100 el
1242 2044 1309 2102 Gul.
1333 2045 1454 2102 secundus

407 2144 542 2206 praeterea
562 2145 652 2189 noster
671 2135 789 2206 gemina!
807 2134 968 2190 vocabulum
986 2134 1070 2199 servi,
1096 2151 1151 2186 non
1170 2133 1228 2186 sine
1253 2152 1367 2189 venere:
1395 2135 1454 2187 servi

405 2222 494 2292 igitur
511 2241 598 2276 omnes
616 2222 741 2292 improbi:
768 2223 866 2276 servi.“
894 2220 1034 2276 Gruter.
1084 2219 1153 2287 „Sic
1174 2219 1243 2275 Pall.
1270 2231 1298 2275 el
1325 2220 1360 2275 al.
1384 2219 1453 2273 MSS.

407 2308 507 2381 Vulgg.
532 2310 620 2381 igitur
644 2328 733 2363 omues
751 2310 863 2380 improbi
880 2310 960 2367 servi.
1004 2308 1061 2362 Pal.
1087 2327 1139 2362 sec.
1164 2309 1236 2361 servi
1262 2310 1352 2381 igitur
1377 2325 1452 2362 omnes

409 2395 538 2467 improbi,
556 2395 657 2449 seroi.“
694 2395 813 2452 Graes.

475 2482 569 2554 Igitur
586 2502 674 2537 omnes
691 2484 802 2555 improbi
819 2484 901 2552 servi]
936 2483 1084 2556 „Sequitur
1101 2502 1164 2557 pars
1180 2483 1259 2538 buius
1279 2484 1405 2557 paradoxi
1421 2480 1451 2534 al·

406 2580 478 2637 tera,
499 2589 596 2624 omnes
612 2571 752 2644 improbos
770 2592 825 2626 esse
843 2575 961 2627 servos.“
997 2572 1094 2626 Face.

476 2658 553 2711 Servi
569 2657 657 2730 igitur
674 2678 762 2712 omnes
781 2658 911 2729 improbi]
948 2657 1028 2712 Hunc
1046 2677 1096 2730 ego
1114 2678 1178 2729 oum
1189 2658 1240 2715 Or.
1253 2657 1449 2733 praeferendum

405 2743 467 2797 duxi
493 2746 637 2800 verborum
662 2746 785 2800 ordinem
812 2746 933 2818 vulgato,
963 2766 1044 2818 quem
1069 2749 1150 2800 eliam
1175 2744 1282 2802 Gernb.
1307 2755 1448 2801 servaverat.

404 2831 526 2888 Firmani
553 2853 615 2887 eum
641 2834 727 2887 codd.
752 2833 810 2888 Cra.
829 2838 854 2888 1.
877 2840 902 2888 2.
931 2834 1013 2892 Drsd.
1032 2838 1058 2890 1.
1084 2841 1110 2889 2.
1133 2837 1161 2890 3.
1182 2838 1210 2889 4.
1230 2839 1256 2889 5.
1290 2834 1363 2889 Gud.
1381 2829 1449 2887 Ab

404 2918 499 2972 Duisb.
517 2919 597 2972 Bern.
614 2919 673 2972 Bas.
691 2918 782 2974 Guelf.
801 2920 868 2974 On.
879 2920 900 2973 l.
913 2920 945 2973 Ν.
964 2941 990 2990 η.
1009 2941 1033 2977 o.
1051 2941 1082 2986 ψ.
1100 2924 1202 2993 (neque
1220 2921 1299 2977 aliter
1317 2918 1446 2984 osmi,

406 3003 452 3076 qui
476 3024 525 3075 pro
550 3005 638 3075 igitur
662 3004 761 3059 babent
785 3011 879 3079 argos)
902 3007 964 3061 Ero.
991 3010 1060 3082 Eyb.
1079 3009 1163 3063 Suffr.
1187 3010 1261 3065 Petr.
1288 3011 1351 3065 Asc.
1378 3009 1446 3063 151¹.

404 3090 488 3144 Verb.
503 3089 601 3144 Graes.
619 3091 716 3147 Olivet.
735 3093 806 3147 Thu.
824 3094 896 3150 flub.
940 3096 971 3150 ln
997 3098 1076 3152 Drsd.
1096 3104 1121 3152 2.
1150 3109 1211 3171 post
1235 3099 1352 3169 improbi
1372 3093 1448 3168 sequi·

404 3186 449 3230 lur
465 3175 590 3229 serviae?
626 3183 688 3232 Hoc
705 3191 763 3233 tom
781 3201 823 3248 re,
841 3200 924 3257 quom
942 3185 1017 3238 dictu
1036 3197 1077 3239 ost
1094 3187 1276 3257 inopinatum.
1328 3185 1412 3240 Etiam
1426 3181 1445 3233 ln

403 3261 484 3315 Drsd.
503 3266 531 3316 4.
557 3274 616 3336 post
633 3265 746 3338 improbi
762 3271 908 3342 repetitum
927 3285 966 3327 est
983 3274 1070 3328 servir
1095 3272 1140 3327 sed
1167 3273 1256 3346 pergit
1273 3293 1330 3327 neo.
1375 3271 1446 3343 WJu

403 3347 509 3420 legebat
532 3363 561 3404 ul
586 3371 651 3407 nos:
682 3356 718 3408 ad
742 3359 821 3412 verba
846 3372 936 3414 autem
966 3361 1102 3432 discipulis
1125 3361 1153 3414 in
1183 3360 1283 3414 sobolis
1311 3357 1444 3432 praeoepit:

402 3436 578 3506 „Subiectum
597 3453 635 3495 est
659 3443 782 3514 improbi,
811 3448 995 3519 praedicalum
1019 3449 1104 3502 servi:
1130 3467 1226 3501 omnes
1253 3446 1373 3520 improbi
1396 3452 1444 3499 mol

402 3525 480 3590 servi,
502 3539 595 3582 carent
612 3528 742 3586 libertate.
786 3533 830 3588 Fit
854 3534 907 3590 boo
931 3546 1044 3608 propter
1071 3536 1122 3588 vim
1147 3536 1287 3607 quandam
1306 3533 1443 3595 oratoriam

402 3623 433 3665 ut
451 3632 650 3686 nonnunquam
670 3620 851 3689 praedicatum
871 3624 976 3694 priore,
995 3626 1146 3679 subiectum
1165 3625 1316 3695 posleriore
1333 3625 1392 3678 loco
1404 3641 1444 3694 po-

402 3701 509 3750 natur.“
554 3700 662 3754 Miraris
679 3718 766 3773 certe,
794 3719 895 3764 tantam
921 3731 976 3766 esse
995 3713 1047 3765 vim
1076 3723 1102 3766 et
1125 3711 1315 3766 auctoritatem
1339 3707 1443 3767 lectionis

401 3784 568 3853 permultas
592 3789 721 3845 editiones
748 3808 927 3867 propagatae,
958 3812 988 3854 ut
1012 3800 1144 3854 librorum
1170 3810 1196 3852 el
1224 3799 1403 3872 plurimorum
1424 3803 1442 3848 el

401 3871 566 3941 optimorum
595 3873 674 3929 lectio
706 3878 821 3950 glossam
851 3886 1027 3956 marginalem
1059 3885 1267 3942 adolescentulis
1296 3884 1441 3944 discentibus

400 3956 557 4014 destinatam
575 3964 706 4036 expellere
725 3978 780 4022 lam
798 3969 843 4023 diu
863 3991 920 4026 non
939 3975 1065 4046 potuerit.
1100 3974 1161 4028 Mr-

471 4047 528 4098 Neo
545 4049 594 4102 boo
612 4062 670 4105 tam
689 4074 717 4107 ro
734 4068 790 4123 est,
807 4078 889 4131 quam
907 4062 982 4114 dictu
1000 4062 1181 4134 inopinatum]
1201 4062 1263 4115 Vid.
1290 4072 1392 4119 annoti·
1407 4076 1441 4114 m·

400 4134 534 4203 periores,
554 4137 679 4194 Aldinam
698 4154 725 4196 et
744 4158 874 4202 noslram.
922 4148 999 4202 Adde
1018 4149 1068 4212 0¹,
1084 4149 1116 4202 E.
1145 4148 1193 4220 qui
1219 4148 1303 4205 babet
1329 4153 1374 4203 Et
1396 4147 1441 4199 lm

399 4217 511 4277 Omissis
534 4224 574 4279 bis
597 4231 682 4284 verbis
710 4230 815 4287 duobus
833 4233 885 4289 Ox.
902 4235 922 4288 l.
947 4235 1026 4296 babet
1052 4236 1160 4289 servire.
1203 4236 1287 4295 Drsd.
1308 4241 1334 4291 5.
1360 4229 1441 4290 onisii

398 4307 454 4363 boc.
492 4313 550 4366 Cra.
568 4317 593 4379 8,
611 4335 658 4369 rreo
676 4328 735 4371 tam
753 4321 819 4382 boc‚·
842 4322 969 4379 Drsd.'4.
988 4323 1085 4379 omittit
1101 4335 1160 4390 ert,
1179 4343 1244 4378 cum
1261 4327 1325 4380 Cra.
1344 4328 1382 4390 1.,
1405 4314 1440 4390 qul

398 4409 477 4462 supra
496 4408 557 4451 ante
575 4420 663 4455 omnes
680 4402 759 4459 habet
777 4406 893 4481 glossam
917 4425 1001 4476 sunt5
1031 4412 1102 4466 idem
1129 4411 1234 4466 exhibet
1256 4413 1379 4467 mirabile
1399 4414 1438 4461 etl·
