3450 5342
420 649 490 724 162
734 673 909 719 rarruoxr
938 673 1132 722 srorcorrcrr.

722 830 1065 905 Pnnnnnxnn
1097 833 1164 908 lv.

565 1006 657 1092 ’Ότι
696 1017 773 1091 πιῖς
808 1004 941 1113 ἄφρων
975 1009 1164 1104 μαίνεται.

571 1177 741 1263 [Omnem
770 1174 922 1240 strtltum
949 1172 1142 1261 insanire]

393 1402 402 1444 r
488 1382 560 1461 Ego
586 1398 668 1444 vero
695 1383 726 1442 te
750 1396 817 1441 non
845 1378 995 1457 stultum,
1022 1383 1058 1441 ut
1084 1396 1201 1460 saepe3
1236 1398 1308 1445 non
1346 1385 1459 1466 impro-

416 1518 504 1594 bum,
530 1522 566 1578 ut
591 1533 739 1597 semper;
763 1513 821 1576 sed
839 1514 1027 1578 dementem
1050 1519 1081 1577 et
1107 1516 1260 1579 insanum
1280 1518 1381 1582 rebus
1396 1519 1458 1581 rin-

415 1673 488 1718 c-am
514 1653 717 1717 necessariis.
776 1649 940 1732 Sapientis
966 1653 1094 1716 animus
1123 1652 1352 1731 magnitudine
1388 1671 1457 1717 con-

414 1794 495 1870 silii,
522 1790 696 1855 tolerantia
717 1804 827 1850 rerum
850 1789 1089 1863 humanarum,
1128 1752 1375 1869 contemptione
1397 1789 1456 1851 lor·

413 1933 531 2003 tunae,
574 1927 746 1990 virtutibus
789 1924 930 2004 denique
985 1925 1155 2001 omnibus,
1206 1931 1241 1986 ut
1281 1925 1455 1997 moenibus,

413 2069 555 2146 saeptus,
583 2064 731 2126 vincetur
756 2067 789 2124 et
814 2065 1067 2144 expugnabitur,
1093 2064 1148 2142 qui
1169 2079 1211 2124 ne
1237 2063 1370 2126 civitate
1392 2061 1456 2142 qui-

415 2197 490 2260 dem
517 2199 595 2277 pelli
620 2199 750 2278 potest?
803 2197 898 2275 Quae
925 2203 974 2262 est
1001 2200 1088 2262 enim
1114 2199 1251 2264 civitas?
1305 2198 1456 2264 Omnisne

413 2339 595 2399 conventus
609 2333 707 2397 etiam
730 2332 877 2397 ferorum
900 2338 932 2397 et
948 2335 1165 2398 immanium?
1193 2336 1345 2399 omnisne
1365 2336 1456 2397 etiam

413 2475 626 2555 fugitivorum
652 2492 691 2537 ac
718 2473 899 2536 latronum:
936 2476 1135 2551 congregata
1163 2489 1267 2535 unum
1295 2438 1455 2534 inlocum

412 2611 611 2675 multitudo?
664 2607 759 2673 Certe
784 2607 931 2687 negabis.
990 2606 1065 2673 Non
1089 2607 1189 2686 igitur
1219 2611 1290 2673 erat
1312 2610 1371 2674 illa
1394 2611 1453 2671 tum

413 2749 541 2825 civitas,
579 2762 679 2828 quum
712 2746 801 2824 leges
833 2745 868 2807 iu
903 2762 943 2809 ea
969 2745 1048 2807 nihil
1072 2744 1241 2820 valebant;
1281 2764 1384 2827 quum
1410 2745 1453 2807 iu·

412 2886 498 2950 dicia
524 2884 692 2948 iacebant:
731 2899 833 2962 quum
867 2899 941 2944 mos
973 2884 1097 2963 patrius
1132 2882 1318 2955 occiderat:
1354 2898 1452 2966 quum,

410 3026 501 3088 terro
527 3018 628 3100 pulsis
653 3018 911 3097 magistratibus,
947 3024 1079 3083 senatus
1112 3037 1234 3085 nomen
1267 3022 1303 3085 in
1340 3039 1376 3085 re
1401 3036 1453 3101 pn·

411 3160 498 3224 blica
514 3175 581 3221 non
608 3160 687 3220 erat.
739 3154 948 3218 Praedonum
968 3157 1022 3219 ille
1038 3175 1228 3237 concursus,
1255 3163 1298 3237 et,
1326 3164 1357 3222 te
1373 3157 1452 3228 duce,

412 3295 619 3360 latrocinium
644 3294 677 3355 in
705 3291 780 3355 loro
806 3294 1033 3371 constitutum,
1067 3298 1100 3357 et
1125 3295 1287 3374 reliquiae
1308 3295 1452 3359 coniura-

412 3433 508 3496 tionis
540 3450 560 3495 a
588 3429 745 3495 Catilinae
780 3429 873 3493 furiis
905 3430 947 3493 ad
981 3436 1071 3494 tuum
1108 3427 1214 3495 scelus
1250 3433 1451 3510 furoremque

412 3588 610 3647 conversae,
637 3585 704 3631 non
728 3569 842 3632 civitas
869 3572 948 3632 erat.
1010 3569 1123 3648 ltaque
1147 3570 1262 3649 pulsus
1291 3587 1357 3650 ego
1382 3565 1451 3632 ciri-

411 3710 476 3768 tatc
494 3722 561 3766 non
586 3721 677 3778 sum,
705 3721 789 3781 quae
815 3706 907 3769 nulla
933 3710 1020 3769 erat:
1047 3705 1221 3768 arcessitus
1236 3704 1273 3768 in
1297 3706 1450 3769 civitatem

410 3858 499 3916 sum,
527 3858 628 3919 quum
651 3845 737 3903 esset
758 3841 792 3904 in
825 3860 861 3905 re
885 3844 1017 3924 publica
1041 3844 1173 3919 consul,
1209 3843 1266 3923 qui
1292 3846 1365 3907 tum
1388 3839 1450 3903 nul-

408 3979 458 4042 lus
495 3977 618 4041 suerat:
655 3983 740 4039 esset
772 3983 922 4057 senatus,
962 3982 1017 4061 qui
1052 3985 1120 4043 tum
1154 3978 1341 4054 occiderat;
1379 3975 1451 4041 esset

407 4134 585 4181 consensus
612 4115 725 4197 populi
752 4114 864 4178 liberi:
891 4119 976 4179 esset
1001 4117 1080 4180 iuris
1105 4120 1137 4179 et
1163 4115 1351 4195 aequitatis,
1378 4126 1450 4194 quae

307 4324 309 4329 ,
407 4254 537 4318 vincula
569 4256 644 4316 sunt
677 4250 831 4326 civitatiS‚
876 4253 1014 4330 repetita
1053 4250 1227 4314 memoria.
1291 4254 1341 4314 Ac
1377 4244 1449 4315 vile.

408 4404 506 4467 quam
539 4390 601 4454 ista
640 4389 687 4453 tui
720 4386 884 4451 latrocinii
916 4390 981 4453 tale
1014 4389 1279 4469 contempserim.
1340 4388 1450 4450 laetam
