3450 5342
606 699 803 748 rantnoxon
826 701 869 746 1v.
901 700 971 747 aaa.
997 702 1018 746 t.
1262 683 1335 756 179

355 869 425 911 esset
445 878 588 912 comosus
604 859 701 928 populi
718 857 806 925 liberi]
840 858 878 923 „i
898 878 920 910 e.
940 878 1002 913 cnm
1023 860 1137 932 populus
1155 861 1232 915 Rom.
1249 864 1335 938 iegem

282 946 367 999 iibere
387 947 487 1000 tulisset
503 965 560 1000 uno
578 965 711 1000 consensu
730 946 763 1000 de
782 965 843 999 meo
862 946 979 1001 reditus*
998 946 1072 1001 Fre.
1093 946 1185 1019 Sylv.
1228 951 1336 1009 Praeter

283 1053 343 1099 eas,
364 1055 430 1106 quas
447 1035 529 1088 modo
546 1034 671 1101 diximus,
698 1035 826 1089 lectiones
844 1035 872 1088 in
893 1035 990 1089 nostris
1008 1034 1082 1089 libris
1099 1035 1148 1091 bae
1166 1048 1241 1090 sunt:
1270 1039 1335 1096 Cod.

285 1121 379 1175 Duisb.
398 1122 478 1177 babet
496 1140 640 1175 consensus
655 1123 751 1193 popuii
770 1121 877 1188 iiber,
902 1124 1008 1175 etiam
1027 1123 1096 1176 iuris
1120 1134 1147 1176 et
1164 1126 1337 1197 aequitatis?

284 1209 395 1280 Legitur
411 1209 478 1262 iiber
495 1229 545 1280 pro
563 1209 641 1262 liberi
659 1209 738 1264 etiam
757 1210 785 1262 in
806 1208 894 1264 codd.
912 1207 973 1263 Crr.
988 1215 1013 1264 2.
1025 1214 1050 1266 3.
1070 1222 1096 1266 et
1112 1212 1228 1268 Dresdd.
1247 1217 1336 1270 omni-

284 1297 350 1361 bus,
378 1297 460 1368 idque
477 1308 515 1352 est
533 1299 560 1350 in
580 1297 649 1351 Edd.
673 1318 731 1368 pre.
756 1298 805 1351 Et.
825 1318 868 1371 ap.
892 1299 977 1352 Meus.
994 1300 1055 1353 Par.
1083 1320 1103 1354 s.
1123 1320 1145 1359 a,
1170 1303 1239 1356 Ven.
1258 1306 1336 1359 1491.

285 1388 364 1440 1514.
381 1386 441 1439 Par.
462 1389 540 1442 1501.
560 1385 755 1457 1512.t1dtbg.
780 1386 845 1458 Arg.
871 1385 949 1440 Grut.
975 1385 1062 1440 Gron.
1079 1386 1174 1441 Olivet.
1192 1400 1218 1444 et
1243 1391 1271 1444 in
1296 1391 1337 1446 bis

284 1472 411 1544 (exceptis
429 1473 515 1528 tribus
539 1473 693 1544 postremis)
709 1473 832 1545 sequitur
849 1485 888 1527 ut
906 1488 974 1529 esset
994 1477 1071 1529 iuris.
1114 1476 1219 1548 Reliqui
1238 1477 1336 1535 babent

285 1559 1066 1634 tiberi,itemqueEd.Lang.Ase.1520.Lugd.158ft.
1110 1563 1147 1616 Ex
1178 1564 1219 1620 bis
1245 1579 1334 1622 autem

285 1660 400 1720 pergunt
423 1649 455 1702 Η.
480 1648 568 1702 Wolf.
596 1648 710 1702 Aldinae
734 1660 801 1716 tres,
833 1648 905 1704 Crat.
924 1671 996 1704 oum
1022 1662 1091 1704 esset
1111 1652 1188 1706 iuris.
1233 1652 1283 1709 Ox.
1302 1655 1335 1710 E.

283 1735 383 1789 omittit
401 1747 470 1788 esset
489 1747 551 1790 ante
568 1737 645 1790 iuris.
694 1738 752 1789 Cra.
769 1740 795 1792 3.
813 1737 910 1792 omittit
927 1749 954 1789 et
977 1748 1038 1791 ante
1056 1739 1214 1811 aequitatis.
1251 1741 1335 1795 Brut-

283 1824 352 1877 ieius
369 1823 450 1878 scribi
470 1823 574 1878 volebat
590 1823 671 1889 iiber,
691 1835 717 1877 et
731 1824 822 1895 paullo
840 1835 902 1878 ants
922 1835 960 1878 ut
984 1836 1053 1878 esset
1072 1827 1172 1880 consui.
1209 1827 1334 1895 Quorum

283 1912 359 1984 prius
368 1931 424 1965 non
435 1912 518 1966 visum
530 1923 569 1966 est
579 1912 774 1983 recipiendum,
786 1913 917 1985 posterius
927 1913 994 1967 adeo
1004 1914 1263 1986 reprehendendum.
1274 1916 1304 1968 M
1313 1936 1334 1971 r.

355 2019 425 2072 quae
444 2000 554 2053 vincula
571 2011 635 2053 sunt
655 2001 799 2070 civitatis,]
818 2003 893 2069 „Pro
912 2000 1028 2056 Caecina
1046 2002 1091 2055 ius
1109 2003 1185 2056 civile
1195 2003 1259 2058 dixit
1274 2004 1334 2057 via·
1412 2003 1414 2006 ⁴

283 2087 346 2138 cu'io
365 2106 417 2139 non
435 2087 511 2141 modo
529 2088 704 2154 iudiciorum,
731 2089 880 2142 sedetiam
905 2092 977 2142 vitae
1004 2090 1195 2162 societatisque
1218 2110 1335 2145 commu-

283 2175 341 2227 nis:
362 2177 397 2243 [c.
416 2180 460 2243 25,
479 2177 535 2244 tu]
554 2176 627 2230 Atd.
645 2175 731 2230 Man.
776 2176 831 2229 Pro
851 2177 959 2228 vincula
977 2175 1025 2229 Ed.
1045 2174 1117 2230 Crat.
1135 2175 1162 2230 in
1183 2197 1266 2251 marg.
1286 2179 1333 2233 ba·

285 2262 329 2315 bet
347 2264 522 2318 adminicula.
558 2264 616 2317 Mr.
871 2334 874 2342 Ι

356 2370 424 2423 quoe
445 2353 637 2404 vinculorum
656 2354 744 2420 civit]
781 2353 835 2405 Pro
855 2350 962 2407 Cluent.
981 2371 1004 2407 e.
1019 2356 1063 2408 53.
1082 2353 1115 2405 de
1133 2353 1252 2425 iegibus,
1273 2357 1333 2405 Hoc

282 2440 366 2497 enim,
384 2440 489 2513 inquit,
509 2441 646 2492 vinculum
664 2451 704 2492 est
723 2441 806 2493 buius
825 2439 985 2510 diguitatis,
1012 2458 1067 2512 quo
1080 2440 1205 2511 fruimur
1226 2441 1256 2493 in
1272 2459 1333 2509 rep„

281 2527 332 2578 lior
347 2528 559 2597 fundamentum
578 2527 728 2591 libertatis,
757 2527 800 2579 bio
818 2528 887 2598 sons
913 2527 1071 2598 aequitatis.
1107 2529 1200 2593 Mens,
1225 2536 1252 2577 et
1272 2531 1334 2580 ani-

281 2632 356 2676 mus,
374 2624 401 2665 et
422 2614 577 2678 eonsilium,
604 2625 632 2665 et
658 2615 793 2680 sententia
812 2615 948 2677 civitatis,
971 2616 1062 2683 posito
1091 2623 1132 2666 est
1155 2613 1184 2664 in
1197 2612 1334 2685 vlegibusst‘

281 2701 355 2753 Fre.
381 2699 474 2771 Syiv.

355 2790 471 2857 repetito
498 2791 641 2857 memorio]
687 2789 752 2856 „stc
773 2791 841 2843 mei.
887 2789 960 2843 Alias
986 2792 1120 2858 recepta.“
1148 2787 1221 2841 Atd.
1247 2787 1334 2842 Mani

282 2877 320 2940 „i.
338 2894 360 2928 e.
379 2895 448 2946 quae
470 2877 497 2929 in
518 2877 680 2930 oblivionem
709 2877 845 2942 abierant,
873 2896 964 2930 rursus
987 2877 1015 2930 in
1042 2877 1199 2930 memoriam
1224 2897 1333 2931 revoca-

282 2963 394 3016 bantur:
412 2964 481 3017 ratio
499 2976 525 3019 et
543 2966 691 3019 observatio
710 2985 771 3020 cum
789 2966 853 3019 iuris
879 2962 935 3021 tum
961 2956 1117 3036 aequitatis
1154 2964 1225 3018 Haec
1250 2985 1334 3037 quum

282 3069 297 3102 a
317 3069 345 3103 se
363 3049 476 3105 invicem
500 3052 714 3124 distinguuntur,
743 3052 812 3107 banc
837 3054 888 3106 vim
914 3053 1025 3118 babent,
1052 3064 1081 3106 ut
1103 3054 1207 3106 iustum
1231 3054 1335 3108 dicatur

282 3138 325 3204 id,
345 3140 417 3211 qnod
437 3160 486 3211 per
504 3141 568 3196 latas
586 3141 657 3214 leges
675 3141 851 3212 praecipitur,
878 3143 1003 3212 aequitas
1021 3151 1125 3204 autem,
1149 3141 1221 3212 quod
1241 3160 1289 3212 per
1307 3162 1334 3195 se

282 3226 381 3281 iustum
406 3239 431 3281 et
456 3229 617 3282 conveniens
641 3240 692 3294 est,
721 3229 841 3299 quamvis
866 3227 969 3298 legibus
991 3247 1046 3281 non
1075 3229 1108 3281 sit
1135 3233 1334 3299 praeceptum.“

281 3314 527 3384 Wyttenbaob.
575 3314 616 3367 Ad
636 3315 714 3368 verba
739 3314 831 3370 iaudat
847 3315 930 3385 Borg.
955 3314 1011 3368 Cia.
1030 3315 1089 3368 Die.
1113 3315 1141 3365 in
1167 3312 1266 3367 Caecii.
1285 3319 1333 3371 21:

283 3404 362 3455 Haec
379 3404 511 3455 maiorum
529 3401 761 3464 consuetudo,
787 3401 867 3471 longo
892 3400 1036 3452 intervallo
1057 3399 1215 3467 repetita
1235 3417 1267 3450 ao
1291 3421 1334 3451 re-

281 3490 361 3551 lata,·
382 3489 414 3542 ad
434 3488 592 3544 sententiam
610 3487 706 3540 Veiiei.
723 3485 869 3549 Pateroll,
887 3490 916 3539 8:
936 3486 1024 3553 finito
1042 3513 1077 3524 -
1097 3483 1167 3534 belia
1184 3511 1220 3523 -
1233 3484 1332 3554 furora

282 3578 417 3631 restituto
436 3577 477 3629 vis
495 3575 613 3648 legibus,
639 3576 747 3629 iudiciis
765 3575 931 3637 auotoritas,
957 3573 1065 3624 senatui
1083 3570 1227 3636 maiestas,
1251 3571 1334 3639 impe-

283 3667 354 3718 rium
372 3666 585 3736 magistratuum
603 3665 642 3716 ad
656 3666 802 3734 pristinum
827 3663 966 3716 redactum
989 3659 1106 3724 modum,
1127 3658 1221 3728 prisea
1238 3657 1289 3709 itta
1307 3667 1334 3708 at

283 3754 400 3825 antiqua
419 3752 580 3822 reipublicae
592 3753 689 3825 furato
713 3764 849 3807 revocata.
893 3749 1010 3804 Ubinam
1035 3747 1118 3801 Aldus
1143 3765 1194 3818 pro
1218 3747 1334 3816 repetito

283 3840 410 3911 seriptum
429 3841 560 3895 invenerit
575 3853 696 3912 recepta,
720 3843 819 3898 nescio.
868 3840 941 3894 Libri
969 3849 1040 3893 certe
1058 3835 1156 3902 nostri,
1188 3834 1279 3906 scripti
1308 3847 1334 3888 et

283 3929 356 3996 editi,
377 3929 442 3983 nibil
461 3930 590 3985 eiusmodi
608 3931 715 3987 babent
740 3930 818 3986 Unus
836 3930 917 3987 Ouo.
937 3929 1017 3983 babet
1035 3946 1067 3979 re
1072 3925 1221 3996 pentina
1239 3943 1333 3976 mema-

283 4018 335 4072 ria.
372 4017 465 4072 Duisb.
482 4029 601 4089 repete
620 4038 638 4071 a
657 4021 782 4073 memoria
800 4038 833 4070 oo
851 4020 920 4071 vide.
956 4016 1016 4069 Mr.

356 4106 399 4157 Ae
417 4106 485 4163 eicie,
504 4125 586 4179 quam
603 4107 660 4160 ista
678 4136 711 4149 ·-
731 4107 952 4175 contempserim]
989 4105 1062 4168 „Ae,
1081 4102 1144 4154 duo.
1181 4101 1236 4162 Ad,
1254 4117 1333 4151 unus·

243 4224 247 4231 -
284 4189 357 4244 Alias
375 4201 411 4245 tu
430 4194 518 4249 vide.“
537 4193 611 4247 Atd.
629 4193 717 4249 Man.
753 4194 909 4250 Habentes
927 4191 1013 4250 Codd.
1032 4189 1097 4245 Oxx.
1116 4189 1150 4242 N.
1168 4186 1203 4240 U.
1221 4207 1248 4255 η.
1267 4202 1333 4246 σ-ψ.

284 4278 364 4333 Βηᾶ.
385 4283 410 4332 2.
429 4282 456 4335 3.
474 4285 500 4335 4.
521 4280 615 4335 Duisb.
633 4281 742 4338 suerin,
759 4283 899 4353 Leidenses
917 4281 985 4345 duo,
1005 4276 1073 4329 Edd.
1091 4274 1163 4328 Crat.
1181 4272 1252 4327 Vict.
1279 4270 1333 4325 Ca-

283 4384 350 4419 mer.
369 4366 438 4420 ttob.
458 4367 549 4440 steph.
568 4369 661 4424 bamb.
681 4370 778 4425 Goion.
798 4370 884 4425 Gran.
902 4367 984 4420 Verb.
998 4362 1070 4418 oliv.
1082 4359 1331 4433 Ermsabtussorg.

282 4453 369 4509 Tbnr.
395 4453 445 4509 Or.
465 4456 547 4508 Vides
566 4456 695 4510 maiorem
719 4458 852 4511 librorum
881 4465 983 4527 partem
1009 4449 1106 4503 babere
1131 4458 1170 4500 ot.
1211 4447 1294 4519 idque
1312 4449 1332 4501 si

980 4539 1048 4612 12*
