3450 5342
383 664 457 739 308
708 681 881 733 rtrtnoxt
910 681 1105 732 srotconurr.

382 853 500 906 risoturn.
537 846 663 902 Ceterum
690 847 722 899 de
741 845 828 900 Crassi
852 845 981 899 reditibus
1004 844 1115 898 consule
1141 844 1285 899 Budaeum
1314 847 1343 899 iu
1370 854 1384 900 ²
1410 849 1436 902 de

382 939 447 992 Asse
473 938 511 1008 [p.
531 940 591 992 232.
619 936 645 988 in
664 934 737 989 Scrr.
765 932 801 985 rei
822 933 967 987 Numariae
985 932 1026 986 ed.
1048 933 1079 986 A.
1097 932 1320 1006 Rcchenberg.]“
1351 939 1435 1007 Xyst.

382 1024 491 1079 Betui.
535 1024 636 1077 Probat
655 1022 737 1092 Borg.
766 1021 940 1092 scriptionem
966 1039 1093 1074 sacena:
1119 1021 1206 1076 soient
1232 1023 1324 1089 enim,
1349 1025 1435 1097 inquit,

384 1114 488 1168 numeri
507 1111 655 1166 cardinales
674 1122 699 1164 et
717 1110 875 1163 distributivi
896 1111 923 1162 in
944 1108 1023 1164 MSS.
1044 1108 1184 1163 confundi.
1224 1110 1292 1165 Vid.
1311 1110 1391 1166 Drair.
1407 1113 1434 1165 ad

384 1204 437 1256 [ἰν.
457 1201 564 1267 XXXII,
585 1202 648 1254 tw
685 1197 851 1252 Forceliinus
869 1198 896 1250 in
916 1197 976 1250 ber.
993 1197 1026 1249 Τ.
1047 1195 1093 1249 iV.
1114 1217 1140 1268 p.
1160 1200 1223 1251 tot.
1245 1216 1271 1250 a.
1291 1198 1333 1250 ed.
1352 1197 1433 1253 Germ.

382 1291 508 1344 sestertio
526 1288 552 1344 h.
571 1287 599 1353 i.,
617 1287 690 1360 quod
710 1286 806 1357 passim
826 1303 840 1337 a
862 1284 946 1356 poetis
965 1285 1067 1338 dictum
1087 1284 1119 1338 sit
1137 1286 1215 1339 metri
1236 1286 1324 1357 gratia
1344 1307 1391 1358 pro
1399 1307 1433 1340 se-

383 1377 524 1443 stertium,
543 1375 659 1446 positum
678 1374 757 1427 etiam
776 1392 830 1426 esse
848 1392 862 1425 a
883 1372 1030 1438 Cicerone,
1058 1372 1108 1425 nisi
1131 1373 1202 1426 forte
1222 1392 1276 1444 pro
1302 1393 1367 1428 voce
1388 1373 1431 1426 HS.

384 1465 510 1535 posuerit.
546 1462 688 1533 Zumptius
704 1462 731 1514 in
751 1460 873 1515 Gramm.
892 1460 947 1514 Lat.
966 1461 989 1528 5.
1008 1463 1072 1515 813.
1099 1480 1126 1530 p.
1144 1462 1206 1514 130.
1235 1459 1288 1513 Ed.
1305 1464 1331 1515 0.
1371 1457 1447 1526 dicit*

385 1551 538 1605 Genitirum
558 1549 630 1602 mille
653 1547 817 1613 sestertium,
845 1568 895 1620 pro
921 1549 1106 1600 sestertiorum
1130 1548 1196 1618 (pro
1220 1548 1296 1601 miile
1324 1549 1430 1615 sestertii)

387 1648 558 1710 usurpatum,
584 1655 691 1690 causam
710 1636 804 1701 fuisse,
833 1648 862 1689 ut
888 1655 979 1690 errore
1001 1636 1118 1708 quodam
1144 1636 1328 1706 grammatico
1345 1647 1428 1690 sester-

386 1727 455 1777 tium
473 1724 665 1778 existimaretur
690 1743 745 1776 esse
764 1741 864 1775 nomen
891 1722 996 1793 generis
1021 1734 1108 1776 neutr.
1136 1734 1222 1795 utque
1251 1745 1277 1779 v.
1296 1744 1321 1779 c.
1339 1725 1426 1777 dicere-

386 1824 430 1866 tur
454 1823 580 1865 sexcenta
599 1813 726 1864 sestertio
745 1832 795 1882 pro
823 1821 951 1863 sexcenta
978 1810 1064 1862 millia
1088 1807 1263 1864 sestertium:
1289 1813 1368 1884 idque
1383 1831 1426 1864 non

386 1901 541 1972 frequenter
566 1899 675 1969 quidem
703 1901 811 1953 sactum
837 1918 969 1971 apparere
996 1899 1068 1970 apud
1093 1898 1275 1966 Ciceronem,
1303 1901 1425 1971 aliquoties

388 1998 490 2053 tameo,
509 1988 582 2039 utin
604 1988 680 2039 Verr.
698 1988 723 2053 3,
743 1992 786 2040 50.
804 1987 901 2040 Parad.
921 1990 945 2040 tt.
968 2014 1001 2026 ·-
1030 1987 1070 2038 W
1077 1997 1137 2057 ytt.
1165 1987 1289 2060 denique
1307 1989 1335 2041 in
1348 1987 1424 2043 scholis

386 2076 464 2131 haec:
498 2079 647 2140 „Sescenta
666 2103 701 2114 -
727 2086 838 2129 centena
858 2103 893 2115 -·
921 2079 1037 2128 (lentem
1062 2075 1080 2128 i.
1099 2095 1121 2128 e.
1148 2079 1299 2149 quotannis
1323 2091 1424 2133 centum:

386 2167 421 2218 its
441 2162 512 2216 enim
531 2161 595 2216 haec
613 2163 755 2216 differunt:
774 2163 864 2216 Veluti
882 2182 944 2218 curn
965 2163 1078 2218 dicimus
1095 2165 1129 2217 de
1147 2176 1271 2236 quatuor
1284 2165 1424 2223 hominibus.

387 2270 432 2305 eos
450 2251 581 2320 accepisse
600 2263 726 2305 centenos
751 2251 900 2317 sestertios,
925 2251 1102 2322 significatur,
1129 2270 1356 2325 unumquemque
1374 2270 1423 2305 cen·

387 2350 443 2391 turn
463 2338 605 2408 accepisse:
622 2350 649 2392 at
667 2339 688 2391 si
706 2339 785 2404 dicas,
805 2337 852 2391 hos
872 2349 989 2410 quatuor
1001 2334 1111 2393 centum
1125 2339 1273 2410 accepisse,
1293 2340 1344 2394 hoc
1358 2349 1423 2400 notet,

387 2445 433 2481 eos
449 2424 527 2479 simul
544 2444 600 2478 non
622 2426 682 2497 pius
700 2447 780 2499 quam
801 2439 907 2480 centum
935 2427 1077 2498 accepisse.
1125 2425 1220 2499 ltaque
1241 2427 1340 2482 Cicero
1359 2435 1423 2485 notat,

387 2532 415 2567 se
433 2512 577 2586 quotannis
594 2525 702 2567 centnm
721 2515 836 2568 sestertia
857 2514 1023 2584 accepisses
1047 2514 1101 2567 suis
1118 2515 1249 2586 praediis:
1277 2516 1323 2569 sed
1347 2511 1422 2567 deinde

388 2603 466 2657 etiam
484 2601 613 2654 sententia
633 2603 798 2674 postulabat,
817 2614 847 2656 ut
865 2603 898 2656 de
915 2603 1026 2670 ditiore,
1050 2601 1097 2674 qui
1115 2602 1197 2655 sexies
1220 2604 1352 2656 maiorem
1370 2598 1423 2653 redi·

389 2702 444 2743 tum
463 2689 587 2757 haberet,
611 2690 723 2756 diceret,
744 2709 805 2743 eum
825 2701 984 2744 sexcentena
1003 2693 1138 2762 accipere,
1163 2689 1239 2743 unde
1259 2689 1360 2743 librarii
1377 2705 1422 2740 sex·

389 2784 467 2830 centa
488 2778 579 2831 fecisse
597 2777 734 2843 ridentur,
754 2797 805 2831 nec
823 2778 880 2832 sinc
900 2778 1003 2830 ratione
1021 2777 1189 2830 Facciolatus
1215 2777 1246 2829 in
1265 2777 1326 2830 Lex.
1338 2772 1422 2828 Latinit.
1458 2807 1460 2811 ψ

388 2886 410 2918 v.
429 2865 570 2919 Sestertius
587 2866 736 2935 suspicatur
754 2884 809 2917 esse
826 2863 900 2918 hunc
919 2864 1057 2918 Ciceronis
1077 2863 1167 2917 iocum
1186 2874 1356 2935 corruptum.
1389 2858 1422 2911 Ci-

388 2953 493 3005 ceronis
508 2951 608 3002 reditus
626 2961 683 3002 erat
708 2953 814 3003 145000
840 2950 1021 3016 florenorum,
1049 2949 1137 3005 Crassi
1162 2970 1227 3004 sero
1249 2952 1384 3006 040000.ιι
1399 2975 1420 2987 -

387 3037 418 3088 ln
437 3057 459 3086 v.
479 3046 604 3087 sexcenta
622 3055 678 3088 nou
697 3036 799 3090 variant
817 3037 877 3090 iibri
898 3039 995 3103 nostri,
1017 3056 1068 3110 ego
1093 3049 1199 3106 tamen,
1226 3057 1387 3112 quamquam
1403 3035 1421 3086 it

388 3122 515 3177 contextis
532 3135 670 3176 servarunt
688 3143 745 3176 eam
765 3127 938 3197 scriptionem
958 3126 1057 3180 Gernh.
1077 3139 1103 3180 et
1121 3126 1252 3194 Orellius,
1271 3144 1379 3180 sexcena
1391 3142 1422 3175 er·

388 3208 479 3262 bibere
498 3229 553 3263 non
572 3210 697 3265 dubitavi.
735 3212 788 3265 Pro
806 3216 933 3266 sestertia
951 3224 989 3266 est
1006 3214 1139 3266 sestertia
1157 3215 1186 3266 in
1206 3212 1297 3268 Codd.
1316 3211 1421 3268 cecat

388 3296 466 3349 Drsd.
484 3300 525 3363 i.;
553 3297 581 3350 in
601 3296 681 3353 Drsd.
700 3304 726 3353 4.
753 3313 879 3352 sexcenta
905 3302 1021 3353 mittio
1044 3302 1228 3368 sextario,
1259 3302 1290 3354 in
1317 3298 1422 3353 Dresia

387 3394 513 3437 sexcenta
530 3396 608 3437 sext
619 3389 705 3441 aria.
743 3387 815 3441 Gud.
835 3389 866 3441 Α.
883 3408 931 3461 ego
948 3407 982 3440 ex
1001 3389 1065 3462 ineis
1083 3400 1204 3443 centena.
1242 3390 1302 3443 Mr.

456 3472 499 3523 itti
514 3485 617 3526 aurata
636 3486 710 3526 tecta
728 3478 757 3526 in
776 3477 859 3544 vittis]
898 3476 965 3530 cod.
986 3477 1064 3530 Drsd.
1083 3482 1109 3531 t.
1135 3488 1162 3530 et
1186 3476 1297 3532 Suerin.
1325 3475 1371 3528 itte
1386 3489 1422 3544 pro

386 3560 444 3621 itti,
470 3556 521 3612 Or.
541 3558 575 3612 U.
600 3579 686 3612 aurea
705 3582 756 3633 pro
781 3575 903 3625 cursim·
932 3564 981 3618 Or.
1000 3564 1031 3618 N.
1056 3565 1110 3616 vis!
1134 3564 1200 3633 (sic)
1224 3584 1278 3636 pro
1306 3564 1383 3617 vittis.
1400 3585 1422 3600 ··

388 3647 477 3698 Verba
496 3648 524 3696 in
543 3648 616 3699 vittis
634 3650 730 3702 absunt
748 3651 781 3702 ab
801 3671 857 3704 uno
876 3651 964 3704 Aidi.
1008 3652 1120 3705 Videtur
1134 3651 1229 3722 legisse
1249 3652 1311 3707 Frc.
1323 3649 1388 3722 Syts.
1404 3647 1425 3696 1'11

386 3731 459 3787 illies
480 3730 559 3784 habet
579 3735 651 3785 enim
669 3735 829 3789 hociemma
848 3741 881 3791 sd
900 3739 973 3794 hunc
993 3741 1082 3793 iocum
1101 3751 1128 3792 et
1146 3740 1279 3810 explicate
1297 3739 1343 3806 „in
1360 3753 1425 3807 pne·

387 3815 463 3868 diis.“
510 3817 551 3868 De
576 3818 761 3874 Romanorum
780 3824 882 3878 insania
911 3829 939 3880 in
969 3827 1034 3881 vittis
1058 3826 1232 3881 aedificandis
1252 3825 1424 3892 tandatssorg·

387 3903 544 3955 Abramium
563 3906 596 3957 ad
616 3907 671 3960 Cic.
690 3929 740 3980 pro
758 3910 854 3966 tttiton.
874 3920 916 3968 20.
959 3917 1087 3969 Universe
1109 3915 1142 3968 de
1167 3914 1232 3969 insu
1257 3917 1424 3970 Romanorum

387 3990 436 4043 vid.
456 4011 524 4062 quae
549 3997 681 4066 congessit
706 3997 897 4056 tolumnius
920 4006 948 4056 in
978 4004 1062 4071 tibro,
1088 4022 1171 4074 quem
1196 4003 1332 4074 inscripsit
1355 4001 1424 4053 Roma

386 4076 540 4130 Luxurians.
560 4080 639 4134 Hasn.
659 4086 737 4139 1631.
755 4092 781 4141 4.
800 4119 834 4130 -
861 4093 925 4142 Sola
945 4090 1057 4162 explicat
1076 4089 1138 4143 Frc.
1150 4089 1224 4160 Sylv.
1242 4086 1423 4160 „pavirnenta.¹‘

387 4163 416 4215 in
435 4162 520 4217 Codd.
540 4168 634 4222 Duisb.
651 4170 722 4225 Gud.
736 4173 766 4228 Β.
785 4175 844 4228 Bas.
862 4189 899 4230 est
918 4181 977 4229 sola
994 4197 1140 4237 marmores
1161 4178 1188 4230 in
1205 4177 1302 4231 Cum.
1323 4175 1423 4230 etOsm

385 4252 455 4303 ⁸⁰1⁰
473 4271 630 4322 marmore,
650 4258 699 4311 Or.
720 4260 750 4313 E.
770 4261 789 4315 i.
808 4284 834 4332 η.
853 4268 908 4317 sol
915 4269 995 4317 aria
1010 4283 1158 4318 marmorea
1178 4284 1243 4318 cum
1263 4265 1344 4318 Bern.
1362 4256 1423 4314 Drsti-

387 4338 411 4387 1·
430 4341 470 4400 &3
489 4339 516 4390 i¹¹
535 4339 584 4395 0¹.
606 4343 637 4396 Ν.
655 4357 680 4399 et
699 4347 779 4401 Drsd.
797 4355 824 4404 4.
844 4353 937 4404 solia
956 4370 1098 4416 marmore;
1125 4350 1176 4403 Or.
1197 4369 1228 4413 ψ.
1247 4352 1329 4404 Drsd.
1347 4355 1369 4402 2.
1390 4362 1421 4396 ⁸0·

385 4421 477 4474 lario
496 4445 645 4482 marmore.
692 4433 738 4487 Est
762 4437 842 4490 etiam
865 4440 923 4490 sola
943 4457 1086 4491 marmore
1111 4438 1139 4491 iu
1158 4436 1208 4491 Ed.
1236 4456 1310 4508 prc.;
1340 4438 1365 4488 in
1386 4426 1421 4480 Ed·
