3450 5342
587 683 801 733 ‘runtooxou
825 685 855 730 v.
883 684 952 731 cur.
970 684 1004 730 11.
1255 658 1330 733 249

281 849 345 903 nibil
365 849 524 903 curandum.
566 847 697 900 scribitur
715 855 804 898 autem
824 844 953 923 mallatus
971 843 1010 897 rel
1032 842 1147 896 malalee
1172 843 1200 895 in
1221 843 1330 899 Codici-

280 938 331 990 bus
350 936 457 1007 quidem
475 936 630 1006 perpaucis,
659 953 709 988 nec
727 933 759 986 iis
777 932 886 1004 optimis
905 929 978 1002 (Cre.
996 934 1021 986 3.
1048 930 1130 984 Drsd.
1149 929 1203 999 2.),
1232 933 1276 984 sed
1303 935 1330 987 in

279 1022 349 1075 Edd.
368 1034 427 1077 vett.
446 1022 567 1094 plurimis
584 1023 668 1094 iisque
687 1021 804 1093 optimae
823 1020 958 1091 plerisque
972 1029 1063 1072 notae:
1082 1019 1240 1072 ventose.
1252 1021 1332 1073 1514.

270 1111 342 1164 Par.
361 1130 382 1164 s.
401 1131 425 1164 a.
441 1111 521 1164 Hdlb.
540 1110 599 1164 Asc.
618 1112 698 1164 1511.
719 1108 791 1162 Crat.
810 1108 881 1162 Vict.
898 1107 987 1160 Herw.
1007 1108 1112 1159 Camer.
1137 1106 1231 1176 Magn.
1258 1104 1332 1158 Man.
1426 1125 1431 1136 ·

280 1198 367 1269 Lugd.
378 1199 447 1252 Rob.
457 1198 549 1270 Stepb.
558 1197 634 1251 Boul.
647 1197 750 1250 Aldinis
764 1196 856 1262 tribus,
876 1195 978 1248 Sturm.
987 1193 1061 1265 syth.
1072 1193 1142 1246 Aud.
1154 1192 1178 1244 T
1179 1191 1212 1245 nl.
1223 1192 1333 1244 Lambb.

280 1284 362 1339 Goth.
386 1286 468 1358 idque
491 1287 607 1358 praefert
634 1284 797 1339 Garatonius
820 1283 853 1336 ad
881 1282 937 1336 Cic.
959 1283 987 1335 in
1014 1282 1067 1335 Pis.
1086 1284 1129 1335 35.
1152 1300 1178 1351 p.
1195 1277 1257 1335 412.
1273 1279 1335 1332 satis
1437 1280 1440 1285 ⁴

280 1393 409 1445 magnum
419 1375 542 1428 locorum
552 1393 694 1427 numerum
705 1374 821 1426 afferens
830 1372 863 1425 ad
875 1370 1046 1443 probandum
1055 1368 1193 1424 Ciceronis
1204 1370 1334 1426 aliorum-

282 1481 334 1534 que
352 1483 445 1530 usum‚
464 1482 520 1534 quo
539 1462 593 1516 duo
611 1461 783 1526 deminutiva,
801 1459 969 1517 Adiectirum
991 1476 1053 1530 cum
1067 1457 1245 1527 Substantiro,
1263 1458 1333 1511 iuxta

282 1556 434 1618 ponuntur:
454 1547 547 1619 (quale
567 1558 606 1601 est
623 1547 689 1599 illud
709 1546 792 1600 Acad.
811 1551 836 1610 2,
855 1549 900 1599 44.
918 1545 1046 1597 aureolas
1065 1544 1183 1609 libellas,
1201 1545 1235 1598 de
1252 1544 1285 1600 N.
1298 1544 1333 1597 D.

280 1638 307 1700 3,
326 1640 370 1690 17.
390 1637 504 1688 aureola
523 1634 698 1687 oratiuncula
707 1655 717 1694 ‚·
742 1634 802 1688 add.
820 1634 911 1687 Daris.
929 1633 964 1686 ad
981 1631 1049 1686 Hirt.
1068 1631 1102 1687 de
1120 1632 1196 1685 Bello
1211 1631 1270 1686 Alr.
1289 1637 1332 1686 27.

280 1741 307 1790 p.
329 1725 391 1776 633.
410 1722 452 1774 ed.
479 1721 650 1791 Cantabrig.;
678 1721 855 1793 Oudendorp.
881 1722 914 1774 ad
935 1721 1016 1776 eund.
1034 1720 1087 1773 loc.
1111 1739 1138 1790 p.
1155 1724 1206 1774 sta
1227 1739 1267 1789 sq.
1292 1723 1333 1774 ed.

279 1809 366 1879 Lugd.
391 1808 448 1862 Bat.
476 1807 533 1861 Cic.
558 1808 655 1861 Tusce.
672 1807 718 1873 HI,
737 1812 762 1861 1.
790 1809 921 1878 parvulas
937 1838 971 1847 —
989 1808 1151 1879 igniculoss)
1180 1807 1334 1878 praesertim

279 1897 362 1950 etiam
380 1897 407 1948 in
420 1906 579 1965 contemptu
597 1895 772 1966 significando
784 1907 809 1949 et
824 1896 955 1950 irrisione.
992 1895 1103 1949 Accedit
1121 1894 1208 1958 etiam,
1227 1905 1256 1949 ut
1273 1895 1335 1965 legi,

280 1985 437 2057 nescioquo
449 1984 521 2050 loco,
534 1994 643 2036 moneat
652 1983 773 2048 lacobus,
782 1983 897 2036 Scbolae
905 1984 1041 2037 Portensis
1049 1982 1155 2048 Hector,
1166 1983 1286 2053 aliusque
1297 1983 1336 2035 vir

280 2071 388 2136 doctus,
408 2071 485 2123 nobis
503 2070 692 2134 amicissimus,
712 2070 758 2142 qui
777 2072 954 2141 probaturum
973 2091 999 2124 se
1018 2071 1081 2124 dixit
1100 2070 1241 2137 multatos,
1261 2082 1290 2124 ut
1304 2071 1346 2141 ⁸³².

280 2177 381 2210 nomen
400 2156 500 2210 amoris
517 2158 573 2209 eius
590 2157 643 2222 rei,
666 2177 748 2227 quam
762 2156 873 2211 baberet
891 2158 944 2212 sire
962 2157 1089 2212 Lucullus
1106 2158 1158 2212 sire
1179 2156 1335 2212 Hortensius

281 2247 310 2298 in
329 2245 445 2312 deliciis,
464 2246 484 2297 si
505 2245 640 2298 bonorum
660 2246 791 2299 Codicum
811 2246 951 2299 accederet
967 2245 1118 2300 auctoritas.
1160 2245 1214 2299 Sed
1239 2245 1335 2297 inultos

282 2333 322 2385 vel
341 2334 426 2386 malos
445 2332 543 2386 babent
562 2332 659 2403 reliqui
678 2351 787 2396 omnes;
806 2351 869 2384 nam
888 2332 961 2404 quod
982 2343 1020 2386 est
1039 2332 1150 2384 maltam
1167 2331 1196 2384 in
1209 2331 1335 2398 Dima,

282 2421 383 2472 multas
401 2421 428 2472 in
456 2421 534 2473 Drsd.
552 2425 578 2474 5.
603 2432 629 2474 et
647 2419 696 2474 Ed.
727 2423 788 2474 Par.
807 2424 886 2475 1512.
913 2432 939 2473 et
957 2419 1039 2486 Dan,
1069 2420 1158 2472 nullos
1182 2420 1211 2472 in
1229 2418 1334 2484 Onu,

281 2508 407 2559 munuloe
425 2527 439 2559 a
460 2514 484 2561 2.
499 2527 534 2561 m.
554 2508 581 2559 in
601 2506 661 2560 Cra.
678 2511 718 2574 1.,
737 2519 764 2559 et
782 2509 879 2560 mullas
905 2509 933 2561 iu
953 2507 1023 2560 Gud.
1043 2506 1074 2560 A.
1093 2519 1119 2561 et
1144 2506 1225 2558 Drsd.
1247 2509 1273 2560 1.
1293 2507 1337 2558 ni-

280 2594 318 2647 hil
339 2594 458 2664 impedit.
508 2594 614 2647 Habent
640 2605 729 2648 autem
754 2595 851 2648 mullos
874 2597 936 2649 inde
962 2615 976 2648 a
1002 2594 1120 2648 Grutero
1141 2613 1247 2659 omnes,
1272 2604 1334 2645 ante

244 2722 246 2727 .
280 2682 430 2734 Gruterum
449 2679 499 2733 Ed.
518 2700 574 2752 prc.
593 2684 672 2735 1165.
692 2680 777 2737 Suttr.
796 2683 868 2736 Petr.
887 2684 950 2754 Arg.
962 2683 994 2737 H.
1008 2682 1096 2736 Wolf.
1107 2682 1203 2736 Colon.
1219 2692 1245 2735 et
1256 2682 1334 2733 Lam-

281 2768 390 2823 biniaua
411 2785 470 2820 vera
488 2786 513 2821 a.
533 2772 612 2823 1566.
648 2769 729 2837 Quod
751 2770 824 2822 euim
842 2771 879 2825 ait
893 2790 948 2824 esse
962 2772 991 2824 in
1007 2771 1182 2825 Lambiuiana
1202 2771 1337 2834 mallulos,

280 2857 308 2909 id
328 2856 361 2909 de
381 2854 699 2909 Pseudo-Lambiniauis
716 2855 791 2922 valet,
811 2857 844 2910 de
862 2877 923 2911 vera
943 2876 996 2912 non
1016 2859 1088 2913 item.
1127 2857 1240 2911 Codices
1258 2859 1337 2908 etiam

281 2941 379 2996 Orellii
398 2959 459 2994 cum
478 2941 589 3012 reliquis
607 2942 703 2995 nostris
716 2944 814 2996 mullos
831 2956 950 3013 tuentur,
968 2945 1059 3016 ibique
1078 2943 1128 2998 Or.
1144 2955 1249 2997 monet:
1269 2942 1336 3009 „Ni-

282 3029 334 3082 mis
351 3028 408 3082 lere
425 3028 536 3082 ridicule
555 3028 609 3083 boc
627 3030 735 3100 quidem
754 3031 815 3086 loco
835 3034 890 3086 duo
910 3033 1087 3104 iungerentur
1107 3032 1284 3085 deminutira:
1312 3042 1338 3083 et

282 3117 398 3188 grandes
422 3114 511 3187 potius
538 3117 651 3184 mullos,
682 3137 822 3173 muraenas
849 3120 986 3191 piscinarii
1018 3120 1059 3174 isti
1089 3120 1282 3191 quaerebant.“
1302 3146 1335 3156 -

282 3203 361 3257 Unus
379 3201 446 3256 Cod.
464 3204 558 3258 Duisb.
575 3206 617 3272 (in
636 3222 691 3275 quo
710 3205 833 3259 dartalos
850 3208 980 3277 scriptum
999 3219 1038 3262 est
1063 3209 1090 3260 in
1110 3209 1238 3262 contextis
1261 3218 1287 3261 et
1307 3207 1334 3259 in

282 3292 418 3363 margine)
429 3292 498 3344 banc
515 3289 595 3344 babet
613 3291 830 3344 annotationem:
849 3294 945 3364 „piscis
963 3294 1052 3347 mollis
1069 3305 1095 3348 et
1113 3295 1274 3347 tenerrimus
1292 3313 1336 3346 er·

281 3381 368 3435 citans
398 3378 537 3431 libidinem
562 3378 791 3433 comedentibus.“
815 3379 876 3433 Mr.
930 3377 1054 3452 [„Germ.
1080 3379 1192 3444 Barme,
1221 3379 1336 3433 Barbe.“

280 3469 376 3538 Xyst.
395 3464 518 3531 Betui]

355 3561 540 3619 exceptantem
558 3551 590 3602 de
605 3551 725 3620 piscina]
763 3551 844 3616 „Non
872 3571 968 3624 corpo:
997 3553 1043 3606 sed
1068 3562 1157 3606 tamen
1184 3549 1337 3605 communi-

282 3641 370 3696 canda
386 3639 487 3691 ridetur
506 3656 568 3692 cnm
587 3637 696 3709 publico
721 3641 852 3711 scriptura
871 3641 928 3694 Pal.
946 3660 998 3694 sec.
1017 3659 1086 3712 quae
1105 3640 1283 3690 excitantem:
1309 3648 1338 3691 ut

284 3731 380 3781 innuat
400 3724 498 3781 mullos
518 3727 581 3781 istos
605 3727 638 3780 ad
657 3727 759 3781 domini
788 3747 881 3783 rocem
900 3729 971 3783 ultro
996 3728 1133 3782 accessisse
1151 3727 1184 3781 ad
1204 3726 1260 3780 eius
1279 3745 1337 3778 ma·

284 3817 380 3869 num.“
401 3811 582 3869 Gruterus.
599 3843 635 3854 -
677 3816 833 3870 Lectionem
858 3819 1035 3882 excitantem,
1062 3835 1131 3888 quae
1155 3827 1194 3871 est
1217 3819 1245 3869 in
1271 3813 1337 3869 Cod.

283 3902 341 3956 Pal.
357 3921 426 3969 sec,
451 3900 626 3957 Gernbardus
644 3923 786 3975 perperam
805 3906 898 3960 tribuit
923 3904 1018 3959 Codici
1042 3904 1153 3968 Duisb.;
1179 3913 1337 3972 exspectan-

284 4002 339 4042 tem
363 3999 401 4042 est
424 3990 453 4041 in
483 3990 564 4042 Drsd.
583 3993 609 4044 1.
635 3990 686 4044 Ox.
705 3993 748 4058 E„
776 3996 940 4047 excitantem
966 3994 994 4046 in
1018 3991 1100 4044 Drsd.
1119 3995 1145 4044 2.
1191 3989 1280 4042 Verba
1306 3990 1337 4040 de

280 4079 389 4146 piscina
407 4088 468 4131 ante
487 4078 658 4149 participium
674 4080 759 4151 posita
778 4082 887 4134 suntin
906 4081 973 4134 Cod.
993 4078 1052 4133 Cre.
1071 4083 1115 4143 2.,
1139 4096 1190 4148 pro
1208 4077 1239 4129 iis
1257 4075 1335 4129 babet

284 4162 422 4234 egregiam
439 4163 539 4218 scilicet
566 4167 762 4221 correctionem
788 4169 930 4238 disciplina
958 4168 1026 4222 cod.
1045 4166 1126 4222 Drsd.
1143 4170 1184 4229 t.;
1212 4164 1288 4217 rerba
1309 4174 1336 4214 et

281 4260 496 4320 pertractantem
514 4253 669 4307 exciderunt
685 4255 713 4308 in
733 4256 817 4309 Codd.
836 4256 887 4310 Ox.
908 4257 941 4310 N.
959 4254 1031 4308 Gud.
1048 4254 1081 4307 A.
1100 4251 1159 4306 Cre.
1183 4256 1206 4303 2.
1226 4254 1267 4315 1ιὸ
1286 4271 1335 4323 11ΐο

284 4339 315 4391 iis
335 4338 364 4391 iu
382 4338 477 4393 Duisb.
495 4352 534 4394 est
552 4353 746 4411 asportantem.
786 4345 835 4398 Ed.
853 4345 886 4396 H.
902 4351 1118 4413 pertractantem.
1163 4339 1337 4405 Facciolatus,

284 4445 451 4496 quamquam
470 4427 542 4482 dedit
559 4439 742 4515 exceptantem
760 4431 807 4499 (de
817 4431 954 4501 piscina),
983 4440 1071 4482 tamen
1092 4427 1216 4498 probasse
1236 4426 1338 4481 ridetur
