3450 5342
353 687 390 732 XL
512 683 750 732 ruutuuottus's
778 683 819 728 tu
848 684 1015 730 ercunuuts
1043 684 1229 731 ratttuoxs.

350 844 537 916 ponendorum
566 841 821 913 probandorumque
847 842 922 911 quasi
948 842 1100 913 specimini:
1132 844 1177 896 sed
1205 848 1333 915 proxime
1359 872 1404 917 eas,

350 918 488 987 plerasque
508 926 579 968 certe
597 916 629 967 ad
651 932 754 979 reram,
780 931 859 982 quani
887 912 983 966 Cicero
1008 914 1151 984 delegerit,
1178 915 1298 972 sormam
1332 941 1404 976 acce·

349 990 411 1039 dere
430 986 556 1039 existimo.
592 986 670 1053 Quae
690 1003 750 1036 sero
770 995 808 1036 est
826 985 949 1051 varietas,
977 1004 1006 1036 ea
1028 986 1092 1036 mihi
1116 984 1179 1038 iude
1204 1000 1264 1043 orta
1295 992 1403 1057 videtur,

348 1058 421 1131 quod
449 1070 534 1110 esseut
557 1058 604 1109 riri
630 1054 716 1120 docti,
742 1054 787 1124 qui
814 1055 927 1119 scirent,
957 1057 1165 1127 uniuscuiusque
1191 1058 1248 1111 scre
1275 1062 1403 1117 Paradoxi

348 1130 504 1182 seutentiam
526 1126 575 1180 alii
605 1128 637 1180 ab
665 1126 722 1178 aliis
741 1121 826 1176 formai
848 1125 971 1178 exhiberi.
1014 1126 1059 1179 Sic
1078 1147 1157 1198 supra
1177 1128 1204 1180 in
1227 1139 1402 1189 annotatione

347 1200 475 1255 i'aradoai
487 1200 556 1252 tertii
574 1198 729 1252 sententiam
746 1196 823 1266 piune
832 1195 891 1248 aiiis
902 1197 971 1249 rides
981 1215 1036 1250 esse
1052 1203 1195 1269 expositam
1206 1204 1303 1270 verbis,
1345 1228 1400 1260 uam

347 1274 446 1343 quibus
464 1282 502 1323 est
521 1270 623 1340 prodita
642 1270 670 1322 in
692 1267 781 1319 tibetto
801 1278 901 1321 nostru.
938 1268 1082 1334 Simiiiter,
1106 1272 1178 1340 quod
1201 1284 1240 1325 est
1265 1228 1341 1344 apud
1360 1280 1401 1330 Ci-

347 1361 473 1397 ceronem
499 1342 624 1405 tertium,
652 1341 785 1410 reperitur
809 1338 913 1391 Graece
937 1339 1037 1392 dictum
1065 1341 1136 1410 apud
1163 1341 1345 1399 Plutarchum
1372 1351 1400 1400 de

347 1414 502 1467 Stoicorum
522 1410 646 1481 Repugn.
664 1408 729 1481 μηιε
748 1406 843 1479 dirersis
861 1406 955 1475 α’ρττῆς
975 1406 1146 1480 ὑπερέχουσαν
1164 1407 1238 1478 εἶναι,
1257 1415 1326 1483 urias
1341 1441 1398 1470 και-

348 1483 463 1552 ἇρθωσιν
492 1481 696 1552 κατορθώσεως,
723 1481 784 1532 aiibi
810 1484 893 1549 μηδὲν
921 1479 1024 1546 dyadis
1047 1481 1157 1549 μηδαδς
1181 1481 1292 1547 αἠαθοῦ
1319 1490 1399 1567 μοῑζοη

348 1551 535 1624 diductos).
577 1555 692 1605 Secundi
718 1553 804 1604 forma
836 1551 885 1603 alia
912 1563 964 1604 est:
997 1549 1043 1604 'cdv
1067 1550 1145 1614 οοσδν
1175 1551 1299 1627 αὐτάρκη
1324 1556 1397 1612 sirus:

347 1628 433 1678 sexti:
460 1620 569 1685 ὅσοφδς
589 1620 619 1674 od
636 1619 757 1679 uictimae
777 1618 843 1672 ‹Ittd
862 1619 1045 1687 παμπλοατος,
1075 1635 1101 1677 et
1126 1630 1178 1675 τῶν
1202 1635 1290 1687 noodr
1315 1632 1395 1683 πάντα

346 1693 422 1749 οἴνοις
442 1696 547 1768 quinti:
565 1692 642 1756 μα’νοο
654 1691 730 1755 conde
739 1693 882 1762 ἐλεύθερον,
901 1692 964 1751 wig
980 1697 1008 1744 ‘ii
1018 1695 1130 1754 cutim<
1141 1691 1269 1770 (ξοῦλῡυςτ
1289 1704 1393 1771 quarti?

346 1769 446 1825 πάντας
466 1763 528 1823 τούς
547 1763 660 1836 ἄφρονας
677 1770 833 1828 μαίνεσθαι,
858 1761 891 1814 ου’
906 1763 957 1833 γάρ
979 1772 1118 1831 φρονίμους
1136 1771 1215 1831 εἶναι,
1241 1765 1312 1821 ἄλλα
1331 1768 1394 1823 urard

345 1838 394 1910 v),
413 1842 470 1906 ἴση,
488 1840 524 1907 τῇ
543 1833 675 1903 siwardus
693 1842 788 1897 μανίαν
806 1831 893 1886 πάντα
912 1832 1049 1903 πράττειν,
1076 1848 1105 1891 ut
1133 1847 1171 1889 est
1197 1841 1271 1909 apud
1296 1842 1395 1913 Dioge·

346 1930 407 1963 nem
427 1910 559 1961 Laenium
582 1909 639 1973 vlt,
658 1912 720 1960 124.
739 1927 765 1977 p.
783 1910 844 1958 444.
863 1905 991 1957 Meibom.
1015 1908 1111 1976 primi:
1140 1902 1219 1958 καλδν
1244 1908 1277 1961 rei
1304 1917 1394 1965 ritem

345 1979 462 2045 α’γαθόν,
492 1979 554 2031 ibid.
573 1979 662 2048 Segm.
681 1982 741 2029 10⁰.
770 1996 795 2046 p.
814 1980 876 2029 426.
921 1976 1021 2044 Quales
1044 1977 1064 2030 si
1092 1976 1159 2030 attae
1187 1982 1269 2032 etiam
1299 1983 1393 2037 muitae

346 2060 422 2103 erant
439 2050 583 2114 varietates,
603 2048 657 2100 noli
677 2048 784 2110 mirari,
804 2047 824 2097 si
844 2066 858 2097 a
880 2047 939 2099 viris
958 2047 1061 2101 Graece
1080 2048 1165 2102 doctis
1183 2051 1217 2102 ad
1237 2057 1391 2124 marginem,

345 2122 419 2192 quasi
437 2119 586 2189 explicandi
611 2138 704 2183 causa,
730 2118 848 2170 adiectae
874 2128 936 2169 sunt
963 2119 1163 2171 Paradosorum
1195 2122 1301 2176 foratae
1325 2128 1391 2196 apud

344 2195 409 2245 aiios
421 2192 521 2255 obviae,
540 2192 660 2261 adeoque
679 2207 875 2258 nonnunquam
894 2189 964 2241 inter
981 2210 1007 2242 se
1026 2202 1191 2260 permutatae
1204 2204 1230 2246 et
1242 2198 1389 2264 permixtae.

415 2263 468 2314 Sed
486 2263 538 2314 iam
558 2262 637 2313 finem
658 2261 827 2330 imponamus
846 2258 909 2312 huic
930 2262 1084 2330 prooemio,
1103 2281 1137 2314 ne
1156 2263 1254 2316 atrium
1275 2278 1302 2320 et
1319 2270 1390 2321 resti-

344 2334 438 2386 buium
456 2333 552 2384 domus
570 2334 655 2384 maius
671 2332 748 2384 etiam
769 2350 849 2401 quant
870 2331 965 2383 domus
983 2333 1037 2403 ipsa
1056 2353 1111 2385 esse
1129 2334 1309 2404 videatur·*).

416 2507 440 2571 ‘)
458 2505 534 2569 Sive,
562 2514 591 2557 ut
621 2513 658 2556 cst
682 2502 754 2575 apud
782 2503 860 2574 Diog.
886 2504 973 2556 La’ert.
994 2505 1050 2557 VH.
1080 2503 1171 2575 Segm.
1197 2509 1260 2559 tut.
1289 2527 1316 2577 p.
1330 2512 1387 2563 sat.

343 2576 424 2629 Meib.
444 2574 530 2628 πάντα
549 2570 583 2626 td
600 2570 691 2639 dyudd
710 2578 754 2625 ἴσα
779 2567 856 2634 εἶναι,
888 2581 932 2625 καὶ
958 2578 1006 2626 πᾶν
1031 2572 1134 2640 α’γαθὸν
1160 2572 1199 2627 ἐπ’
1223 2575 1304 2646 ἄκρον
1327 2573 1387 2629 aiem

342 2645 459 2714 αἷροτδν,
478 2651 522 2696 καὶ
539 2642 605 2713 μήτε
624 2645 708 2699 ἄνεσιν
726 2641 791 2715 μήτε
809 2650 928 2698 ἐπίτασιν
946 2649 1079 2711 δέχεσθαι.
1116 2646 1149 2699 Et
1168 2647 1203 2699 ib.
1222 2646 1386 2719 Segm.12⁰:

342 2714 442 2786 ἀρέσκει
460 2715 550 2775 unitate
569 2721 612 2768 ἴσα
632 2713 753 2786 ἡγεῖσθαι
778 2715 813 2768 ια’
834 2713 1026 2786 α’μαρτήματα,
1052 2717 1126 2768 καθά
1151 2737 1215 2788 φησι
1236 2717 1386 2788 Χρτῖσιητιος

341 2793 367 2838 ir
385 2793 423 2840 τῶ
441 2790 555 2858 τετάρτῳ
574 2795 626 2839 τῶν
644 2786 744 2856 ἠθικῶν
764 2786 933 2856 ζητημάτων,
959 2793 1003 2840 καὶ
1021 2791 1165 2857 Περσαῖος,
1191 2794 1236 2840 καὶ
1254 2791 1350 2859 Ζήνων.
1368 2794 1387 2842 d

340 2855 391 2926 γαρ
406 2844 509 2928 ‘dtqute
528 2859 646 2927 «lindesie
669 2862 768 2920 μᾶλλον
786 2857 831 2909 οὐκ
851 2861 932 2922 ἴστον,
961 2856 1021 2910 eddi
1040 2861 1136 2923 uscidae
1152 2861 1282 2923 ψεύδους·
1308 2859 1385 2920 stitus

342 2925 401 2979 adut
420 2926 509 2995 αἀάτη
529 2926 645 2995 datisne,
665 2926 724 2979 oddt
744 2926 887 2998 α’μὰρτημα
905 2925 1102 3000 ἁμαρτήματος.

400 2999 442 3062 ⁸¹⁸)
461 2997 594 3050 Absolutis
612 2999 663 3049 iam
682 2999 722 3050 itis
741 2999 956 3069 prolegomenis,
974 3020 1057 3072 quum
1076 3003 1129 3053 iam
1147 3002 1175 3053 in
1194 3021 1228 3055 eo
1247 3021 1340 3072 essem,
1359 3014 1385 3057 ut

340 3085 370 3117 ea
393 3065 501 3118 librario
519 3068 665 3132 traderem,
686 3070 796 3138 contigit
816 3070 878 3122 mihi
896 3068 984 3139 legere
1004 3070 1023 3124 Ι.
1042 3072 1072 3125 F.
1091 3071 1323 3141 Schroederi,
1342 3075 1384 3146 qui

341 3136 496 3207 nuperrime
513 3136 674 3192 Germanice
694 3140 823 3194 convertit
842 3139 960 3193 libellum
980 3154 1100 3196 nostrum
1119 3144 1184 3213 (vid.
1202 3146 1306 3216 Appar.
1325 3143 1385 3199 crit

340 3207 427 3276 estc),
446 3210 631 3278 prooemium,
659 3230 688 3263 ex
707 3230 761 3281 quo
781 3210 846 3266 haec
886 3212 979 3264 aucuia
995 3214 1120 3285 excerpsi.
1165 3213 1196 3266 In
1221 3216 1385 3289 plerisquea

338 3288 428 3331 nostra
446 3282 575 3333 sententia
596 3300 650 3333 nou
669 3281 809 3352 discrepat.
878 3283 1007 3350 aradom,
1033 3304 1065 3337 eo
1091 3304 1184 3351 sensu,
1217 3299 1248 3341 ut
1272 3306 1287 3340 a
1313 3308 1385 3345 cout-

339 3349 413 3401 muni
429 3352 559 3411 'sententia
580 3353 658 3424 piane
677 3352 852 3420 abhorreant,
872 3355 981 3425 proprie
999 3354 1050 3408 dici
1074 3375 1127 3408 non
1154 3376 1231 3426 posse
1257 3356 1325 3413 haec
1342 3358 1385 3413 Ci-

339 3421 492 3488 ceramum,
512 3424 560 3482 ait.
577 3424 690 3495 exceptis
708 3437 803 3496 quarto
822 3437 847 3478 et
866 3426 970 3497 quinto.
1009 3426 1086 3493 [Mihi
1106 3428 1214 3497 quidem
1235 3429 1316 3483 etiam
1334 3442 1385 3483 ter·

339 3490 405 3542 tium
433 3494 561 3548 eiusmodi
599 3497 719 3565 videtur]
779 3497 821 3549 De
852 3507 937 3550 aetate
965 3495 1124 3550 Gernhardo
1159 3500 1266 3570 potius,
1307 3520 1385 3574 quam

338 3560 469 3629 Solutum,
489 3568 608 3621 assentit:
626 3580 699 3622 certo
718 3567 826 3639 quidem
846 3568 1021 3620 demonstrari
1031 3588 1131 3620 annum
1152 3590 1207 3622 non
1227 3589 1314 3651 posse,
1334 3590 1386 3646 quo

338 3630 390 3682 sint
408 3636 506 3704 scripta
526 3638 677 3701 Paradoaa3
697 3639 809 3690 maxime
827 3659 882 3691 esse
903 3639 954 3688 reri
973 3638 1071 3698 simiie.
1090 3659 1120 3691 ea
1140 3641 1199 3710 (sed
1219 3642 1313 3710 simui)
1332 3663 1386 3697 esse

337 3699 433 3766 scripta
453 3723 476 3754 a.
494 3704 529 3756 U.
550 3727 572 3759 c.
590 3713 658 3773 tut,
687 3707 824 3760 Ciceronis
851 3708 1011 3777 sexagesimo
1030 3711 1133 3780 primo:
1165 3712 1277 3766 minime
1296 3725 1385 3767 autem

337 3766 361 3815 ei
381 3767 466 3835 piacet
484 3773 598 3829 Sciiiitzii
617 3776 730 3846 suspicio
747 3778 780 3828 de
801 3778 893 3830 decem
912 3797 1044 3830 annorum
1063 3783 1134 3833 iuter
1151 3781 1328 3837 scribendum
1344 3783 1386 3838 in·

337 3837 453 3890 tersailo.
490 3842 647 3899 Rationibus
666 3848 699 3899 ab
718 3847 775 3899 aliis
794 3847 878 3901 allatis
895 3846 965 3901 hanc
983 3849 1070 3903 addit:
1089 3849 1137 3917 „Si
1153 3852 1262 3908 dirersis
1280 3865 1387 3927 tempu·

335 3902 425 3988 ribus!
461 3929 510 3965 nec
537 3934 598 3969 reru
627 3936 682 3969 uno
706 3918 854 3990 eodemque
878 3938 965 3983 anno,
992 3939 1043 3972 nec
1069 3923 1161 3991 paucis
1190 3924 1260 3978 adeo
1284 3926 1388 3993 diebus,

334 3992 478 4054 scripsisset
495 3982 567 4039 hunc
584 3986 703 4040 iibeiium
723 3987 833 4054 Cicero,
858 3990 915 4042 sine
933 3988 1016 4041 dubio
1033 3990 1120 4060 ipsum
1139 3994 1166 4046 id
1191 3995 1219 4048 in
1239 3996 1387 4053 Prooemio

333 4042 468 4123 dicturum
488 4052 582 4109 fuisse:
601 4059 676 4111 cuius
695 4079 769 4113 nurtc
786 4060 941 4114 diversitatis
956 4058 994 4110 rei
1013 4061 1141 4115 intervalli
1153 4068 1285 4136 temporis
1301 4070 1388 4141 signi-

334 4114 453 4172 iicaverit
471 4121 570 4180 ibidem
590 4130 755 4182 contrarium
773 4131 871 4183 verbis:
900 4130 961 4196 „liis
975 4130 1029 4180 iarn
1048 4137 1273 4188 contractioribus
1297 4144 1387 4193 nocn-

333 4180 382 4264 bus
399 4187 598 4252 lucubratum.“
642 4199 760 4253 Discedit
785 4203 861 4253 etiam
886 4199 1068 4254 Schroedcrus
1094 4203 1128 4255 ab
1155 4225 1250 4260 eorum
1275 4209 1389 4277 iudicio,

333 4269 379 4318 qut
398 4262 527 4318 inuictum
548 4271 703 4343 vigiliarum
730 4290 796 4339 ορατ
823 4289 878 4322 non
903 4270 1034 4335 Brutum,
1064 4274 1108 4324 sed
1136 4274 1306 4335 Tusculanas
1331 4302 1389 4337 estc

333 4335 363 4368 so
377 4339 489 4401 uerunt,
509 4339 618 4411 iisdem,
638 4343 734 4416 quibus
753 4361 815 4407 nos,
838 4340 987 4423 rationibus
1007 4351 1102 4395 nictus.
