3450 5342
613 696 809 744 rsnsnoxon
832 700 862 744 v.
891 697 959 745 car.
983 699 1031 745 ιιι.
1271 679 1346 754 259

290 855 370 908 Hdtb:
398 855 463 926 Arg.
488 856 547 909 Par.
567 858 647 908 1512.
673 855 833 910 11111517.
858 855 928 908 Aud.
957 856 1015 911 Tal.
1036 857 1125 911 Herw.
1146 861 1250 913 Camer.
1277 864 1346 921 Vict.

291 942 390 1012 Lang.;
411 941 558 993 deliberata
578 953 615 994 est
634 942 661 994 in
680 942 736 996 soi'a
754 943 804 996 Ed.
822 943 922 1015 Lugd.;
942 956 967 996 et
981 946 1082 1016 fructa
1108 946 1135 998 in
1162 945 1247 999 codd.
1264 946 1346 1005 Bern.

292 1028 383 1083 Gueli.
403 1027 468 1082 Oxx.
485 1029 516 1081 E.
535 1028 555 1082 l.
574 1029 607 1082 N.
624 1029 658 1082 U.
678 1051 702 1099 η.
721 1049 751 1092 ψ.
771 1032 850 1086 Drsd.
871 1037 896 1085 1.
914 1039 941 1087 2.
960 1037 985 1088 3.
1003 1037 1030 1087 4.
1056 1032 1120 1109 (hic
1134 1034 1231 1087 omittit
1248 1044 1275 1084 et
1295 1037 1348 1088 tm-

288 1115 378 1184 ¹ruitis)
399 1115 458 1169 Cre.
476 1120 501 1169 1.
521 1121 545 1170 2.
561 1121 587 1171 3.
607 1116 678 1171 Gud.
693 1120 725 1172 A.
746 1119 776 1171 Β.
793 1117 901 1173 Suerin.
920 1131 946 1175 et
964 1122 1090 1174 omnibus
1106 1121 1183 1188 Edd,
1202 1122 1229 1175 in
1251 1123 1347 1194 quibus

291 1213 330 1253 est
350 1202 506 1270 debilitata,
534 1205 652 1277 itemque
676 1206 725 1260 Ed.
751 1208 836 1281 Lugd.
861 1208 942 1262 Solus
961 1208 1030 1265 Cod.
1048 1210 1127 1264 Drsd.
1148 1215 1173 1264 5.
1200 1211 1302 1264 exbibet
1321 1224 1348 1263 et

285 1290 405 1359 sicta,
438 1291 517 1344 solus·
535 1294 593 1346 Crz.
610 1298 636 1346 2.
661 1306 703 1346 est
729 1298 856 1352 servitus.
906 1298 977 1350 Tum
1007 1297 1075 1351 cod.
1108 1297 1188 1351 Drsd.
1206 1301 1234 1351 4.
1261 1298 1347 1370 pergit

290 1376 388 1426 Luci’
406 1376 507 1433 Nolite.
552 1379 595 1432 Ad
619 1382 697 1434 verba
727 1384 841 1439 contulit
866 1385 947 1456 Borg.
978 1383 1035 1439 Cic.
1064 1402 1113 1454 pro
1133 1384 1225 1437 Plane.
1245 1389 1288 1438 20.
1315 1397 1347 1437 ut

286 1463 385 1532 fracto
399 1465 489 1518 animo
514 1478 597 1538 atque
624 1470 720 1520 humili
745 1471 929 1540 supplicarent
936 1493 946 1532 ,-
975 1483 1034 1542 post
1060 1471 1126 1524 Red.
1151 1470 1179 1523 in
1205 1469 1345 1526 Sen.15.:

294 1551 365 1618 quod
383 1570 467 1603 meum
486 1554 604 1607 animum
620 1555 754 1626 frangere
774 1568 825 1609 aut
841 1557 981 1610 debilitare
997 1559 1091 1626 possit.
1128 1558 1187 1611 Mr.

363 1638 454 1689 Nolite
472 1640 557 1691 sinere
576 1661 624 1693 nos
643 1643 769 1713 cuiquam
794 1645 914 1714 servire]
953 1644 1039 1699 Codd.
1065 1645 1145 1698 Drsd.
1164 1650 1188 1699 1.
1207 1650 1232 1702 3.
1262 1648 1345 1700 nolite

289 1745 349 1777 vos
368 1726 453 1777 sinere
472 1730 572 1779 servire
590 1730 725 1800 cuiquam.
762 1730 809 1784 Est
828 1733 908 1784 etiam
928 1753 975 1785 uos
995 1752 1045 1804 pro
1064 1753 1112 1785 nos
1130 1734 1158 1785 in
1178 1731 1266 1787 Codd.
1279 1732 1344 1786 Oxx.

289 1832 313 1867 σ.
334 1830 363 1873 ψ.
383 1809 442 1866 Cre.
462 1817 487 1866 2.
522 1814 576 1867 Pro
594 1835 627 1868 εο
646 1835 701 1870 esse
719 1817 747 1869 in
767 1817 839 1870 Oliv.
860 1818 910 1871 Ed.
929 1839 982 1872 non
1001 1819 1114 1891 legimus
1132 1821 1160 1872 in
1172 1819 1222 1871 Ed.
1235 1818 1344 1883 Gernb,

289 1900 363 1971 quod
383 1920 437 1954 non
457 1902 493 1955 ita
512 1912 565 1969 est,
593 1922 655 1955 nam
675 1903 754 1958 babet
769 1905 910 1958 nobiscum
935 1926 992 1959 nos.
1049 1907 1113 1960 Post
1136 1907 1234 1958 servire
1258 1903 1343 1959 Codd.

289 1990 370 2043 Drsd.
389 1994 415 2044 4.
434 1995 461 2045 5.
490 1991 587 2044 iterum
613 1992 711 2047 babent
736 1993 837 2047 additas
863 2014 940 2048 voees
965 1999 1075 2049 ocato.
1113 1995 1185 2048 Gud.
1205 1995 1237 2048 A.
1265 1993 1345 2047 babet

288 2078 372 2129 nolite
391 2098 439 2130 nos
457 2080 542 2131 sinere
560 2082 659 2132 servire
686 2084 822 2154 cuiquam.
866 2083 986 2154 Pergunt
1010 2081 1060 2136 Ox.
1081 2083 1111 2136 E.
1137 2094 1163 2136 et
1189 2080 1246 2134 Crz.
1265 2085 1291 2134 1.
1315 2085 1344 2133 in

290 2165 334 2218 lib.
359 2166 520 2221 vendicari.
558 2167 630 2222 Gud.
651 2172 683 2223 A.
702 2171 734 2224 B.
761 2172 884 2225 exhibent
910 2171 1091 2226 vendicare.
1134 2169 1214 2222 Drsd.
1233 2173 1257 2221 2.
1282 2169 1344 2221 uult

289 2252 458 2316 vendicari,
478 2253 556 2308 Drsd.
566 2259 592 2308 4.
613 2257 674 2309 vult
694 2260 876 2312 vendicare.
912 2257 1089 2329 Distinguunt
1108 2258 1136 2310 in
1154 2277 1229 2329 seqq.
1247 2256 1341 2309 Lamb.

280 2336 372 2403 ,Suffn
391 2340 462 2393 Petr.
482 2340 578 2395 colon.
615 2345 690 2413 Quid
707 2345 799 2398 enim?
817 2346 966 2417 Adiungit.
1001 2345 1071 2397 Aud.
1091 2344 1148 2398 Tal.
1168 2345 1242 2414 Quid
1253 2342 1340 2395 enimn?

288 2424 448 2495 Adiungit?
483 2426 543 2481 ΜΓ.

361 2513 423 2564 Nisi
441 2514 514 2567 vobis
533 2517 685 2586 uniuersis]
710 2519 746 2584 „i.
767 2539 789 2572 e.
815 2519 918 2590 populo
937 2519 1075 2583 Romano,
1104 2519 1136 2570 ad
1163 2536 1243 2588 quem
1273 2517 1339 2571 baec

288 2601 374 2653 oratio
394 2600 535 2658 babetur.“
561 2603 584 2654 F
591 2623 635 2657 rc.
653 2604 743 2676 Sylv.
782 2606 849 2659 eod.
870 2606 950 2659 Drsd.
971 2609 995 2659 5.
1024 2606 1116 2656 nilril
1141 2603 1214 2657 vobis
1233 2605 1342 2654 univer-

286 2689 343 2748 sis,·
362 2708 454 2742 vocem
473 2692 527 2742 nisi
545 2692 670 2744 omittunt
689 2692 773 2745 Codd.
790 2691 872 2745 Drsd.
892 2695 933 2758 1.,
964 2711 1080 2763 quorum
1101 2691 1174 2762 prior
1197 2690 1277 2742 babet
1293 2708 1343 2741 no-

288 2772 329 2828 bis
348 2795 411 2829 cum
430 2776 497 2831 cod.
523 2778 629 2831 Suerin.
665 2780 695 2832 ln
722 2777 790 2832 cod.
818 2783 876 2833 Cre.
897 2784 922 2833 1.
949 2779 1047 2849 legitur
1072 2780 1125 2830 nisi
1148 2796 1208 2830 nos
1234 2778 1341 2828 univer-

288 2881 352 2916 sos.
390 2864 449 2918 Mc.

361 2952 504 3004 Dominum
522 2965 644 3018 mutare,
662 2974 714 3007 non
732 2953 799 3005 liber
817 2973 874 3005 esse
893 2953 974 3021 vain]
990 2954 1149 3019 „Dominum
1167 2953 1339 3003 mutitare:

289 3037 327 3090 lta
346 3038 372 3090 in
392 3039 605 3094 emendatissimo
631 3041 716 3108 libro,
734 3042 767 3095 ad
792 3040 821 3095 S.
840 3041 990 3105 Trudonis,
1015 3040 1144 3110 scriptum
1170 3038 1234 3104 fuit,
1259 3056 1340 3109 quam

289 3142 393 3189 vocem,
421 3138 450 3180 ut
474 3147 530 3180 non
558 3140 657 3182 temere
682 3131 825 3200 scriptam,
855 3128 961 3182 retinui.
1009 3127 1076 3179 Nam
1105 3137 1131 3178 et
1154 3125 1340 3197 frequentativi

288 3212 360 3264 verbi
379 3213 535 3284 significatio
554 3216 760 3269 inconstantiam
779 3226 867 3285 auget.
905 3214 1026 3267 Verbum
1041 3213 1067 3265 id
1086 3223 1225 3282 receptum
1243 3212 1293 3264 tuit
1311 3211 1340 3263 in

287 3299 455 3353 sodalitiariis
472 3303 570 3366 coenis,
590 3302 662 3373 quod
680 3302 793 3355 subinde
811 3302 879 3354 alius
897 3321 941 3353 eas
959 3300 1079 3370 aliusque
1097 3299 1243 3369 praeberet.
1280 3297 1340 3350 Me-

288 3386 367 3439 minit
383 3384 493 3439 Gellius.
529 3386 571 3439 De
590 3386 721 3442 hocloco
740 3388 799 3441 vide
818 3387 987 3457 prooemium
1006 3384 1067 3437 libri
1081 3382 1126 3436 Ill.
1144 3384 1177 3436 de
1196 3384 1339 3436 Oratore.“

287 3476 317 3527 C.
337 3473 439 3542 Lang.
474 3473 539 3526 Loci
559 3472 639 3525 Gellii
657 3485 719 3527 sunt
737 3474 769 3527 N.
787 3473 820 3525 A.
841 3473 873 3537 ll,
893 3476 936 3527 24.
962 3491 989 3541 p.
1008 3472 1070 3522 183.
1088 3469 1152 3540 ibiq.
1189 3469 1241 3521 lac.
1268 3468 1339 3522 Gro-

288 3581 350 3614 nov.
369 3580 395 3630 p.
414 3563 475 3613 236.
494 3559 719 3633 Ed.1.ion.ihiq.
738 3561 807 3614 laud.
824 3560 945 3612 Turneb.
966 3555 1164 3619 Advers.‚XlV,
1185 3557 1228 3607 18.
1247 3555 1283 3624 [ρ.
1296 3559 1339 3608 53.

287 3648 329 3701 ed.
348 3646 430 3699 Paris.
449 3650 519 3701 1580
539 3647 557 3700 1.
576 3649 624 3715 m]
644 3660 670 3702 ει
687 3649 720 3702 N.
738 3651 771 3702 A.
791 3647 887 3714 XVlll,
907 3652 933 3700 2.
950 3645 1014 3716 ibiq.
1033 3642 1093 3696 LF.
1106 3641 1226 3694 Gronov.
1244 3662 1267 3712 p.
1279 3645 1339 3695 8⁰7.

288 3757 314 3806 p.
326 3740 389 3790 4ἶ8.
407 3735 458 3789 Ed.
476 3737 555 3790 Lion.
572 3738 637 3809 ibiq.
656 3738 727 3792 laud.
746 3738 865 3791 Turneb.
884 3736 902 3790 Ι.
921 3756 943 3790 c.
961 3733 1044 3800 xvll,
1064 3736 1100 3796 1,Δ
1115 3731 1237 3802 [p.13li.]
1257 3731 1337 3784 lienr.

286 3822 380 3893 Stepb.
405 3822 433 3875 in
461 3823 578 3894 Specim.
596 3825 728 3878 Emendd.
751 3826 849 3893 [Noctt.
875 3823 1017 3889 parisium]
1046 3841 1070 3891 p.
1090 3823 1150 3873 191.
1177 3820 1236 3887 [Ed.
1255 3820 1338 3874 Paris.

287 3915 368 3966 1585.
386 3912 423 3978 8.]
459 3911 601 3965 Neminem
621 3913 712 3966 babuit
730 3915 922 3985 obsequentem
941 3909 971 3964 C.
991 3908 1122 3979 bangius,
1148 3926 1234 3977 neque
1253 3907 1337 3959 ullum

288 3998 418 4053 Codicem
443 4001 627 4053 assentientem
656 4012 750 4055 nactus
775 4012 821 4053 est.
857 3998 967 4052 'Omnes
989 3997 1144 4067 conspirant
1171 3993 1199 4045 in
1225 4002 1337 4057 mutare,

286 4098 395 4157 praeter
413 4106 497 4140 unum
517 4087 596 4142 Drsd.
616 4092 640 4142 5.
667 4087 713 4160 qui
739 4086 818 4139 habet
844 4096 975 4137 tractare.
1017 4084 1059 4137 De
1085 4081 1233 4134 mutitcndi
1258 4079 1337 4131 verbo

286 4171 362 4235 vide,
381 4192 448 4243 quos
466 4173 644 4238 laudavimus;
673 4175 759 4238 addo,
785 4193 818 4226 ne
836 4175 864 4226 in
878 4172 962 4233 -Gellii
982 4173 1089 4243 quidem
1108 4171 1174 4224 locis
1191 4166 1337 4221 scribendis

286 4260 370 4313 libros
389 4272 413 4314 et
434 4261 503 4313 viros
522 4262 628 4317 criticos
646 4262 805 4317 consentire.
823 4262 905 4314 Henr.
925 4260 1076 4331 Stephanus
1094 4256 1260 4329 praeferebat
1279 4255 1335 4308 lor-

284 4367 358 4401 mam
377 4350 539 4412 ncutuitare,
558 4368 626 4416 quae
645 4353 735 4421 priore
754 4350 814 4404 loco
833 4361 871 4403 est
888 4351 916 4402 in
935 4348 984 4401 Ed.
1002 4350 1030 4401 in
1049 4366 1126 4400 usum
1142 4342 1278 4425 Delphini,
1295 4342 1334 4395 al·

285 4447 344 4488 tero
363 4434 455 4487 eadem
475 4434 554 4488 babet
572 4437 710 4492 mutitare.
754 4437 821 4493 Cod.
840 4438 917 4491 Suer.
936 4436 1039 4489 exbibet
1057 4455 1107 4487 non
1127 4432 1264 4485 liberum
1281 4450 1336 4485 esre

982 4523 1051 4596 17*
