3450 5342
412 675 485 751 212
742 693 915 743 rinsooxs
943 690 1136 741 srorcouou.

413 881 470 916 non
490 860 650 931 imperator,
671 857 716 910 sed
734 874 769 909 ne
784 855 853 909 liber
873 852 991 928 quidem,
1008 854 1064 906 imo
1082 870 1171 906 sersus
1189 851 1364 924 turpissimus
1382 851 1463 906 luerit.

413 949 467 1004 Nisi
486 946 552 1003 baec
570 945 603 998 de
621 943 695 1016 Sylla
714 944 753 998 vel
771 943 922 1016 Tarquinio
941 941 1030 1014 potius
1049 940 1198 1011 intelligere
1224 938 1304 996 voles.
1350 939 1420 993 Nam
1437 939 1464 991 de

412 1049 529 1109 utroque
547 1032 654 1104 vestigia
672 1043 734 1087 sunt
752 1031 801 1085 sub
822 1031 905 1085 linem
923 1029 985 1082 libri
1004 1027 1037 1081 de
1056 1027 1168 1081 Finibus
1187 1027 1272 1082 tertii:
1301 1046 1386 1098 quem
1407 1025 1464 1079 vide.

412 1119 638 1196 XystBetul.
673 1119 720 1174 Est
737 1119 813 1173 locus
830 1117 876 1184 lll,
895 1121 940 1183 2²,
958 1120 1003 1171 15.
1040 1115 1100 1169 Mr.

485 1209 541 1261 Hic
557 1207 737 1278 imperatam}
763 1205 884 1272 „Putant
902 1203 1045 1275 perstringi
1064 1201 1101 1256 M.
1121 1200 1287 1257 Antonium:
1315 1221 1387 1274 quae
1404 1220 1462 1256 con·

413 1299 515 1352 iectura
533 1294 598 1349 mibi
616 1312 673 1347 uon
692 1292 827 1364 displicet,
852 1291 925 1364 quod
945 1289 1041 1345 Cicero
1060 1308 1116 1344 uon
1134 1299 1189 1343 tam
1205 1288 1347 1343 Paradosa
1366 1290 1463 1344 Stoico·

394 1400 475 1439 ‘rum
495 1384 642 1449 illusum,
667 1391 713 1435 aut
736 1379 842 1434 dicendi
861 1379 915 1432 vim
940 1389 1074 1433 ostentare
1102 1376 1213 1432 voluisse
1240 1376 1364 1443 videtur,
1389 1396 1462 1449 quam

414 1471 454 1525 vel
472 1480 554 1524 semet
574 1470 662 1540 ipsum
681 1466 814 1522 consolari
839 1467 867 1519 in
886 1465 1005 1519 maximis
1030 1464 1114 1518 animi
1139 1463 1381 1532 sollicitudinibus,
1406 1484 1461 1520 eum

415 1559 448 1612 de
466 1569 549 1613 semet
567 1559 643 1630 ipso,
660 1565 719 1610 tom
738 1556 772 1610 de
789 1574 819 1608 re
838 1553 960 1626 publica,
979 1564 1006 1607 et
1023 1552 1146 1608 inimicos
1163 1572 1234 1620 suos,
1254 1551 1395 1620 Clodium,
1410 1553 1461 1606 tlu-

413 1647 535 1712 tonium,
563 1644 706 1709 Crassum,
733 1654 760 1697 et
785 1642 850 1696 alios
869 1643 994 1708 sortasse,
1023 1640 1218 1695 dissimulanter
1242 1641 1401 1696 insectando
1423 1639 1460 1692 ul·

413 1735 505 1790 cisci.“
522 1732 555 1786 ll.
573 1731 677 1784 Woll.
714 1728 850 1796 ,‚Scilicet,
869 1739 931 1782 uta
950 1728 1082 1799 superiori
1100 1727 1186 1782 oratio
1204 1729 1238 1781 ad
1259 1727 1387 1782 Clodium
1404 1745 1461 1800 per·

415 1822 508 1889 tinuit,
526 1821 565 1875 sic
581 1817 648 1873 baec
665 1813 781 1891 pertinet
798 1817 831 1871 ad
849 1817 968 1889 aliquem
988 1827 1090 1870 certum
1107 1816 1259 1882 bominem,
1290 1816 1340 1888 qui
1367 1834 1459 1870 nomen

414 1907 585 1980 imperatoris
602 1906 694 1978 gessit,
718 1924 775 1959 non
794 1904 845 1958 tuit
868 1921 901 1958 eo
919 1902 1032 1974 dignus,
1063 1924 1086 1956 r.
1105 1923 1130 1959 c.
1147 1904 1186 1957 M.
1205 1903 1372 1960 Antonius.“
1387 1905 1456 1957 Ern.

415 1994 485 2048 Cum
503 1996 539 2049 ita
558 1993 688 2049 fluctuent
706 1992 879 2064 interpretes,
898 2011 986 2064 neque
1004 1990 1091 2046 adbuc
1108 1992 1142 2046 sit
1158 1993 1337 2064 exploratum,
1356 1993 1456 2064 quinam

413 2085 445 2137 sit
463 2080 665 2152 intelligendus,
683 2080 841 2151 Borgersius
859 2079 942 2133 alium
961 2089 1164 2146 commemorat,
1194 2079 1223 2132 in
1243 2098 1328 2151 quem
1351 2080 1397 2133 ista
1417 2097 1456 2130 re·

413 2168 554 2240 prehensio
574 2169 631 2222 iure
649 2167 745 2221 cadere
763 2188 840 2240 posse
859 2168 993 2235 videatur,
1019 2168 1153 2220 Pisonem.
1196 2166 1304 2221 Laudat
1327 2167 1362 2221 ed
1378 2167 1456 2236 suspi-

413 2259 519 2311 cionem
547 2274 622 2309 suam
640 2256 809 2328 probandam
827 2254 878 2309 Or.
897 2254 926 2308 in
944 2253 996 2307 Pis.
1009 2256 1068 2308 trs
1099 2258 1151 2308 Est
1169 2255 1219 2307 boc
1240 2274 1356 2309 norum:
1380 2252 1455 2306 multo

412 2341 485 2395 illud
501 2343 603 2414 magis:
622 2345 844 2414 Appellatus
862 2355 916 2397 est
936 2344 980 2395 bio
997 2343 1137 2396 vulturius
1155 2343 1233 2396 illins
1248 2340 1453 2412 provinciano

414 2429 466 2481 diis
479 2429 587 2499 placet,
605 2430 807 2500 imperator.
845 2431 887 2484 De
906 2431 985 2485 Prov.
1003 2433 1086 2485 Cons.
1104 2434 1145 2485 n:
1176 2434 1266 2484 Hosoe
1287 2429 1381 2502 igitur
1403 2429 1453 2479 in·

408 2527 595 2588 potatores
614 2516 790 2572 babebimus?
825 2523 946 2590 Quorum
965 2521 1037 2572 alter
1055 2519 1140 2586 [Piso]
1165 2538 1218 2570 non
1236 2517 1324 2571 audet
1341 2535 1389 2570 nos
1403 2533 1453 2567 eer-

411 2607 492 2658 tiores
505 2604 617 2675 facere:
642 2624 675 2657 ne
693 2606 887 2676 imperator
911 2608 1127 2678 appelletur.
1164 2604 1242 2660 llaud
1267 2606 1369 2677 inepte.
1401 2599 1452 2654 bls-

411 2692 451 2761 gis
469 2690 570 2762 placet,
594 2711 675 2764 quam
695 2692 769 2765 qnod
787 2693 920 2748 Wetzelio
939 2694 1091 2760 ridebatur,
1119 2692 1173 2763 (vel
1199 2693 1290 2764 potius
1314 2693 1385 2747 Atdo
1401 2691 1451 2745 Me·

410 2779 502 2845 nutio,
521 2797 585 2832 nam
604 2779 682 2833 buius
699 2779 765 2835 baec
783 2792 821 2834 est
839 2782 969 2852 suspicio,
994 2781 1168 2854 triumphasse
1186 2782 1333 2836 Lucullum
1353 2782 1384 2835 de
1405 2779 1448 2832 Mi·

410 2865 524 2919 thridate
549 2877 576 2920 et
597 2866 716 2938 Tigrane
740 2868 943 2937 memorantis,)
960 2869 1105 2923 Lucullum
1131 2868 1294 2940 significari,
1326 2868 1373 2941 qui
1389 2876 1448 2922 certe

410 2973 469 3025 cap.
488 2959 513 3006 2.
532 2964 558 3007 et
575 2957 601 3008 3.
619 2964 710 3025 aperte
727 2954 909 3026 significatur,
928 2967 958 3008 ut
976 2957 1040 3010 dicit
1058 2955 1241 3009 Gernbnrdus.
1296 2957 1377 3010 Recte
1400 2971 1449 3006 mo·

409 3040 564 3095 netGernb.
583 3041 662 3094 rerba
680 3041 811 3094 laudetur
829 3060 891 3096 vero
909 3063 964 3096 esse
984 3046 1169 3111 concedentis,
1189 3055 1322 3117 tauquam
1340 3039 1448 3098 emedio

408 3148 531 3182 sermone
549 3128 721 3200 deprompta:
739 3128 802 3182 inde
821 3149 892 3183 vero.
927 3129 984 3184 ΜΓ.

478 3217 597 3268 author
615 3217 718 3268 nominc
747 3217 846 3288 dignus
867 3221 1003 3287 potatum]
1051 3219 1192 3288 Quosnam
1220 3219 1306 3274 libros
1333 3216 1446 3290 significet

407 3303 468 3356 Ald.
488 3303 625 3358 Manutius
644 3303 735 3358 diceus
752 3305 816 3359 alias
834 3306 887 3377 legi
904 3308 1071 3378 cognomine,
1091 3308 1188 3361 nescio.
1225 3308 1265 3359 Ex
1284 3309 1380 3362 nostris
1395 3301 1445 3358 uul-

406 3391 447 3444 lus
465 3389 557 3446 babet:
582 3403 653 3447 certe
671 3393 760 3447 nullus
777 3395 826 3446 boe
844 3396 1005 3467 cognomine.
1046 3393 1175 3466 Suspicor
1200 3406 1309 3463 tamen,
1337 3414 1394 3449 eum
1415 3391 1445 3444 ri·

406 3479 472 3533 disse
490 3491 608 3534 nostram
627 3480 676 3534 Ed.
694 3482 764 3536 Ven.
784 3485 868 3549 1514,
888 3482 934 3536 ubi
954 3493 1005 3537 est:
1031 3484 1208 3534 autetiam
1232 3485 1395 3556 cognomine
1411 3479 1445 3529 dl·

403 3585 476 3636 gnus
497 3577 628 3636 putetur:
660 3579 690 3621 ut
714 3569 833 3623 rideatur
860 3568 956 3641 aliquis
987 3571 1071 3624 scriba
1098 3570 1166 3623 male
1196 3570 1354 3626 intellexisse
1378 3568 1444 3624 rerba

405 3652 528 3705 dictantis
545 3654 595 3704 ltoo
612 3656 723 3708 nomine.
759 3655 840 3709 Solus
863 3655 931 3710 Cod.
957 3659 1015 3712 Bas.
1044 3657 1122 3711 babet
1147 3670 1198 3710 out
1221 3660 1274 3711 eti
1281 3679 1334 3712 am
1360 3659 1443 3730 dignes

406 3754 442 3787 eo
469 3739 573 3790 nomine
603 3750 726 3807 putetur.
778 3742 843 3795 Post
877 3753 993 3811 putetur
1018 3746 1124 3799 additur
1151 3749 1299 3817 imperator
1330 3748 1358 3799 iu
1386 3741 1441 3797 cot.

405 3822 498 3877 Duisb.
516 3833 542 3877 et
559 3842 613 3880 rar.
630 3825 760 3896 Magnoli.
794 3828 853 3880 Mr.

473 3911 533 3980 Quo
551 3911 644 3979 modo,
667 3924 719 3964 ont
738 3916 783 3967 oui
800 3918 909 3969 tandem
935 3919 1016 3974 libero
1034 3921 1202 3992 imperabit,]
1230 3924 1329 3978 Graes.
1355 3925 1382 3976 in
1405 3936 1441 3973 sut

402 3994 454 4052 Ed.
472 3995 543 4051 banc
562 3996 624 4052 Aldi
642 3999 717 4054 Man.
742 4006 944 4060 annotationem
970 4010 1084 4064 exbibet:
1111 4012 1187 4080 „Quo
1206 4011 1306 4064 inodo?
1330 4020 1379 4064 out
1394 4007 1445 4073 ovi}

401 4085 462 4154 Quo
480 4085 556 4137 modo
573 4087 687 4140 autem?
705 4100 756 4142 out
774 4095 838 4159 ovi,
855 4099 984 4166 septem.“
1028 4097 1107 4151 Unde
1135 4098 1218 4151 refert
1237 4099 1341 4153 Gernb.
1354 4108 1442 4170 septem

400 4171 514 4225 Manutii
533 4171 618 4228 Codd.
639 4175 761 4231 exhibere
779 4184 930 4251 quomodo?
972 4184 1086 4238 eutem?
1117 4197 1167 4238 out
1186 4187 1257 4240 avi?
1292 4188 1363 4242 Mira
1381 4197 1442 4240 uter·

400 4280 452 4330 que
471 4260 686 4320 hallucinatione.
731 4266 801 4320 Nihil
830 4271 929 4325 certius
953 4284 991 4326 est
1009 4292 1089 4344 quam
1120 4273 1147 4325 in
1179 4274 1257 4328 nullo
1286 4275 1381 4330 codice
1400 4268 1443 4340 legi

397 4346 457 4411 ovi,
484 4349 511 4402 iu
536 4353 612 4406 nullo
639 4355 702 4408 item
725 4367 902 4412 monstrosam
934 4360 1010 4414 istam
1038 4360 1239 4415 distinctionem
1271 4382 1343 4431 esse,
1374 4374 1443 4433 quam

396 4439 497 4499 septem
516 4436 619 4493 Aldinis
636 4442 729 4496 tribuit
747 4441 928 4519 Gernbardus.
965 4447 1072 4502 Graevii
1090 4447 1186 4505 Editio
1204 4449 1286 4507 babet
1313 4448 1444 4507 ridiculum
