3450 5342
724 692 929 739 ruoonuruu.
1326 677 1348 751 3

328 849 489 917 Paradoaa]
512 848 666 908 Admodum
691 852 791 906 variant
821 864 850 907 ut
868 853 925 907 iere
942 851 987 920 fit,
1010 853 1071 908 libri
1094 864 1121 907 et
1137 856 1226 927 scripti
1244 869 1270 913 et
1288 861 1350 915 editi

294 937 323 990 in
342 937 518 1008 inscriptione
535 937 627 991 libelli.
662 937 708 992 Sic
727 937 795 993 Cod.
813 938 858 994 Cr.
874 945 909 995 1.-
923 940 1016 997 habet:
1045 944 1137 995 Marci
1157 946 1229 997 Tolii
1248 950 1350 1003 Cicero-

294 1027 337 1079 nis
356 1026 521 1086 Paradoxar
540 1023 587 1079 Cr.
600 1031 626 1080 2.
644 1027 734 1101 Marci
755 1028 840 1081 Tullii
857 1029 988 1083 Ciceronis
1006 1029 1073 1082 liber
1091 1031 1123 1083 de
1138 1034 1291 1087 Paradoxis
1307 1037 1350 1088 irs-

294 1114 380 1183 cipit,·
404 1112 450 1166 Cr.
469 1117 495 1168 3.
514 1113 593 1167 Drsd.
615 1119 638 1167 2.
650 1119 683 1169 is.
703 1127 797 1171 carent
813 1116 1003 1188 inscriptione3
1028 1117 1110 1173 Drsd.
1131 1123 1157 1173 t.
1177 1118 1292 1176 exhibet:
1311 1125 1351 1176 M.

298 1206 330 1254 T.
349 1200 481 1255 Ciceronis
501 1200 568 1255 liber
585 1203 926 1273 Paratissimus-immin
954 1204 1034 1259 Drsd.
1052 1209 1078 1261 3.
1102 1210 1144 1261 M.
1168 1211 1198 1261 Τ.
1221 1209 1351 1260 Ciceronis

295 1290 334 1340 ad
351 1294 468 1342 Brutum
488 1290 632 1343 Paradosa
648 1290 782 1360 rccipiunt
789 1311 799 1351 ‚-
819 1289 935 1362 Guelplr.
950 1292 1032 1346 Liber
1049 1293 1081 1344 ds
1094 1293 1248 1346 Paradoxs's
1261 1296 1352 1347 Marci

298 1378 373 1429 Tulli
390 1378 537 1438 Ciceroniss
563 1377 634 1433 Gud.
652 1378 683 1431 B.
701 1378 741 1432 M.
752 1414 754 1419 -
765 1379 841 1431 tullii
867 1380 999 1433 Ciceronis
1022 1381 1107 1450 incip*
1120 1383 1266 1450 paradoxo
1282 1383 1351 1437 stoi·

294 1483 403 1526 coram,·
421 1465 516 1521 Duisb.
533 1467 665 1519 Ciceronis
677 1468 835 1521 Paradoxa.
872 1469 903 1521 ln
922 1467 990 1522 Edd.
1010 1467 1143 1541 plerisque
1161 1470 1294 1544 inscriptio
1311 1483 1351 1527 sa

293 1557 336 1605 Μ.
353 1558 383 1607 Τ.
398 1558 427 1607 G.
440 1555 606 1615 Paradoxa,·
626 1554 653 1607 in
672 1555 762 1608 multis
780 1557 821 1607 M.
840 1559 870 1608 Τ.
891 1559 919 1610 C.
937 1557 1085 1609 Parodana
1102 1558 1141 1609 ad
1154 1562 1197 1613 M.
1213 1564 1331 1612 Brutum
1337 1580 1347 1620 ;

292 1642 321 1695 in
340 1642 492 1714 paucisM.
513 1647 543 1698 T.
563 1647 591 1697 0.
610 1643 758 1696 Paradoxa
774 1643 925 1696 Stoicorum
943 1645 982 1695 ad
998 1647 1039 1698 M.
1060 1649 1190 1703 Brutum,
1217 1658 1246 1700 ut
1266 1647 1349 1701 edidit

292 1729 541 1796 Gernlrardus,
561 1749 641 1802 quem
661 1749 711 1782 nos
728 1730 875 1800 sequimur.
892 1730 952 1785 ΜΓ.
1034 1764 1038 1771 -

367 1819 526 1886 Paradaxa]
546 1817 642 1883 „Sicut
658 1816 830 1888 Pythagorici
848 1819 969 1888 symbola
989 1819 1120 1890 quaedam
1139 1821 1290 1874 habuerunt
1307 1832 1347 1875 at-

291 1925 347 1976 que
367 1925 447 1960 aurea
467 1915 622 1976 praecepta:
640 1905 680 1959 sic
698 1905 781 1960 Stoici
801 1905 938 1976 παράδοξα
953 1927 999 1961 aua
1019 1908 1144 1979 dogmata
1163 1909 1347 1974 nominarunt,

291 2013 363 2067 quae
382 1992 479 2048 Cicero
503 2013 558 2047 non
583 2014 639 2046 uno
665 1993 726 2049 loco
754 1995 925 2065 admirabilia
947 1997 1151 2068 interpretatur,
1176 1996 1243 2050 sicut
1268 1996 1346 2050 etiam

291 2081 392 2136 Graeci
410 2079 556 2144 θαυμαστά
574 2093 601 2137 et
619 2078 809 2152 rirrpaadiapaa
829 2103 861 2136 eo
881 2085 954 2156 quod
969 2084 1161 2155 sintopinione
1174 2094 1200 2137 et
1214 2094 1348 2155 exspecta·

291 2170 365 2224 tione
386 2171 495 2224 maiora.
513 2200 548 2211 --
575 2169 697 2236 Stoicos,
725 2171 839 2241 opinor,
868 2170 993 2243 Epicurei
1017 2182 1080 2226 sunt
1096 2172 1207 2235 imitati,
1234 2172 1281 2244 qui
1299 2190 1346 2226 sua

292 2258 418 2330 dogmata
437 2266 528 2329 κυρίας
546 2255 623 2318 δόξας
642 2257 778 2330 appellare
797 2269 859 2313 sunt
877 2259 943 2313 ausi:
969 2261 1066 2323 titulo,
1084 2270 1113 2313 ut
1130 2258 1233 2315 Plinius
1249 2259 1346 2331 inquit,

289 2358 402 2418 propter
420 2366 497 2419 quem
516 2347 695 2399 vadmonium
713 2347 798 2399 deseri
811 2348 928 2415 possit.“
965 2348 1059 2418 Xyst.
1077 2345 1270 2400 Betuleius.

365 2434 523 2500 Paradoxa]
550 2432 656 2505 Scripta
675 2434 797 2488 ridentur
820 2435 890 2488 intra
916 2435 1069 2498 biennium,
1097 2453 1152 2505 quo
1170 2432 1267 2489 Cicero
1286 2435 1346 2490 vixit

292 2530 352 2593 post
364 2521 485 2577 Caesaris
499 2541 601 2575 necem.
636 2519 791 2590 Παράδοξα,
808 2541 877 2593 quae
894 2534 957 2576 sunt
975 2533 1079 2594 praeter
1096 2521 1218 2574 omnium
1237 2522 1345 2592 opinio·

290 2628 371 2676 nem,
393 2621 420 2663 et
437 2609 642 2664 admirationem
661 2622 778 2664 movent.
804 2609 992 2681 Exponuntur'
1009 2628 1023 2663 a
1043 2607 1175 2663 Cicerone
1193 2609 1226 2661 ad
1248 2628 1345 2679 quam·

288 2699 354 2753 dam
371 2696 450 2750 veluti
468 2696 579 2750 senilem
597 2695 829 2762 declamationem,
848 2709 879 2751 ut
899 2697 955 2768 ipse
973 2716 1033 2750 eam
1053 2707 1128 2751 vocat
1146 2696 1174 2748 in
1191 2695 1302 2749 t'useut.
1318 2699 1345 2749 t.

288 2807 350 2858 cap.
369 2790 394 2840 4.
432 2787 525 2856 ltaque
540 2782 633 2839 scribit
650 2783 798 2837 Suetonius
814 2784 847 2837 de
866 2783 938 2837 Clar.
954 2784 1062 2837 Rhetor.
1079 2802 1103 2839 c.
1123 2786 1148 2837 1.
1185 2781 1345 2835 Ciceronem

288 2873 425 2929 seniorem
444 2890 554 2944 quoque
572 2870 740 2925 declamasse.
758 2871 780 2923 F
786 2890 853 2927 acc
891 2871 951 2927 Cic.
968 2872 1002 2927 de
1019 2871 1078 2925 Fin.
1091 2871 1138 2937 IV,
1154 2874 1196 2936 at,
1211 2874 1255 2925 tt.
1275 2873 1345 2929 Nom

289 2981 324 3015 ex
340 2961 438 3013 eisdem
457 2959 595 3013 verborum
611 2960 768 3030 praestigiis
786 2970 814 3012 et
839 2978 923 3032 regna
946 2970 1015 3034 nata
1039 2960 1112 3012 cabis
1134 2957 1258 3028 (Stoicis)
1280 2970 1346 3011 sant

289 3058 319 3101 et
337 3048 462 3118 imperia,
486 3056 515 3098 et
534 3047 661 3111 divitias,
685 3057 713 3106 st
731 3056 827 3099 tantae
846 3047 965 3118 quidem,
990 3058 1022 3099 at
1033 3046 1142 3110 amaia,
1160 3061 1230 3116 quae
1248 3043 1346 3116 uirique

288 3138 356 3200 siat,
373 3134 504 3204 sapientis
521 3152 579 3193 assa
593 3134 711 3196 adeatis:
740 3136 826 3193 solam
842 3145 985 3204 praeterea
997 3134 1158 3204 formosum,
1176 3132 1267 3193 solam¹
1279 3129 1346 3182 Iibe-

288 3242 365 3288 rum,
381 3223 468 3277 soleam
486 3222 584 3279 dcem:
609 3221 757 3275 stultorum
775 3222 863 3279 omnia
881 3222 1033 3279 contraria,
1051 3239 1118 3293 quos
1135 3220 1218 3271 etiam
1235 3219 1345 3275 insanos

286 3330 347 3367 eras
370 3311 464 3367 valtis.
524 3313 602 3363 Haec
626 3310 763 3380 παράδοξα
792 3310 848 3369 illi,
881 3302 929 3363 nos
956 3306 1186 3371 admirabilia
1216 3305 1344 3365 dicamas·

287 3399 366 3470 Quid
381 3407 473 3459 catam
490 3395 591 3465 habeat
608 3384 812 3460 admirationis,
837 3415 898 3453 cam
914 3414 997 3464 propr
1015 3388 1346 3461 accesseris?.,corrscram

288 3496 394 3547 tecam,
417 3500 500 3554 ‚quam
524 3484 620 3555 cuique
645 3482 723 3537 aerbo
735 3500 802 3549 „ram
819 3480 964 3549 subjicias,
988 3478 1137 3531 calluerit
1157 3476 1345 3549 controversia.

289 3583 317 3628 et
329 3568 418 3633 Acad.
436 3569 541 3639 limi,
563 3574 624 3627 tta
647 3568 959 3633 semanim-Socratica
974 3566 1105 3636 pleraque
1122 3561 1257 3615 mirabilia
1273 3561 1346 3613 Stoi-

290 3677 399 3721 coram,
411 3674 484 3731 'quas
499 3654 839 3728 ¹rrcpa'daiarsoruirsorrtur.
872 3653 931 3707 Mr.

362 3746 522 3814 Paradosc]
540 3745 585 3813 „A
602 3744 700 3813 Stoicis
716 3754 846 3799 voantur
863 3740 969 3807 decreta
988 3737 1185 3813 philosophiae,
1205 3755 1273 3810 quae
1290 3733 1346 3789 eius

289 3816 425 3906 impetitis¹
440 3828 515 3903 napa*
532 3834 610 3892 ditas
627 3833 645 3887 i.
658 3853 681 3887 e.
702 3843 808 3905 praeter
821 3831 987 3903 opinionem,
1005 3829 1039 3885 ab
1052 3847 1146 3882 eorum
1160 3845 1237 3880 sensu
1252 3835 1345 3899 captu·

289 3939 345 3995 qus
364 3919 451 3983 aliena
470 3929 539 3985 sunt
583 3919 631 3975 Sic
648 3920 676 3975 in
695 3919 803 3973 Arriani
822 3918 986 3973 Commentt.
1001 3917 1116 3989 Epictet.
1135 3920 1161 3981 1,
1181 3919 1215 3971 25
1239 3923 1289 3968 est:
1318 3918 1346 3963 rt

289 3996 523 4073 atis30fipsusacrir,
540 4010 563 4060 si
581 4013 626 4061 sai
643 4012 669 4061 ir
687 4010 824 4076 adornata
843 4003 927 4061 adiici
943 4012 994 4057 τῶν
1010 4000 1119 4074 dipem
1133 3999 1270 4073 παράδοξα
1284 4004 1345 4060 φαί-

287 4114 362 4147 rrccs
379 4105 436 4153 rats
454 4091 583 4166 dartposc3
621 4094 725 4151 Seneca
742 4095 825 4168 Epist.
843 4097 894 4149 81:
922 4098 984 4147 Hoc
1002 4092 1103 4164 aliquis
1125 4090 1197 4141 inter
1219 4088 1270 4139 illa
1292 4104 1346 4136 na-

288 4192 386 4248 mot,
405 4201 475 4255 quas
494 4183 615 4247 videmur
632 4185 643 4235 i
648 4203 688 4236 no
692 4184 823 4254 piacla
840 4182 961 4235 omnibus
979 4180 1079 4231 dicatu
1098 4175 1235 4244 παράδοξα
1251 4170 1346 4222 Gratei

288 4272 419 4325 coeaat.“
445 4271 554 4343 Wytt.
591 4270 674 4339 Quod
698 4281 787 4325 autem
813 4269 850 4325 ait
873 4266 1033 4323 Plutarchus
1056 4263 1084 4335 io
1109 4261 1179 4313 libro
1204 4258 1237 4311 de
1261 4253 1345 4309 Com-

288 4376 387 4413 munn.
403 4357 498 4413 Notitt·
516 4357 574 4412 adr.
592 4357 697 4412 Stoicos
716 4360 858 4428 (περὶτῶν
878 4357 968 4408 κοινῶν
986 4355 1086 4403 irrolur
1103 4341 1168 4425 apis·
1186 4341 1248 4404 roric
1259 4347 1345 4397 Στωϊ-

288 4443 364 4515 sstic)
383 4446 416 4514 ii,
435 4466 463 4519 p.
480 4449 561 4501 1⁰6⁰.
579 4444 619 4499 As
636 4441 654 4499 ἃ
673 4442 708 4515 δή
726 4444 863 4516 παράδοξα
882 4447 927 4495 aal
947 4436 1023 4491 αὐτοὶ
1040 4429 1221 4498 psr’siaoilac
1239 4431 1344 4509 ‘'stilti-

1016 4547 1034 4615 l
1045 4542 1060 4571 ί
