3450 5342
569 665 766 747 rsnnnorou
787 665 807 711 r.
848 664 918 714 cnr.
937 666 972 714 u.
999 666 1045 713 nr.
1282 640 1332 716 29

277 834 477 899 virtuosus?
529 833 640 913 Quina
680 833 834 899 abuma
860 803 1046 915 comptum
1083 833 1232 899 minmne
1254 852 1331 916 gra-

280 975 330 1035 tas
366 971 427 1034 diis
461 970 700 1037 immortalibus
743 970 920 1053 capedines
957 988 998 1035 ao
1037 967 1153 1031 fictiles
1186 967 1332 1037 bimulus

279 1107 399 1185 tuisse,
437 1123 536 1188 quam
578 1107 716 1172 tilioatas
755 1105 898 1172 aliorum
936 1108 1068 1186 pateras
1112 1102 1333 1167 arbitramur?

280 1242 405 1331 Omitto
441 1242 603 1324 reliquos:
646 1247 723 1308 sunt
765 1243 853 1307 enim
892 1257 1010 1306 omnes
1042 1255 1140 1322 pares
1171 1239 1258 1307 inter
1290 1253 1336 1315 se,

281 1381 412 1458 praeter
437 1350 633 1460 Superbum.
684 1379 823 1446 Brutum
849 1377 877 1442 si
904 1377 961 1459 quii
988 1378 1101 1457 roget,
1128 1373 1207 1456 quid
1232 1375 1336 1456 egerit

280 1511 314 1576 in
347 1513 455 1594 patria
489 1513 678 1580 liberanda:
717 1517 746 1580 si
781 1516 854 1598 quis
889 1514 968 1578 item
1002 1511 1148 1592 reliquos
1187 1511 1335 1577 eiusdem

280 1650 411 1714 consilii
444 1651 572 1729 socios,
609 1652 689 1734 quiid
731 1652 968 1735 spectaverint,
1002 1650 1081 1733 quid
1115 1651 1218 1715 secuti
1254 1652 1335 1716 sint:

280 1800 361 1847 num
389 1784 461 1862 quis
488 1786 641 1864 exsistet,
669 1788 723 1851 cui
749 1790 920 1870 voluptas,
946 1787 1000 1850 oui
1027 1785 1177 1864 divitiae,
1203 1788 1256 1850 oui
1276 1787 1335 1850 de·

278 1920 399 2001 nique,
437 1923 568 2001 praeter
599 1921 747 1986 cilicium
778 1920 872 1987 fortis
911 1925 944 1986 et
979 1922 1092 2003 magui
1123 1921 1204 1999 viri,
1242 1921 1335 2002 qrric-

281 2072 381 2137 quam
407 2056 497 2119 aliud
519 2059 727 2140 propositum
754 2059 855 2124 luisse
878 2059 1050 2126 videatur?
1097 2056 1192 2136 Quae
1218 2075 1272 2122 res
1292 2056 1336 2122 ad

280 2210 396 2257 necem
424 2194 592 2260 Porsenae
627 2193 663 2261 C.
698 2196 846 2261 Mucium
880 2194 1026 2276 impulit,
1067 2194 1138 2258 sine
1173 2192 1242 2257 ulla
1276 2210 1336 2274 spe

280 2330 394 2394 salutis
419 2332 523 2395 suaet
577 2329 672 2409 Quae
701 2331 751 2396 vis
779 2328 939 2397 Coclitem
978 2333 1094 2394 contra
1129 2344 1245 2394 omnes
1271 2328 1335 2392 ho-

281 2465 380 2529 stium
414 2467 527 2549 copias
561 2468 666 2531 tenuit
704 2469 739 2531 in
773 2471 875 2549 ponte
906 2466 1039 2531 solumi
1085 2481 1170 2546 quae
1207 2469 1335 2547 patrem

280 2598 438 2693 Decium,
465 2619 550 2682 quae
576 2602 681 2666 filium
707 2604 892 2683 devotavit,
925 2605 1025 2683 asmo
1050 2601 1184 2665 immisit
1220 2601 1255 2663 in
1280 2617 1336 2665 ar-

280 2741 389 2801 matas
415 2736 559 2801 hostium
587 2737 726 2819 oopias‘l
779 2736 868 2816 Quid
894 2738 1098 2802 continentia
1125 2735 1160 2802 C.
1184 2736 1337 2813 Fabricii,

282 2874 361 2955 quid
387 2874 529 2937 tenuitas
553 2873 659 2943 victus
681 2863 725 2939 Μ’
752 2872 842 2941 Curii
861 2874 1088 2958 sequebatur?
1148 2870 1236 2950 Quid
1270 2871 1336 2938 duo

281 3010 530 3091 propugnacula
566 3011 645 3075 belli
678 3010 811 3089 Punici,
846 3010 904 3078 Cn.
938 3017 972 3076 et
1000 3011 1037 3076 P.
1064 3009 1254 3093 Scipiones,
1280 3012 1335 3093 qui

282 3148 606 3231 Karthaginiensium
633 3150 811 3216 adventum
846 3152 1043 3233 corporibus
1083 3152 1150 3216 suis
1176 3153 1335 3216 interclu-

281 3290 427 3356 dendum
448 3291 667 3372 putaverunt?
703 3291 781 3373 quid
807 3289 981 3355 Africanus
1002 3292 1135 3374 majori
1173 3293 1251 3373 quid
1273 3294 1337 3357 mi·

281 3428 371 3493 nori
397 3427 476 3508 quid
500 3428 585 3492 inter
610 3427 731 3491 horum
746 3429 871 3490 aetates
885 3386 1074 3491 interiectus
1092 3425 1197 3492 Cato?
1224 3424 1336 3504 Quid‘l

280 3564 539 3639 innumerabiles
569 3564 626 3628 alii
653 3556 742 3650 (nam
770 3562 959 3627 domesticis
990 3560 1150 3641 exemplis
1187 3560 1337 3624 abunda·

282 3694 368 3785 mus)
391 3699 614 3779 cogitassene,
643 3674 819 3781 quicquam
854 3699 889 3763 in
919 3699 987 3763 vita
1012 3697 1075 3760 sibi
1106 3697 1335 3779 expetendum,

282 3834 347 3897 uisi
378 3835 469 3915 quod
502 3834 671 3913 laudabile
702 3838 788 3899 esset
821 3839 853 3899 et
886 3808 1118 3918 praeclarum,
1161 3834 1335 3900 ridentur?

283 3968 425 4034 Veniant
448 3970 547 4049 igitur
565 3971 619 4035 isti
644 3971 795 4036 irrisores
820 3972 919 4036 huius
953 3973 1113 4038 orationis
1139 3989 1178 4037 ac
1204 3976 1387 4042 senten-nr.
1490 4026 1492 4033 .

283 4100 369 4180 tiae,
395 4106 428 4167 et
451 4104 520 4183 iam
544 4106 596 4170 vel
623 4106 685 4187 ipsi
710 4105 867 4186 iudicent,
894 4111 1005 4173 utrum
1027 4126 1062 4174 se
1089 4102 1211 4175 horum
1232 4111 1336 4173 alicu-

281 4240 352 4320 ius,
374 4242 431 4323 qui
451 4208 651 4307 *marmoreis
677 4244 787 4323 tectis,
823 4245 926 4309 ebore
958 4251 991 4309 et
1018 4262 1102 4308 auro
1128 4242 1336 4323 fulgentibus,

282 4378 340 4459 qui
367 4376 488 4459 siguis,
515 4379 571 4461 qui
593 4380 730 4459 tabulis,
768 4383 825 4463 qui
852 4382 982 4447 caelato
1016 4395 1099 4442 auro
1130 4382 1163 4443 et
1188 4383 1335 4460 argento,
