3450 5342
762 665 923 713 EXGURSUS
952 663 987 711 V.

739 829 951 890 excussus
975 829 1050 886 v..
1133 922 1136 927 Ι

571 985 646 1061 sn
670 981 1012 1061 runsnoxan
1037 987 1110 1080 ιιι,
1137 983 1176 1077 ι.
1254 960 1258 969 ’

413 1184 496 1252 “Oce
521 1186 575 1249 ἴσα
598 1178 639 1250 esi
665 1176 896 1265 ἁμαρτήματα
919 1183 972 1248 aab
995 1174 1036 1248 coi
1060 1179 1336 1265 κατορθώματα,
1362 1186 1391 1226 :12³

418 1360 494 1430 „Hoc
512 1350 680 1412 Paradoxum
699 1368 738 1411 est
755 1356 919 1411 Stoicorum.
961 1355 981 1407 li
1000 1357 1071 1409 enim
1093 1367 1208 1427 peccata
1229 1357 1305 1429 paria
1323 1356 1391 1410 existi·

346 1458 434 1516 mant,
463 1457 492 1500 ut
518 1445 683 1517 Chrysippus
709 1444 746 1499 ait
771 1445 799 1497 in
825 1453 922 1516 merto
947 1443 1116 1496 Naturalium
1141 1443 1357 1512 Quaestionum,
1372 1455 1390 1496 et

346 1536 484 1601 Persaeus,
503 1545 529 1588 et
544 1534 629 1587 Zeno.
665 1532 733 1586 Nam
752 1533 773 1586 si
793 1550 885 1586 verum
904 1550 966 1585 vero
985 1530 1071 1585 maius
1088 1551 1147 1584 non
1168 1543 1218 1598 est,
1239 1551 1293 1586 nec
1313 1533 1390 1585 salsum

345 1622 412 1676 falso
432 1621 517 1675 maius
535 1622 597 1675 erit:
615 1620 650 1673 ita
669 1639 721 1674 nec
739 1621 812 1674 sraus
829 1619 933 1685 fraude,
948 1637 1001 1674 nec
1019 1629 1131 1690 peccato
1152 1631 1310 1691 peccatum.
1337 1621 1389 1673 Nam

345 1720 371 1762 et
390 1710 436 1781 qui
454 1719 564 1762 centum
582 1707 664 1762 stadia
683 1708 757 1762 abest
774 1728 789 1762 a
808 1705 936 1778 Canopo,
957 1718 983 1760 et
1001 1707 1047 1778 qni
1065 1702 1172 1774 unum,
1194 1727 1285 1780 aeque
1305 1709 1331 1760 in
1348 1706 1388 1760 Cs-

345 1817 418 1869 nopo
436 1816 491 1850 non
510 1805 579 1851 sunt.
613 1792 707 1866 Itaque
725 1794 816 1866 etqui
834 1794 924 1848 minus
941 1803 1047 1866 peccat,
1076 1794 1172 1866 etqui
1196 1794 1329 1866 amplius,
1354 1814 1387 1847 ae-

344 1904 397 1956 que
414 1883 442 1936 in
462 1893 535 1936 recto
554 1901 637 1954 opere
655 1901 711 1935 non
731 1892 801 1936 sunt.
847 1881 966 1935 Auctore
985 1879 1117 1936 Cicerone
1144 1880 1219 1935 libro
1242 1883 1278 1937 de
1294 1883 1387 1936 Finibus

344 1981 440 2043 quarto
460 1970 518 2038 [27]
537 1970 622 2022 Stoici
637 1979 752 2039 peccata
768 1970 850 2039 paria
864 1968 1025 2039 probantes,
1053 1979 1158 2041 negant
1187 1972 1304 2024 nonesto
1328 1973 1385 2042 quie-

343 2077 425 2130 quam
443 2059 597 2125 honestius,
622 2068 707 2130 atque
724 2058 800 2128 turpi
823 2058 940 2128 turpius.
990 2061 1042 2122 Ut,
1064 2059 1215 2131 inquiunt,
1245 2062 1276 2114 in
1298 2060 1385 2130 fidibus

341 2146 479 2216 plurimis,
501 2147 525 2198 si
542 2145 620 2198 nulla
637 2164 731 2199 earum
755 2146 797 2197 ita
815 2154 942 2198 contento
964 2145 1080 2198 numeris
1106 2146 1162 2213 sit,
1194 2157 1228 2199 ut
1248 2159 1384 2200 concentum

344 2251 451 2285 seruare
468 2233 568 2302 possit,
593 2253 681 2285 omnes
704 2251 789 2305 aeque
813 2233 984 2284 incontentae
1010 2233 1083 2295 sint;
1115 2235 1156 2286 sic
1179 2248 1314 2306 peccota,
1336 2237 1385 2309 quia

343 2320 510 2388 discrepant,
532 2338 616 2390 aeque
634 2322 803 2392 discrepant,
818 2321 901 2391 paria
919 2331 984 2373 sunt
1001 2322 1096 2393 igitur.
1133 2322 1277 2396 itemque,
1297 2327 1329 2393 [c.
1340 2324 1383 2389 2⁸2]

343 2406 489 2476 Quoniam,
515 2406 658 2478 inquiunt,
681 2426 755 2461 omne
770 2417 914 2477 peccatum
937 2407 1131 2462 imbecillitatis
1151 2421 1182 2463 et
1201 2409 1383 2465 inconstantiae

342 2505 397 2561 est,
430 2494 497 2546 leaeo
519 2504 610 2547 autem
630 2496 699 2548 vitia
717 2497 746 2548 in
765 2495 884 2549 omnibus
902 2495 998 2548 stultis
1016 2515 1102 2569 aeque
1120 2516 1225 2570 magna
1245 2511 1324 2566 sunt,
1349 2515 1381 2550 ne-

342 2602 414 2636 cesse
430 2594 471 2636 est
490 2602 547 2636 esse
562 2593 678 2654 pecema
691 2584 785 2654 paria.
833 2583 936 2637 Eodem
963 2593 1071 2637 auctore
1096 2572 1207 2639 eodem'
1223 2586 1297 2640 libro
1314 2584 1380 2655 [ct]

341 2671 425 2723 Stoici
442 2689 500 2734 eos,
519 2671 567 2743 qui
583 2681 687 2724 natura
706 2671 882 2744 doctrinaque
901 2671 978 2743 longe
996 2672 1034 2722 ad
1050 2671 1183 2726 uirtutem
1199 2676 1381 2744 processissent.

342 2757 396 2810 nisi
412 2774 471 2809 eam
486 2757 568 2827 plane
586 2759 723 2811 consecuti
745 2769 847 2823 essent,
875 2777 974 2810 sumnus
998 2777 1054 2812 esse
1078 2760 1191 2813 miseros
1218 2763 1329 2829 dicunt,
1349 2776 1380 2812 nec

339 2846 410 2897 inter
427 2865 517 2898 eorum
535 2845 620 2898 vitam
638 2855 722 2917 atque
739 2845 991 2915 improbissimorum
1016 2847 1162 2918 quicquam
1184 2851 1292 2901 omnino
1315 2849 1380 2900 inter-

340 2951 411 2985 esse:
431 2942 463 2984 ut
481 2933 579 2998 Plato,
609 2943 706 2985 tantus
723 2933 769 2985 ille
784 2934 840 2998 vir,
867 2934 892 2986 si
908 2935 1016 3003 sapiens
1034 2954 1085 2987 non
1100 2935 1211 3006 suerit,
1243 2939 1326 2991 nitito
1341 2954 1378 2989 ne

340 3019 408 3083 lius,
427 3037 509 3090 quam
527 3021 616 3091 quivis
634 3018 860 3089 improbissimus,
879 3039 926 3072 nec
944 3019 1049 3073 beatius
1068 3022 1177 3075 uixerit.
1223 3025 1299 3079 ldem
1314 3022 1376 3078 Stoici

340 3103 447 3170 dicunt,
475 3116 504 3158 ut
532 3116 572 3159 est
596 3107 667 3178 apud
694 3107 811 3161 eundem
829 3128 881 3181 pro
899 3109 930 3162 L.
948 3108 1076 3163 Murena:
1096 3111 1131 3178 [c.
1153 3114 1211 3181 ab]
1238 3132 1293 3166 non
1310 3115 1377 3166 ninus

339 3191 490 3264 delinquere
507 3211 581 3258 eum,
609 3196 656 3266 qui
672 3196 778 3268 gallum
794 3197 989 3269 gallinaceum,
1017 3217 1100 3270 quum
1125 3217 1197 3268 opus
1223 3221 1279 3254 non
1297 3199 1376 3273 suerit,

338 3296 419 3350 quam
436 3298 512 3338 eum,
531 3282 579 3352 qui
592 3292 700 3352 patrem
718 3283 904 3353 suffocaverit.
946 3285 1012 3339 ltem
1033 3304 1084 3357 pro
1107 3284 1227 3354 Milone,
1256 3300 1286 3342 ut
1303 3288 1332 3341 ad
1347 3287 1376 3337 iu·

340 3364 407 3420 dicia
433 3387 542 3439 quoque
573 3368 624 3425 boc
647 3370 814 3424 Paradoxum
842 3373 980 3443 pervenire
1011 3391 1172 3444 cognoscas:
1207 3377 1280 3448 [cap.
1295 3371 1376 3442 ull]

338 3455 400 3505 Non
417 3455 487 3514 alio,
515 3457 617 3528 inquit,
640 3459 769 3530 facinore
792 3458 862 3511 clari
886 3460 1017 3518 homines,
1048 3461 1104 3513 alio
1128 3460 1238 3515 obscuri
1256 3472 1377 3516 necantur»

336 3543 451 3596 Intersit
468 3545 539 3597 inter
555 3546 629 3598 vitae
648 3547 808 3616 dignitatem
834 3565 995 3599 summorum
1020 3557 1103 3619 atque
1122 3549 1295 3617 infimorum:
1324 3563 1376 3600 mon

337 3630 440 3700 quidem
459 3633 542 3684 illata
558 3651 607 3702 per
624 3635 712 3686 scelus
731 3634 824 3686 iisdem
838 3635 931 3703 poenis
948 3643 1085 3688 teneatur.
1132 3637 1197 3690 Nisi
1210 3637 1289 3709 forte
1307 3635 1376 3705 magis

335 3710 388 3766 erit
402 3718 556 3783 parricida,
579 3720 604 3770 si
622 3722 683 3790 quis
700 3722 867 3784 consularem
883 3732 1004 3792 patrem,
1030 3741 1113 3794 quam
1138 3725 1163 3776 si
1191 3718 1253 3798 quis
1270 3723 1376 3776 humilem

338 3801 481 3854 necaverit.
534 3803 653 3857 Platonis
679 3825 788 3878 quoque
819 3810 894 3877 (ante
922 3828 1001 3882 quam
1031 3820 1102 3864 secta
1130 3810 1286 3867 Stoicorum
1310 3807 1376 3873 esset)

336 3884 401 3940 baec
419 3886 469 3940 tuit
486 3890 625 3956 sententia,
643 3902 674 3944 ut
690 3891 742 3947 boc
760 3894 927 3950 Paradoxum
937 3897 1249 3962 Socraticumsideatur.
1284 3896 1374 3952 lsenim

338 3971 407 4026 libro
426 3973 482 4028 Xll.
503 3975 536 4029 (le
554 3976 670 4048 Legibus
689 3979 762 4048 [Frc.
782 3981 810 4036 S.
828 3983 922 4038 Latine
940 3986 997 4038 eius
1014 3987 1176 4041 sententiam
1199 3990 1315 4061 scripsit,
1339 4001 1376 4037 ⁰⁰⁵

337 4063 393 4132 ipsa
411 4063 530 4117 Platonis
549 4066 626 4119 verba
651 4066 773 4124 exhibere
798 4072 957 4138 maluimus,
983 4092 1051 4143 quae
1077 4086 1141 4129 sunt
1167 4097 1194 4147 p.
1215 4081 1276 4132 stt.
1301 4069 1375 4144 supb

338 4171 364 4222 p·
384 4153 445 4204 ²81.
465 4151 497 4204 T.
517 4151 561 4220 lll,
583 4157 608 4209 3.
627 4153 734 4225 Betb.]:
770 4156 829 4211 Ἐάν
845 4167 887 4218 τίς
913 4181 940 4212 τι
959 4162 1057 4231 κλέπτῃ
1077 4163 1207 4232 δημόσιον
1230 4169 1295 4231 μέγα
1312 4157 1328 4231 ἢ
1343 4162 1374 4210 sai

334 4232 456 4309 aucupia,
475 4243 524 4310 τῆς
541 4238 624 4311 αὐτῆς
642 4245 718 4314 δίκης
736 4248 785 4300 δεῖ.
832 4245 948 4319 Σμικρὸν
965 4269 991 4300 τι
1008 4245 1059 4318 peip
1081 4245 1094 4300 o‘
1114 4253 1233 4310 κλέπτων
1255 4253 1328 4323 ipen
1341 4250 1373 4309 pir

337 4321 443 4396 ταύτῷ,
472 4327 581 4392 δυνάμει
598 4333 627 4384 δὲ
645 4333 762 4386 ἐλάττονι
779 4338 905 4399 κέκλοφεν.
956 4334 1108 4408 Aristippus
1134 4337 1315 4412 Cyrenaicus,
1339 4333 1372 4406 qul

341 4413 458 4468 Platonis
475 4419 592 4486 aequalis
610 4420 673 4486 tuit,
695 4422 793 4494 quique
813 4444 947 4483 summum
967 4425 1069 4475 bonum
1091 4427 1120 4481 in
1142 4431 1277 4501 voluptate
1295 4422 1370 4499 posuit,
