3450 5342
611 725 807 773 runnooxon
824 726 874 773 ιιι.
903 727 972 773 cnr.
989 728 1010 774 ι.
1263 706 1333 779 121

357 883 431 934 Auri
448 901 540 935 nouem
553 893 658 935 euertat
674 882 849 955 gubernator,
873 900 912 937 on
926 885 1023 955 polone
1032 886 1050 952 2]
1088 883 1138 937 Eu.
1157 883 1242 941 suffr.
1264 888 1336 944 Pelr.

283 969 384 1024 navim.
428 967 494 1022 Cod.
513 969 618 1024 Suerin.
643 989 679 1024 on
698 972 761 1022 ouri
778 989 883 1026 novem.
930 970 1012 1027 Dexi.
1031 976 1055 1028 5.
1081 973 1208 1040 everli13
1234 970 1292 1028 Cre.
1311 980 1336 1032 1.

282 1055 448 1124 gubernator
471 1067 591 1109 evertat.
630 1059 724 1112 Duisb.
748 1060 813 1111 ours‘
835 1076 986 1112 messam
1017 1070 1123 1113 euersor
1154 1078 1249 1111 novem
1276 1076 1338 1115 our

280 1142 391 1209 paleae,
406 1163 485 1215 supra
504 1144 551 1197 lin.
569 1146 602 1198 ab
621 1145 655 1199 al.
675 1164 711 1200 m.
731 1165 776 1200 on.
821 1146 908 1202 Habet
935 1158 986 1199 out
1012 1148 1090 1202 eliam
1117 1146 1185 1201 cod.
1210 1147 1290 1201 Drsd.
1311 1155 1338 1205 4.

284 1227 344 1281 Mr.
386 1231 478 1294 „idem
504 1232 654 1303 exemplum
679 1235 802 1289 confutat
831 1234 889 1289 Cic.
915 1235 948 1287 de
972 1234 1053 1288 Finn.
1073 1235 1119 1301 lV,
1138 1238 1183 1300 2⁵1,
1202 1237 1251 1288 ¹16:
1278 1239 1338 1300 „Ut

284 1316 367 1380 enim,
385 1318 489 1388 inquit,
506 1318 673 1390 gubernator
691 1339 777 1394 oeque
793 1333 903 1392 peccat,
921 1323 946 1374 ai
959 1322 1103 1391 palearum
1122 1341 1216 1374 nouem
1233 1323 1340 1387 euertit,

283 1412 312 1451 et
330 1404 356 1454 si
373 1404 449 1456 ouri:
467 1407 531 1458 item
548 1426 632 1479 oeque
648 1419 759 1478 peccas,
780 1411 827 1481 qui
842 1420 984 1480 parentem
1001 1419 1029 1460 et
1048 1410 1095 1482 qui
1113 1429 1219 1462 servum
1235 1411 1339 1463 iniuria

284 1488 414 1546 verberor.
451 1497 513 1546 Hoc
530 1513 582 1546 non
603 1494 706 1561 videre,
729 1497 807 1548 cuius
823 1498 930 1568 generis
946 1515 1014 1549 onus
1033 1498 1112 1549 novis
1130 1499 1226 1564 vebat,
1253 1499 1284 1550 id
1300 1500 1340 1550 ael

281 1575 470 1644 gubernatoris
488 1590 575 1633 artem
591 1582 661 1634 nibil
677 1584 825 1651 pertineres
842 1585 952 1657 ireque,
971 1602 1068 1637 oururn
1082 1584 1221 1653 paleamve
1237 1596 1337 1656 portet,

283 1664 322 1712 rul
338 1664 401 1716 bene
418 1677 469 1719 aut
483 1667 523 1718 od
540 1669 608 1719 mole
625 1669 846 1738 gubernandum,
864 1671 934 1722 nilsil
950 1672 1085 1724 interesse.
1123 1672 1165 1725 At
1184 1673 1251 1742 quid
1266 1673 1355 1724 inter

279 1764 421 1817 parentem
436 1765 464 1806 et
481 1754 617 1807 servulum
635 1757 757 1818 intersit,
784 1756 902 1828 intelligi
925 1769 952 1810 et
977 1768 1066 1827 potest
1090 1768 1117 1809 et
1137 1757 1222 1809 debet.
1264 1761 1337 1827 Ergo

282 1839 312 1886 r'u
329 1836 505 1908 gubernendo
522 1841 605 1906 nr'lrr'l,
629 1843 658 1894 in
683 1843 780 1915 officio
795 1844 943 1912 plurimum
960 1845 1088 1908 interest,
1113 1863 1166 1916 quo
1190 1845 1218 1895 in
1243 1861 1337 1914 genere

280 1935 415 1992 peccetur.
459 1927 540 1979 Etsi
555 1929 584 1980 in
601 1929 662 1999 ipso
677 1931 873 2001 gubernatione
900 1929 1067 2003 negligentia
1084 1942 1125 1983 est
1143 1931 1221 1983 nouis
1238 1949 1339 1995 euerso,

284 2012 372 2064 rnoius
390 2023 431 2065 est
447 2025 587 2082 peccorum
604 2017 633 2068 in
651 2036 737 2084 auro,
756 2036 837 2090 quom
855 2019 885 2071 in
895 2020 986 2088 polee.
1028 2018 1155 2071 Omnibus
1183 2019 1252 2068 enim
1267 2017 1340 2069 orti-

284 2097 334 2150 bus
355 2100 476 2153 uolumus
493 2102 732 2171 attribueomeom,
750 2124 820 2176 quoe
838 2108 983 2159 eommunis
1001 2106 1157 2176 appellatur
1172 2106 1336 2175 prudentio;

285 2203 366 2256 quom
383 2206 486 2254 omnes,
505 2190 553 2260 qui
569 2191 665 2262 cuique
683 2193 803 2260 artifieio
817 2205 961 2263 praesunt,
980 2193 1073 2246 debent
1094 2194 1215 2246 bobere.“
1234 2195 1338 2264 wyse

284 2275 411 2325 Everrere
427 2275 538 2332 solenne
557 2289 595 2333 est
611 2279 639 2331 in
659 2299 689 2332 re
707 2281 827 2335 naulica:
853 2282 892 2336 sic
919 2302 967 2353 per
991 2282 1173 2354 metaphoram
1199 2284 1232 2335 de
1258 2282 1336 2333 Prov.

285 2358 366 2414 Cous.
383 2368 414 2415 4:
433 2375 492 2416 tum
510 2367 538 2418 in
556 2367 604 2419 illo
622 2369 773 2440 naufragio
793 2369 884 2433 urbis.
903 2389 984 2442 quam
1002 2381 1034 2423 tu
1053 2372 1136 2430 idem,
1154 2373 1202 2444 qui
1218 2370 1338 2441 guber-

284 2468 368 2502 nore
387 2452 530 2521 debueras,
548 2466 737 2508 everteres.
787 2457 829 2510 De
856 2457 922 2528 Rep.
943 2457 963 2525 l,
984 2461 1047 2513 w
1065 2459 1166 2529 Borg.
1214 2457 1282 2510 Add.
1302 2455 1338 2509 0.

285 2537 323 2591 Μ.
342 2540 448 2594 Miilleri
468 2541 554 2596 Curae
571 2543 700 2597 secundas
717 2544 751 2596 ad
770 2543 819 2597 Or.
840 2565 891 2616 pro
911 2544 997 2600 Sestio
1017 2565 1043 2616 p.
1064 2548 1183 2610 13-15,
1204 2544 1249 2615 qui
1270 2545 1338 2596 bene

285 2625 318 2678 de
338 2627 389 2681 hac
407 2649 436 2682 re
453 2631 597 2701 praecepit.
633 2630 693 2682 ΜΓ.

358 2717 387 2764 in
401 2735 428 2766 re
443 2718 677 2788 aliquantum]
697 2718 943 2789 „Aliquantulum
962 2718 1145 2790 quindecim.‘⁴
1166 2716 1236 2770 ΑΜ.
1254 2715 1341 2768 Man.

286 2800 355 2853 cod.
380 2802 459 2856 Drsd.
477 2808 503 2858 5.
528 2806 587 2857 iure
611 2807 708 2876 proin
731 2825 777 2867 re,·
804 2805 854 2860 On.
874 2827 903 2870 ψ.
922 2809 1124 2880 ,αἱὶᾳααῑταιω
1158 2803 1229 2875 quod
1255 2814 1340 2874 potest

286 2909 340 2942 esse
367 2901 471 2959 orium,
499 2912 560 2946 cum
588 2894 689 2964 syllaba
715 2895 785 2948 vocis
813 2896 987 2968 aliquantum
1005 2893 1098 2947 ullima
1123 2894 1151 2945 in
1171 2891 1279 2945 alteram
1299 2910 1341 2943 es-

286 2991 325 3031 ser
353 2977 450 3032 lineam
481 2983 677 3046 transferenda
710 2994 795 3054 polest
827 2985 908 3037 eliam
942 2994 1032 3036 ortum
1064 3001 1119 3035 esse
1148 3001 1177 3033 ex
1208 2998 1340 3051 compen-

286 3068 332 3121 dio
349 3069 420 3122 vocis
439 3070 656 3141 aliquantulum,
683 3092 764 3145 quam
790 3071 892 3125 Gernh.
918 3072 1056 3143 praemiii,
1082 3088 1143 3125 cum
1164 3067 1260 3122 Cicero
1289 3067 1340 3120 hoc

286 3167 357 3208 certe
385 3157 447 3210 loco
473 3159 634 3229 probaturus
659 3159 711 3214 hoc
730 3161 901 3231 paradoxon,
929 3160 1078 3232 paullulum
1104 3157 1186 3210 modo
1216 3157 1340 3210 interesse

287 3245 400 3299 voluerit
426 3247 452 3298 in
478 3267 521 3312 re,
547 3267 598 3300 nec
625 3267 687 3300 vero
712 3250 775 3302 salis
801 3249 930 3316 multum,
959 3249 1032 3320 quod
1062 3259 1129 3300 esset
1158 3247 1341 3318 aliquantum.

286 3333 319 3386 El
340 3344 449 3386 tuentur
472 3334 666 3387 deminulivum
693 3334 779 3389 codd.
808 3337 1052 3407 praeier·Aldinos
1079 3333 1153 3397 illos,
1183 3332 1279 3404 reliqui
1298 3352 1341 3385 ses

286 3420 352 3473 On.
370 3420 429 3474 Cre.
449 3423 474 3473 1.
495 3425 520 3473 2.
539 3424 564 3474 3.
584 3420 663 3473 Drsd.
675 3424 700 3473 ⁵.
745 3421 840 3474 Duisb.
857 3434 900 3486 et,
920 3433 949 3473 ut
967 3422 1077 3484 videtur,
1095 3417 1243 3484 Orelliani‚
1263 3419 1341 3470 item-

286 3530 340 3582 que
360 3507 429 3561 Edd.
455 3507 598 3579 pleraeque
625 3507 688 3560 inde
714 3529 729 3560 a
755 3507 889 3574 Gruter-o,
915 3526 976 3560 curn
1003 3506 1051 3558 Ed.
1076 3506 1234 3558 Ase.1511.
1288 3503 1340 3554 Sed

286 3596 495 3670 praeferendum
515 3597 597 3648 visum
625 3606 663 3649 est
686 3596 859 3668 aliquantum
884 3615 945 3649 cum
965 3592 1014 3646 Or.
1037 3604 1062 3646 et
1080 3591 1177 3661 Borg.,
1203 3591 1274 3662 quod
1294 3589 1342 3643 ha-

286 3689 352 3742 ben!
370 3685 437 3738 Edd.
464 3695 521 3739 reu.
541 3696 661 3750 noslrae,
686 3695 793 3756 excepta
820 3683 896 3751 Asu,
912 3701 1020 3749 omnes,
1049 3681 1166 3751 itemque
1192 3697 1221 3731 ex
1247 3677 1342 3731 Orellii

289 3777 362 3828 libris
386 3773 435 3826 Ed.
465 3792 521 3844 pre.
552 3772 602 3827 Ed.
638 3793 681 3844 ap.
716 3773 800 3828 Meus.
836 3773 909 3827 Crat.
938 3773 1007 3824 Vici.
1031 3769 1123 3840 Magn.
1151 3768 1224 3821 Man.
1249 3768 1341 3821 Lamb.

289 3863 370 3932 Borg.
390 3872 415 3914 et
434 3861 529 3932 reliqui
549 3860 635 3913 Codd.
647 3862 730 3914 nostri
749 3881 851 3915 omnes.
888 3861 922 3914 Et
941 3871 1021 3925 recle,
1040 3859 1060 3912 si
1077 3857 1236 3931 quidvideo.
1274 3858 1342 3910 Nam

290 3970 344 4002 non
364 3960 417 4014 est,
440 3949 513 4019 quod
537 3960 617 4020 neget
635 3947 748 4016 Cicero,
776 3951 964 4020 aliquantum,
989 3949 1007 4001 i.
1028 3967 1051 4001 e.
1068 3946 1129 4001 salis
1148 3945 1278 4009 multum,
1299 3945 1341 3996 in-

289 4051 384 4092 teresse
402 4037 429 4090 in
448 4056 491 4089 re:
520 4056 581 4090 cum
601 4037 627 4090 id
646 4037 733 4107 ipsum
752 4038 894 4101 omnibus,
924 4027 993 4107 quae
1011 4037 1104 4098 affert,
1135 4032 1259 4103 exemplis
1277 4049 1341 4100 pro-

290 4129 380 4180 batum
400 4127 490 4191 iverit,
515 4125 615 4179 etiarnsi
643 4124 683 4177 vel
702 4125 849 4196 plurimum
869 4123 1017 4178 intersitio
1038 4141 1084 4188 re,
1108 4121 1135 4173 in
1155 4121 1213 4189 ipso
1232 4125 1342 4186 peccalo

290 4217 360 4268 inler
377 4226 520 4286 utrumque
541 4213 640 4265 lactum
660 4212 725 4266 nihil
745 4215 879 4267 interesse.
917 4213 998 4265 Recte
1017 4207 1130 4264 conrulit
1147 4205 1229 4272 Borg.
1253 4203 1342 4255 locum

291 4304 322 4357 de
339 4303 419 4356 Finn.
441 4303 486 4367 lv,
507 4307 556 4355 24:
580 4301 694 4353 Leontio
716 4301 803 4371 igitur
829 4303 955 4352 vitiorum
984 4312 1082 4365 magno
1102 4293 1141 4359 stt
1167 4292 1195 4342 in
1222 4291 1269 4352 iis,
1295 4292 1342 4360 qui

289 4390 387 4443 babent
406 4391 443 4439 od
461 4391 587 4441 virtulem
602 4388 795 4456 progressionis
812 4388 1009 4456 aliquantu
1021 4400 1060 4431 m:
1088 4379 1133 4432 ubi
1153 4378 1273 4431 Davisius
1298 4397 1344 4430 ea·

290 4477 367 4542 dem,
386 4496 467 4547 quam
494 4496 543 4530 nos
566 4473 715 4538 attulimus,
743 4492 821 4527 causa
849 4471 943 4537 allata,
971 4469 1084 4523 correxit
1115 4487 1142 4519 ex
1170 4466 1247 4520 bonis
1270 4466 1344 4519 libris
