3450 5342
336 664 427 709 xxxtt
501 659 737 708 ruomooutrna
765 661 806 706 tn
835 658 1003 706 CICERONIS
1030 660 1217 711 rauthan.

336 824 457 894 quidem,
478 842 545 894 quae
564 821 764 893 disputaverunt
781 818 957 875 Gernhardus
974 833 1001 876 et
1018 821 1266 893 Morgensternins‚
1292 824 1325 876 ad
1346 844 1383 877 re-

336 912 456 976 ritatem,
474 922 605 983 quentum
624 909 682 964 steri
701 898 800 982 potest,
819 909 940 981 proxime
958 908 1086 964 accedere
1103 910 1275 980 videntur*).

405 997 599 1070 progredimur
617 996 649 1050 ad
669 996 822 1060 consilium,
850 1015 905 1067 quo
925 1007 1013 1050 motus
1036 996 1132 1051 Cicero
1162 996 1238 1053 hunc
1270 997 1382 1054 libellum

338 1086 471 1156 scripsisse
490 1083 678 1138 existimandus
697 1084 737 1138 sit.
772 1082 973 1156 Hieronymi
995 1085 1121 1139 Wottit
1149 1088 1314 1141 sententiam
1338 1089 1382 1141 iam

334 1175 432 1247 partim
450 1194 464 1226 a
483 1172 699 1243 Morgensternio
717 1182 839 1245 non-tam
860 1171 1011 1240 refutatam,
1029 1193 1111 1245 quam
1128 1173 1257 1229 reiectam
1270 1175 1383 1229 vidimus.

335 1262 494 1316 Accuratius
512 1261 626 1332 exposita
644 1260 683 1314 sic
700 1258 792 1313 habet:
810 1258 947 1325 „Volebat
961 1262 1077 1329 primum
1097 1261 1247 1317 consectari
1258 1261 1383 1336 eloquen-

335 1352 386 1404 tiae
405 1349 510 1403 laudem
530 1349 557 1400 in
576 1368 605 1400 re
624 1367 638 1401 a
658 1348 757 1401 sorensi
777 1366 826 1400 usu
845 1347 949 1415 aliena;
968 1349 1061 1400 deinde
1081 1351 1179 1403 docere
1198 1348 1318 1415 volebat,
1333 1351 1382 1403 lor·

289 1456 292 1463 ·
336 1448 417 1491 tunae
434 1455 545 1489 munera
564 1455 620 1489 non
638 1436 752 1489 nimium
770 1457 824 1490 esse
843 1435 1014 1502 admiranda;
1039 1447 1097 1488 tum
1122 1436 1320 1492 commendare
1335 1448 1383 1493 str-

336 1523 414 1578 debat
432 1544 460 1576 se
477 1543 591 1595 suasque
610 1543 653 1577 res
669 1544 720 1596 pro
746 1544 774 1577 re
793 1524 901 1597 publica
918 1536 1019 1596 gestas3
1043 1535 1184 1594 praeterea
1208 1526 1345 1579 consolari
1360 1545 1383 1581 re

336 1611 423 1682 ipsum
442 1611 566 1681 cupiebat
583 1622 609 1664 et
627 1611 733 1663 munire
752 1611 875 1666 adversus
892 1612 1052 1666 calamitates
1078 1623 1104 1665 et
1131 1612 1324 1669 insectationes
1339 1614 1383 1667 ini-

337 1701 481 1765 micorum;
500 1719 605 1752 armare
624 1700 736 1771 denique
755 1699 868 1753 Brutum
892 1700 924 1753 ad
944 1700 1064 1753 Caesaris
1082 1699 1206 1767 caedem,
1237 1721 1322 1772 quem
1348 1712 1382 1773 ty·

336 1809 452 1842 rannum
476 1809 555 1860 saepe
578 1798 669 1854 ro'cat,
696 1787 831 1859 proposita
854 1787 998 1841 honestatis
1026 1798 1053 1841 ct
1080 1787 1180 1841 virtutis
1204 1788 1382 1843 excellentia.“

338 1878 386 1930 Vix
406 1881 518 1949 opinor,
544 1877 606 1943 erit,
634 1877 680 1948 qni
700 1875 766 1929 haec
790 1877 881 1928 omnia
901 1874 1025 1930 Ciceroni
1044 1875 1125 1928 fuisse
1144 1875 1283 1946 proposita
1306 1875 1384 1929 eristi·

337 1978 406 2032 met,
426 1967 535 2019 minime
553 1985 615 2017 vero
634 1963 676 2029 id,
704 1963 777 2033 quod
797 1963 891 2015 ultimo
919 1961 980 2017 loco
1004 1963 1098 2035 posuit.
1143 1960 1238 2015 Unum
1265 1959 1320 2015 hoo
1340 1960 1383 2014 sihi

336 2053 496 2106 Ciceronem
516 2051 636 2104 babuisse
653 2050 820 2121 propositum
836 2051 876 2104 ait
902 2050 1032 2123 Xystus
1057 2047 1261 2114 Betuleius,
1287 2058 1321 2102 'ut
1347 2048 1383 2101 iu·

337 2140 408 2211 genii
429 2140 525 2193 vlusum
553 2138 699 2205 exhiberet,
725 2157 776 2191 nec
803 2157 881 2204 vero,
905 2149 935 2192 ut
958 2156 1122 2211 quemquam
1146 2137 1274 2201 doceret,
1304 2152 1383 2208 quum

336 2228 393 2299 ipsc
410 2227 443 2280 ab
463 2226 687 2280 Academicorum
705 2227 824 2298 partibus
841 2226 949 2280 steterit.
984 2225 1020 2278 At
1039 2225 1098 2297 quis
1116 2223 1208 2288 nescit,
1226 2220 1383 2276 Ciceronem

337 2333 477 2386 nunqnam
502 2313 537 2366 ita
557 2312 636 2384 plane
660 2333 676 2367 a
698 2312 852 2370 Stoicorum
877 2313 1000 2368 doctrina
1022 2312 1201 2372 abhorruisse,
1236 2322 1267 2364 ut
1293 2326 1382 2364 eorum

338 2413 479 2473 praecepta
499 2412 636 2471 sperneret
665 2412 792 2474 tanquam
817 2403 916 2474 inepta.
969 2400 1143 2471 Quamquam
1169 2398 1242 2450 enim
1268 2417 1300 2451 ea
1322 2396 1384 2451 locis

338 2508 417 2562 supra
436 2490 521 2543 allatis
538 2491 603 2560 (pro
621 2488 737 2542 Murena
755 2493 823 2545 eat
835 2510 875 2562 sq.
895 2491 928 2542 de
945 2489 967 2540 F
969 2489 1025 2541 iun.
1041 2487 1087 2553 lV,
1106 2488 1165 2554 21.)
1183 2484 1297 2538 irridere
1316 2483 1383 2536 vide-

337 2589 381 2632 tur
403 2578 491 2649 (quod
516 2576 590 2629 dedit
612 2577 733 2647 opinioni
763 2576 917 2648 populari);
952 2586 1055 2628 certum
1079 2584 1168 2627 tamen
1196 2584 1246 2638 cst,
1278 2590 1340 2625 eum
1357 2570 1382 2622 in

337 2665 458 2718 doctrina
484 2664 517 2717 de
543 2664 664 2717 moribus
689 2663 794 2718 Stoicos
818 2664 983 2736 potissimum
1011 2681 1066 2715 esse
1091 2670 1227 2727 secutum,
1254 2670 1281 2713 et
1303 2659 1384 2730 magis

338 2754 416 2807 etiam
436 2753 623 2826 progrediente
641 2763 725 2806 aetate
751 2752 784 2806 ad
803 2770 897 2806 eorum
916 2751 950 2804 de
975 2749 1084 2802 honesto
1107 2745 1266 2801 sententiam
1293 2765 1322 2798 se
1339 2764 1383 2813 ap-

338 2841 466 2911 plicuisse.
502 2839 533 2894 ln
553 2841 683 2895 Oratione
702 2858 751 2911 pro
769 2840 884 2892 Murena
902 2838 968 2890 illud
986 2855 1095 2909 quoque
1114 2833 1383 2896 animadvertendum,

338 2930 408 3000 quod
429 2948 512 3001 quum
533 2927 676 2981 Murenam
695 2926 791 2980 Cicero
816 2927 972 2980 defenderet
995 2936 1088 2980 contra
1117 2934 1300 2978 accusatorem
1323 2922 1383 2976 Ser·

337 3018 407 3069 rium
426 3015 591 3088 Sulpicium,
610 3016 638 3068 in
657 3016 733 3069 cuius
750 3015 925 3069 accusationis
943 3013 1165 3085 subscriptoribus
1180 3020 1239 3064 erat
1255 3008 1338 3075 Cato,
1357 3028 1383 3061 ea

338 3107 393 3175 ipsa
412 3122 455 3158 res
473 3104 597 3159 Ciceroni
617 3122 710 3156 ansam
723 3102 795 3157 dedit
812 3088 1048 3173 reprehendendae
1067 3098 1245 3170 philosophiae
1273 3098 1383 3162 Stoicae,

339 3211 420 3262 quam
440 3190 615 3258 profitebatur
633 3188 715 3254 Cato,
741 3192 788 3260 qui
809 3191 838 3243 in
861 3190 1084 3259 subscriptoribus
1110 3199 1180 3242 erat:
1213 3203 1383 3258 quamquam,

337 3291 367 3333 ut
385 3280 421 3332 ait
443 3278 570 3332 Ernestns
588 3277 615 3330 in
634 3278 708 3332 istius
726 3279 863 3332 Orationis
881 3290 1054 3350 argumento,
1080 3276 1154 3332 molli
1175 3274 1307 3330 Catonem
1324 3273 1384 3327 arti·

337 3367 400 3421 culo
417 3366 547 3418 tractabat
564 3363 720 3435 Cicero*‘).
764 3366 817 3421 Sed
844 3379 961 3421 nostram
989 3367 1066 3436 plane
1091 3365 1202 3418 iacimus
1228 3363 1383 3432 Morgen-

337 3482 545 3492 =·—————-

410 3569 438 3637 *)
456 3568 533 3621 Addo
559 3566 688 3621 iudicium
713 3567 825 3632 Orellii,
848 3569 880 3618 V.
900 3565 958 3630 Cl.,
987 3586 1016 3618 ex
1045 3565 1216 3617 annotatione
1240 3562 1272 3614 ad
1292 3561 1382 3613 Franc.

336 3640 453 3692 Fabricii
472 3638 662 3693 Marcodnrani
682 3637 746 3689 llist.
766 3637 904 3690 Ciceronis
924 3656 972 3704 per
982 3637 1110 3690 Consules
1119 3634 1287 3703 descriptam,
1307 3649 1382 3703 quatu

337 3710 420 3762 edidit
437 3711 465 3761 io
485 3709 625 3762 Onomast.
642 3706 768 3760 Tulliano
785 3707 815 3761 P.
835 3708 855 3760 l.
876 3727 900 3776 p.
919 3711 964 3761 88:
989 3708 1050 3773 „Ad
1069 3726 1170 3761 annum
1190 3725 1212 3758 a.
1231 3704 1265 3757 U.
1286 3723 1308 3757 c.
1325 3704 1383 3756 tet.

336 3790 397 3834 ante
416 3779 536 3831 auditum
555 3777 665 3831 Catonis
681 3787 794 3830 mortem
814 3777 852 3830 vel
871 3778 903 3830 ad
923 3779 1125 3847 praecedentem
1142 3777 1263 3831 referunt
1279 3772 1384 3828 Cicero·

337 3853 377 3904 nis
394 3849 552 3933 Porodoso.
569 3877 603 3886 -
640 3847 796 3901 Restameo
817 3850 1060 3935 prorsustincerta,
1089 3867 1150 3903 cum
1169 3846 1235 3900 nihil
1253 3843 1384 3929 impediat,

335 3918 1247 4120 {lipplfflialfflinffieeiiiiililill‘mcli'r.Uiaifllli.
1266 3912 1384 4040 itttll

389 4138 432 4206 **)
452 4063 652 4188 urlicteius
670 4133 697 4188 in
717 4132 782 4188 ttisr.
802 4134 868 4190 Crit.
888 4133 1071 4204 Philosophiae
1088 4132 1121 4185 Τ.
1139 4131 1172 4186 ll.
1192 4151 1218 4199 p·
1234 4133 1285 4185 45:
1311 4127 1383 4183 Cice·

338 4227 432 4262 ronem
451 4208 488 4262 ait
506 4204 638 4275 scripsisse
656 4205 790 4258 Paradora
818 4225 860 4258 ma
882 4205 903 4258 is
920 4204 1087 4276 eloquentiae
1112 4200 1284 4257 ostentandae
1309 4215 1385 4273 quam

340 4280 478 4332 erudiendi
497 4277 604 4332 lectoris
622 4294 709 4330 causa.
753 4275 814 4329 Non
838 4224 983 4329 admodum
1003 4274 1113 4328 discedit
1134 4276 1167 4328 ab
1190 4272 1242 4326 hac
1261 4269 1386 4325 sententia

339 4352 369 4402 C.
387 4349 502 4402 Beieri
522 4349 653 4403 iudicium
671 4348 699 4400 in
719 4346 839 4400 Censura
856 4346 918 4399 libri
937 4345 970 4398 de
990 4346 1127 4399 Ciceronis
1143 4347 1171 4400 in
1198 4341 1386 4413 philosophiam

339 4420 439 4474 meritis
459 4421 548 4490 scripti
567 4440 583 4473 a
601 4419 633 4472 R.
651 4417 832 4485 Kiihnero,
860 4428 985 4489 quaeest
1010 4417 1039 4471 in
1063 4415 1147 4472 lahnii
1166 4414 1275 4471 Annali.
1301 4413 1388 4468 Philo-
