3450 5342
336 668 411 744 284
669 690 842 740 rinnon
869 682 1063 738 erorcoruu.

335 863 414 916 onte,
433 858 529 923 quom?
548 850 576 903 in
596 849 731 921 prioribus
747 847 859 902 iunctim
878 858 1036 919 antequam.
1071 849 1176 902 Vocem
1195 832 1250 899 tibi
1268 849 1392 903 omittunt

337 937 422 994 Codd.
441 937 499 992 Cre.
520 943 545 990 ².
569 936 641 990 Gud.
660 936 691 990 B.
719 935 785 989 Oxx.
802 935 821 988 l.
839 932 875 986 U.
911 933 942 988 ln
966 934 1018 989 Ox.
1036 935 1068 991 E.
1096 944 1125 988 et
1150 933 1233 988 Drsd.
1254 939 1281 988 ².
1309 946 1346 989 est
1361 955 1390 987 ex

340 1027 397 1079 tois
416 1025 544 1096 copiis,
563 1044 614 1097 pro
630 1020 850 1095 possessionibus.
897 1021 927 1075 ln
954 1021 1042 1078 Codd.
1068 1024 1127 1077 cn.
1146 1025 1173 1076 1.
1193 1035 1219 1077 et
1239 1028 1266 1076 2.
1292 1034 1331 1077 est
1346 1030 1388 1081 tm,

336 1134 387 1186 pro
415 1124 539 1179 tontum,
566 1132 621 1186 quo
658 1109 820 1182 compendio
844 1109 873 1163 in
899 1109 1033 1184 plerisque
1057 1110 1132 1164 libris
1160 1109 1331 1181 significatur
1346 1120 1387 1162 to-

336 1222 402 1256 men.
437 1200 467 1253 M
473 1220 495 1256 r.

405 1300 516 1342 rantum
534 1287 702 1357 reficiatur,]
740 1284 845 1353 „Refici
862 1283 962 1338 dicitur
979 1284 1022 1351 id,
1040 1284 1114 1357 quod
1135 1283 1262 1355 capitur:
1288 1283 1386 1353 reficere

337 1389 375 1432 est
392 1378 542 1430 restituere.
579 1372 711 1444 Exemplis
732 1371 898 1443 intelligitur.
933 1371 992 1425 Lib.
1009 1371 1053 1424 ΙΙΙ.
1074 1372 1101 1424 in
1119 1374 1200 1425 Verr.
1218 1371 1290 1438 [ou]
1335 1372 1385 1421 Do-

336 1465 424 1517 minus
442 1463 556 1533 ifflorns
575 1459 730 1513 incommodi
747 1460 807 1525 sui,
823 1458 963 1533 guadeat,
981 1459 1121 1531 villicoqno
1140 1459 1308 1526 delectetur,
1325 1458 1387 1530 qood

337 1560 417 1603 tanto
434 1549 485 1601 sibi
500 1550 565 1619 plns
585 1548 710 1601 mercedis
727 1564 761 1598 ox
774 1547 868 1618 fundo
886 1542 1062 1617 resectum
1079 1547 1132 1611 sit,
1162 1557 1190 1600 et
1208 1546 1310 1600 ibidem
1328 1563 1384 1617 ager

337 1638 426 1708 reficit
444 1655 504 1688 cum
521 1646 633 1701 octavo,
660 1635 698 1688 sio
716 1634 788 1687 enim
816 1633 970 1706 legendum.
1021 1633 1055 1689 Et
1073 1637 1162 1689 Varro
1195 1634 1243 1690 lib.
1261 1636 1282 1689 Ι.
1307 1633 1383 1688 delle

337 1724 487 1792 Rasum]
521 1725 652 1792 [Hostum
667 1731 773 1788 vocant,
791 1723 883 1793 quod
898 1741 938 1774 ex
952 1741 1020 1775 uno
1032 1723 1116 1793 jacto
1126 1722 1179 1774 olei
1196 1722 1385 1794 reficitur]

336 1809 410 1865 Dixit
427 1810 506 1864 etiam
525 1808 617 1862 Celsus
634 1806 728 1862 lurisc.
746 1808 775 1861 in
796 1807 939 1862 pandectis
956 1809 1002 1862 lib.
1018 1809 1098 1863 XllX.
1124 1807 1212 1883 [loeus
1237 1822 1278 1865 est
1295 1810 1384 1882 Digest.

337 1900 394 1953 Lib.
419 1899 464 1964 ln,
480 1897 533 1951 Tit.
550 1899 594 1952 16.
626 1897 689 1967 Leg.
707 1898 742 1948 88
751 1897 769 1963 z]
807 1899 927 1948 Tantum
955 1896 1069 1969 quisquc
1090 1899 1224 1967 pecuniae
1257 1896 1385 1970 relinquit,

338 1996 471 2058 quantum
487 2003 520 2036 ex
540 1983 614 2036 bonis
631 1985 691 2036 eius
710 1984 822 2055 refici
837 1989 953 2054 potest.“
971 1984 1044 2038 Ald.
1061 1984 1149 2037 Man.
1187 1985 1232 2038 Ad
1251 2004 1331 2057 quern
1348 1982 1383 2035 lo·

338 2090 400 2126 curn
418 2073 479 2127 Fre.
497 2071 619 2125 Modius:
646 2068 882 2142 ,,Ἀθροισθῆναι,
899 2070 992 2142 Eclog.
1011 2071 1075 2125 ibid.
1094 2071 1121 2124 id
1141 2083 1181 2125 est
1199 2072 1296 2143 redigi.
1313 2071 1331 2126 l.
1348 2072 1385 2124 81.
1401 2131 1402 2135 ¹

337 2182 396 2233 sup.
414 2162 447 2214 ad
465 2161 516 2232 leg.
535 2160 636 2214 Falcid.
654 2159 717 2213 binc
736 2160 842 2231 refecta
858 2159 989 2228 pecunia,
1007 2159 1024 2213 i.
1043 2179 1066 2212 e.
1085 2161 1208 2215 redacto.
1227 2160 1246 2213 l.
1261 2163 1286 2214 3.
1302 2158 1329 2211 in
1345 2156 1384 2212 fin.

338 2269 397 2319 sup.
416 2251 449 2302 de
466 2248 553 2301 usuris
571 2246 588 2301 Ι.
608 2251 633 2300 1.
655 2244 680 2318 ᾗ.
701 2250 745 2302 ll).
782 2267 803 2302 s.
822 2247 855 2300 de
873 2247 964 2301 oollat.
981 2249 1079 2301 bon.“·
1108 2247 1176 2300 Ern.
1194 2248 1223 2300 in
1244 2246 1317 2301 ctas.
1334 2245 1383 2298 cic.

339 2335 417 2389 dicit:
436 2336 500 2400 „llis
518 2335 584 2388 locis
602 2336 710 2404 reficere
728 2355 783 2389 esse
801 2335 905 2390 videtur
924 2356 975 2407 pro
994 2336 1135 2404 conficere,
1154 2336 1229 2408 quod
1251 2337 1285 2389 de
1303 2333 1383 2388 eaden

278 2488 280 2490 η
340 2442 369 2475 re
388 2422 500 2488 dicitur,
520 2434 548 2476 ut
567 2433 593 2476 et
611 2421 730 2494 efficere.
772 2421 829 2476 sed
856 2434 910 2489 est,
936 2435 967 2477 ut
984 2442 1044 2477 rere
1063 2423 1167 2490 dicam,
1198 2425 1308 2493 reficere
1330 2419 1384 2474 nibil

340 2509 426 2577 aliud,
445 2511 472 2562 in
492 2509 531 2564 bis
549 2511 657 2584 quidem
677 2511 757 2578 locis,
780 2512 829 2565 nisi
848 2512 976 2580 conficere
992 2513 1134 2582 pecuniam
1152 2532 1183 2566 ex
1202 2512 1294 2585 aliqua
1310 2530 1346 2576 re,
1361 2509 1383 2561 in

341 2617 393 2670 qun
413 2599 556 2669 pecuniam
575 2610 649 2652 tuam
667 2599 822 2667 collocaris,
848 2611 878 2653 ut
906 2620 961 2653 non
981 2596 1036 2654 tim
1055 2600 1186 2672 accipias,
1215 2619 1301 2672 quam
1325 2597 1384 2652 reci·

339 2687 397 2757 pias
415 2689 565 2758 pecuniam.
603 2686 649 2742 Sic
667 2688 747 2759 plane
766 2698 805 2741 est
822 2686 895 2759 apud
915 2689 1065 2740 Varronem
1085 2688 1116 2740 R.
1134 2686 1168 2740 R.
1188 2685 1208 2754 Ι,
1229 2692 1256 2754 2,
1279 2691 1308 2740 8:
1330 2684 1385 2752 rofi*

340 2793 397 2827 cere
415 2786 551 2846 sumptum
567 2786 596 2827 et
616 2776 771 2846 impensum.
808 2776 878 2830 Sunt
897 2787 985 2830 tamen
1005 2775 1048 2829 alii
1066 2774 1134 2841 loci,
1166 2776 1196 2827 in
1215 2775 1314 2846 quibus
1331 2771 1385 2825 sim-

342 2863 446 2934 pliciter
464 2875 501 2918 est
528 2864 665 2932 conficere.
702 2864 764 2918 Vid.
783 2863 905 2920 Gronov.
924 2863 957 2916 nd
983 2863 1219 2929 Liv.35‚1.“-
1261 2859 1333 2928 Quid
1349 2858 1385 2910 in·

342 2954 415 3006 tersit
432 2954 503 3007 inter
520 2953 627 3020 reficere
645 2961 671 3003 et
691 2953 818 3021 conficere
844 2951 987 3006 commode
1012 2951 1091 3005 docet
1116 2950 1192 3004 locus
1212 2949 1385 3008 verrinarum,

342 3059 422 3110 quern
441 3059 521 3110 supra
540 3038 719 3104 laudavimus,
744 3036 790 3105 Ill,
810 3044 858 3093 5⁰:
885 3041 930 3093 ubi
950 3039 1016 3093 baec
1039 3039 1218 3093 antecedunt:
1253 3041 1292 3089 Ut
1309 3037 1332 3088 si
1348 3031 1386 3105 qui

340 3125 447 3178 villicus
465 3144 498 3175 ex
516 3144 546 3177 eo
559 3125 680 3196 fundo,·
693 3127 741 3197 qni
758 3129 885 3180 sestertio
905 3129 973 3180 deno
990 3129 1157 3184 meritasset,
1176 3126 1278 3178 excisis
1295 3119 1386 3176 arbori·

342 3212 391 3265 bur
409 3231 443 3264 ac
462 3215 577 3267 venditis
595 3242 645 3273 -‚
660 3233 753 3285 pecore
772 3214 944 3282 abalienato,
971 3215 1075 3267 domino
1093 3218 1155 3267 XX
1174 3213 1263 3266 millia
1289 3224 1385 3264 numum

337 3318 388 3371 pro
408 3304 439 3352 X
456 3301 572 3369 miserit,
590 3301 659 3356 sibi
680 3303 739 3354 olia
763 3288 908 3372 praetenti
936 3313 1042 3356 centum
1061 3301 1269 3373 confecerit
1276 3320 1287 3362 ,·
1312 3297 1386 3369 primo

341 3389 475 3456 nunnus,
495 3391 610 3464 ignarus
628 3401 679 3445 sle.
716 3389 843 3444 Ceterum
862 3408 913 3461 pro
933 3391 1074 3459 reficiatur
1100 3388 1151 3442 01.
1172 3408 1198 3458 η.
1226 3387 1308 3440 babet
1333 3381 1386 3449 refi-

341 3477 441 3545 cietur,
459 3478 553 3534 Duisb.
569 3477 684 3551 glossam
703 3481 853 3552 referatur.
890 3477 949 3532 Mr.
1119 3543 1121 3548 Ι
1182 3534 1185 3537 ,

412 3576 445 3617 nt
464 3585 495 3618 eo
512 3567 585 3619 turri
601 3595 637 3609 -
651 3563 749 3640 possit]
785 3566 866 3620 Multi
886 3580 912 3622 et
930 3567 1022 3638 scripti
1040 3564 1103 3619 libri
1121 3574 1148 3617 et
1164 3563 1229 3617 editi
1248 3561 1345 3616 babent
1360 3566 1386 3609 tl

341 3672 380 3704 ex
398 3672 440 3718 eo,
467 3655 510 3718 (ut
528 3653 619 3724 paullo
637 3655 760 3726 superius
777 3673 815 3706 cx
833 3656 891 3708 suis
908 3654 1063 3725 fructibus,
1089 3670 1128 3703 ex
1147 3652 1237 3703 tantis
1257 3643 1386 3720 vectigali·

342 3741 405 3799 bus)
424 3758 512 3810 neque
531 3740 639 3809 melius,
668 3762 749 3813 quarn
767 3743 823 3810 bis,
858 3762 926 3814 quos
950 3743 1032 3795 modo
1051 3737 1213 3812 significari,
1240 3736 1313 3790 locis.
1358 3729 1388 3782 El

342 3828 415 3880 abest
433 3826 498 3879 illud
516 3845 549 3878 ex
569 3847 583 3880 n
603 3828 696 3882 decern
725 3827 811 3884 Codd.
836 3829 915 3897 Aldi,
941 3829 1013 3883 eud.
1032 3827 1066 3881 Α.
1094 3826 1161 3879 On.
1182 3826 1202 3879 Ι.
1222 3825 1257 3879 N.
1274 3823 1305 3876 U.
1322 3841 1346 3889 n·
1362 3835 1385 3870 o.

342 3914 449 3969 Suerin.
467 3916 527 3988 (qui
545 3935 578 3968 ex
603 3936 684 3988 supra
702 3916 749 3970 lin.
774 3917 894 3971 additum
913 3917 1005 3987 babet)
1023 3915 1082 3969 Crn.
1100 3917 1126 3968 3.
1154 3913 1236 3966 Drsd.
1257 3917 1283 3965 2.
1303 3905 1386 3963 Duisl·

343 4003 410 4057 Edd.
430 4024 504 4077 pro,
522 4024 566 4076 up.
584 4006 684 4074 Meus,
713 4008 781 4061 Von.
801 4012 881 4062 1481.
900 4011 980 4063 1492.
1000 4008 1079 4060 1514.
1103 4003 1185 4056 lldlb.
1214 4000 1298 4053 Puris.
1317 3997 1387 4049 1511.

343 4098 421 4149 1511.
442 4095 526 4166 Lugd.
545 4097 609 4167 Arg.
627 4097 696 4150 Vict.
716 4097 784 4151 Rob.
801 4096 894 4168 Stepb.
923 4096 1009 4150 Suffr.
1026 4095 1096 4147 Petr.
1116 4091 1179 4145 Ald.
1206 4093 1287 4144 1548.
1315 4085 1388 4139 Gron·

344 4184 425 4238 Verb.
442 4184 507 4238 Em.
526 4184 622 4238 Olivet.
642 4205 717 4257 seqq.
735 4186 800 4254 (nec
819 4204 882 4237 vero
900 4183 1005 4251 Facu).
1049 4180 1134 4251 Quod
1152 4177 1179 4232 h.
1200 4177 1217 4232 Ι.
1236 4176 1303 4230 dicii
1320 4169 1387 4224 lumi

346 4271 435 4340 paullo
454 4273 575 4343 superius
591 4273 653 4327 dixit
672 4275 753 4330 olere.
789 4272 858 4340 set,
887 4285 916 4327 ιιι
935 4283 1026 4326 nostro
1045 4269 1106 4322 loco
1125 4266 1240 4331 Cicero,
1268 4264 1303 4317 ita
1320 4261 1386 4314 locu·

346 4366 387 4408 tus
404 4369 442 4411 est
459 4359 562 4415 Plinius
579 4364 640 4417 loco
659 4363 750 4435 paullo
768 4361 890 4434 superius
908 4361 1026 4424 laudato,
1046 4360 1090 4423 33,
1110 4357 1220 4422 1⁰,4t2
1243 4351 1293 4423 qui
1309 4346 1385 4402 reditu

346 4461 436 4497 annno
455 4447 581 4519 legionem
600 4453 696 4503 tueri
712 4454 798 4525 possit
805 4472 815 4516 ,·
836 4451 881 4508 scd
901 4452 997 4509 Cicero
1017 4466 1126 4522 quoque
1146 4444 1175 4501 5¹¹
1195 4441 1246 4496 0⁹·
1267 4457 1317 4514 ΡΙο
1334 4452 1386 4506 “ss⁰
