3450 5342
665 667 860 715 ιιιιιιοιιοιι
879 669 900 714 ι.
931 669 1012 716 ιιι.
1032 671 1078 717 ιιι.
1341 651 1391 724 87

339 847 388 880 nes
406 837 528 898 sumptae
547 844 562 879 a
579 825 659 878 rebus
677 826 812 898 corporis:
838 825 912 878 sedes
930 826 1062 897 significat
1080 830 1196 900 quietem
1215 842 1240 885 et
1256 834 1389 907 tranquil·

334 914 453 979 litatem
473 923 566 967 status
584 924 673 967 autern
691 913 853 976 firmitatem,
871 913 1065 981 constantiam,
1084 915 1295 973 fortitudinem.“
1312 920 1369 973 Mr.

409 1002 537 1053 demovet
544 1002 567 1068 ι]
588 1002 627 1053 lta
647 1000 707 1053 dedi
725 1019 787 1054 cum
806 999 909 1054 Gernh.
928 1000 1016 1054 Nobb.
1035 1001 1087 1065 Or.
1106 1022 1135 1055 ex
1155 1002 1387 1062 cothurnorum

333 1088 410 1142 Man.
429 1087 488 1144 Cre.
512 1093 537 1144 3.
562 1087 634 1142 Gud.
654 1088 685 1142 B.
705 1087 773 1141 Edd.
793 1088 886 1141 Lamb.
915 1087 947 1141 Η.
964 1089 1052 1143 Wolf.
1077 1089 1137 1144 cot.
1157 1094 1236 1144 teto.
1282 1091 1386 1165 Reliqui

333 1179 390 1232 fere
408 1196 503 1231 omnes
521 1177 650 1241 dimovet,
669 1177 723 1231 duo
742 1176 803 1229 Aid.
822 1176 897 1229 Man.
914 1188 1008 1232 movet.
1045 1177 1233 1249 Borgersinm,
1253 1188 1283 1231 ut
1300 1197 1388 1232 serra·

332 1277 375 1320 ret
393 1267 522 1331 dimovet,
555 1270 731 1338 (quamquam
757 1285 808 1338 pro
835 1264 949 1320 lectione
975 1267 1093 1320 demovet
1117 1267 1234 1321 laudarit
1259 1267 1310 1321 Or.
1338 1288 1388 1339 pro

333 1353 482 1419 Caec.1¹t;
508 1352 577 1407 Phit.
595 1353 628 1419 11,
648 1357 698 1418 213
716 1354 763 1418 IV,
783 1357 814 1416 t;
845 1352 878 1404 de
896 1352 976 1406 Finu.
994 1353 1041 1420 lV,
1061 1357 1116 1420 21.)
1141 1355 1223 1408 movit
1245 1356 1389 1408 auctoritas

332 1441 477 1494 Forceliini
498 1443 565 1506 (non
586 1440 749 1508 Facciolati,
771 1450 801 1494 ut
818 1440 943 1508 scribit),
972 1441 1018 1512 qui
1042 1442 1077 1495 ito
1092 1441 1120 1494 in
1139 1442 1248 1496 Lexico:
1268 1441 1386 1508 „Huius-

333 1529 406 1582 modi
425 1528 492 1583 locis
508 1526 575 1581 ittud
593 1539 631 1582 est
649 1527 854 1595 advertendum,
882 1538 912 1581 ut
930 1528 1035 1599 quoties
1053 1529 1174 1581 deorsum
1198 1529 1319 1582 movendi
1342 1547 1387 1581 ra·

334 1615 371 1669 tio
389 1615 478 1687 aliqua
496 1615 677 1688 significetur,
708 1634 757 1688 per
775 1616 822 1669 de:
849 1616 954 1688 quoties
978 1635 1040 1669 vero
1068 1616 1096 1669 in
1116 1615 1195 1669 aliam
1215 1615 1253 1669 rel
1273 1616 1386 1670 diversas
1461 1682 1468 1693 .

333 1714 432 1772 partes,
450 1718 500 1774 per
518 1704 546 1754 di
561 1704 705 1758 scribatur:
725 1732 759 1744 -
779 1704 850 1776 quod
870 1714 932 1758 ante
951 1723 1000 1757 nos
1017 1703 1187 1758 adnotaverat
1204 1703 1236 1756 P.
1250 1703 1386 1755 Burman-

334 1808 387 1842 nus
405 1788 438 1842 ad
456 1789 522 1842 iliud
542 1787 599 1844 Cic.
616 1790 725 1845 Gaecin.
742 1794 786 1845 te.
804 1792 877 1862 apud
896 1791 1027 1860 Quinctil.
1047 1791 1105 1857 VH,
1124 1793 1151 1844 3:
1176 1792 1214 1862 [p.
1233 1792 1306 1858 618]
1329 1792 1385 1856 Vis,

335 1895 419 1950 quoe,
445 1877 566 1946 periculo
584 1879 677 1930 mortis
695 1878 809 1943 iniecto,
821 1879 970 1950 formidine
988 1878 1106 1931 animum
1129 1878 1303 1948 perterritum
1329 1878 1385 1929 Ioco

333 1982 414 2034 saepe
431 1975 458 2015 et
477 1974 549 2018 certo
567 1966 599 2016 de
626 1976 704 2019 statu
724 1966 868 2021 demovet.“
912 1965 971 2021 Hoc
998 1965 1126 2020 nimirum
1152 1965 1213 2019 loco
1241 1965 1335 2018 Burin.
1360 1978 1385 2018 et

333 2051 395 2105 ideo
413 2053 543 2105 demovet
562 2052 666 2108 volebat
683 2053 751 2126 legi,
770 2054 832 2126 quia
852 2055 985 2107 demovere
1009 2053 1040 2108 sit
1059 2052 1076 2109 i.
1097 2074 1123 2126 q.
1146 2052 1260 2106 deiicere
1279 2053 1317 2105 vel
1336 2053 1384 2106 de-

334 2139 442 2192 turbare
460 2160 475 2193 e
494 2143 632 2210 superiore
651 2141 725 2207 ioco,
754 2152 780 2195 et
798 2141 872 2214 quod
891 2141 985 2213 optimi
1012 2141 1112 2213 quique
1136 2139 1280 2211 scriptores
1306 2158 1384 2212 saepe

335 2225 545 2298 praepositiones
567 2228 665 2282 addere
686 2228 773 2283 solent
799 2230 885 2284 verbis
915 2249 945 2282 ex
970 2229 1062 2283 iisdem
1089 2227 1257 2298 compositis,
1285 2237 1314 2280 ut
1337 2225 1383 2279 illo

334 2312 473 2370 Orationis
490 2335 541 2388 pro
555 2316 671 2372 Caecina
688 2317 764 2384 loco,
784 2336 865 2390 quem
884 2317 1001 2372 laudavit
1018 2315 1231 2385 Quinctiiianus,
1250 2315 1288 2365 de
1306 2324 1383 2366 stetu

335 2403 488 2460 demovere.
531 2403 594 2473 Qua
623 2405 651 2458 in
671 2405 848 2478 disputatione
867 2406 932 2460 iilud
954 2424 1043 2460 rerum
1064 2416 1116 2472 est,
1141 2414 1171 2457 ut
1197 2403 1330 2454 demovere
1354 2401 1385 2450 de

333 2502 411 2544 etotu
430 2494 487 2546 fere
505 2492 576 2546 idem
592 2493 643 2558 sit,
672 2494 744 2565 quod
762 2495 889 2551 deiicere:
916 2494 1013 2549 salsum
1040 2503 1130 2547 autern
1148 2491 1230 2557 iliud,
1258 2509 1314 2542 non
1332 2487 1384 2542 dici

333 2579 482 2638 demovere,
508 2579 558 2633 nisi
577 2598 665 2634 sermo
683 2581 716 2634 sit
734 2580 813 2635 dere
832 2583 954 2636 deorsum
971 2580 1112 2636 movenda.
1153 2578 1215 2632 Non
1244 2577 1314 2631 enim
1340 2595 1384 2630 so-

334 2667 392 2720 ium
411 2665 542 2738 siguificat
560 2667 694 2719 demovere
719 2667 737 2720 i.
755 2687 780 2740 q.
798 2668 924 2722 deorsum
943 2688 1063 2732 morere,
1096 2665 1140 2720 scd
1167 2667 1245 2719 etiam
1264 2664 1384 2717 universe

334 2757 393 2809 loco
411 2773 512 2807 movere
530 2757 595 2818 (von
614 2758 709 2807 Etrvos
727 2775 796 2827 weg
815 2755 961 2827 hervegen).
1005 2753 1098 2823 Quare
1122 2763 1194 2807 recte
1212 2751 1337 2805 scribitur
1354 2749 1382 2802 iu
1493 2758 1496 2762 “

335 2846 414 2896 Verr.
430 2843 451 2908 i,
471 2847 497 2910 2,
516 2845 565 2896 17ι
589 2850 702 2916 nequis
726 2854 754 2896 te
777 2845 866 2914 possit
891 2844 930 2895 de
954 2861 1019 2896 vera
1044 2840 1179 2895 sententia
1203 2839 1384 2891 demovere.

334 2930 385 2984 Or.
404 2930 436 2996 ii,
454 2933 503 2985 st:
522 2932 619 2985 Odium
643 2951 662 2983 o
685 2931 760 2986 nohis
778 2933 974 2994 demovere,·
999 2930 1184 2997 Verr.l,1't:
1216 2944 1249 2978 ne
1272 2924 1332 2996 quis
1357 2934 1384 2975 te

335 3019 368 3069 de
388 3037 450 3071 vero
469 3029 496 3071 et
515 3030 590 3072 eerto
607 3021 743 3073 sententio
758 3021 845 3090 possit
869 3020 1056 3072 demovere.
1103 3016 1178 3070 idem
1206 3031 1298 3078 error,
1330 3029 1384 3083 quo

335 3125 423 3177 nuper
440 3105 520 3160 etiam
548 3105 686 3161 Schiiteius
714 3120 805 3163 nostro
830 3108 892 3164 ioco
910 3106 1031 3162 toleravit
1054 3105 1183 3160 dimovet,
1210 3099 1288 3154 nobis
1304 3099 1383 3152 etiam

334 3195 495 3246 diversorio
513 3194 617 3265 peperit
633 3204 660 3247 et
677 3196 713 3246 di
719 3197 868 3263 primativa,
898 3215 949 3269 pro
967 3193 1124 3247 deversoriis
1147 3201 1173 3244 et
1193 3186 1384 3242 deminutivis.

334 3278 460 3335 Ceterum
480 3299 530 3352 ego
547 3291 638 3334 nostro
658 3301 767 3355 quoque
791 3283 852 3339 ioco
878 3282 968 3337 malim
990 3282 1043 3354 legi
1061 3281 1098 3332 de
1117 3307 1151 3318 -
1179 3287 1257 3331 stotu
1286 3276 1385 3326 demo-

333 3377 388 3422 vet.
425 3366 467 3418 De
484 3365 566 3419 serbo
585 3366 719 3420 demovere
737 3368 788 3424 rid.
801 3367 833 3423 C.
849 3370 888 3425 D.
906 3367 1068 3422 Beckium
1087 3367 1120 3419 ad
1140 3364 1190 3418 Or.
1202 3384 1253 3435 pro
1272 3362 1382 3417 Caecin.

333 3453 352 3509 Ι.
372 3472 397 3507 c.
414 3471 441 3522 p.
458 3454 520 3504 m.
538 3462 564 3505 et
582 3451 771 3506 Ernestum
789 3453 822 3506 ad
841 3453 892 3508 Or.
903 3473 954 3524 pro
971 3453 1039 3506 Sest.
1051 3457 1096 3508 et.
1114 3462 1140 3505 et
1157 3451 1190 3503 ad
1205 3449 1263 3504 Cic.
1276 3450 1308 3502 de
1328 3448 1385 3501 inv.

332 3540 368 3606 ΙΙ,
389 3541 433 3605 ²9,
450 3541 493 3592 86.
521 3537 567 3591 ιιΙιὶ
591 3538 677 3610 (quod
694 3539 813 3612 saepius,
833 3558 914 3612 quam
934 3558 984 3610 par
1009 3549 1061 3604 est,
1085 3537 1181 3590 accidit
1206 3535 1261 3588 viro
1287 3534 1387 3588 doctis-

333 3628 415 3692 simo)
432 3644 523 3678 rerum
543 3625 622 3691 vidit,
648 3626 720 3698 quod
744 3627 816 3681 idem
839 3626 897 3681 aliis
914 3627 981 3681 iocis
998 3646 1012 3679 a
1029 3643 1056 3678 se
1074 3625 1157 3676 visum
1183 3640 1237 3675 esse
1260 3639 1315 3674 nou
1341 3638 1385 3672 re-

334 3713 513 3779 cordabatur,
531 3732 674 3786 perpererit
693 3716 790 3788 scripta
810 3715 966 3789 relinquens
981 3715 1089 3768 intecta.
1105 3711 1165 3764 Mr.

406 3813 536 3886 Profecto
554 3813 625 3865 nihil
640 3823 681 3866 est
701 3815 780 3867 eliud
797 3813 859 3868 bene
877 3815 924 3884 -]
944 3814 993 3868 Οι.
1012 3831 1042 3877 ψ.
1061 3812 1126 3865 mihi
1144 3831 1194 3885 pro
1212 3815 1288 3872 nihil.
1306 3816 1387 3885 Drsd‚

335 3908 360 3958 ¹.
379 3906 405 3958 2.
423 3907 449 3957 4.
489 3900 610 3955 'Suerim
633 3902 757 3974 profecto
784 3904 853 3956 nihil
870 3903 1020 3967 aliodem,
1053 3918 1116 3954 cum
1135 3899 1215 3954 Rern.
1235 3913 1260 3956 et
1278 3901 1387 3967 Gueii.;

336 3991 407 4046 Gud.
427 3992 460 4044 Α.
478 3990 548 4042 nihil
565 3989 644 4043 uliud
659 4001 701 4045 eet
715 3991 855 4062 profecto;
876 4009 926 4062 pro
946 3989 1009 4041 hene
1032 3988 1103 4042 idem
1122 3987 1202 4042 habet
1220 3988 1328 4041 bonum:
1358 3992 1386 4044 iu

335 4098 388 4132 rer.
406 4077 466 4132 lect.
482 4076 604 4148 Magnoli
623 4077 749 4133 omissum
769 4090 808 4133 est
826 4079 922 4141 oliudr
940 4077 969 4131 in
987 4075 1067 4131 Drsd.
1086 4079 1111 4129 3.
1132 4076 1228 4129 desunt
1247 4078 1324 4130 verba
1344 4078 1387 4133 ul-

335 4165 400 4220 tima
419 4165 472 4220 nisi
488 4165 597 4219 honeste
612 4175 643 4219 ,et
661 4177 732 4218 recte
752 4167 855 4226 vivere,·
876 4165 956 4218 Drsd.
967 4170 993 4220 4.
1015 4164 1094 4218 habet
1112 4164 1221 4215 honeste
1237 4172 1265 4212 et
1284 4161 1388 4216 heote

335 4265 407 4306 recte
425 4254 521 4307 vivere.
558 4251 599 4304 At
615 4272 637 4306 r.
655 4254 764 4306 honeste
781 4254 923 4326 Wyttenb.
942 4253 1020 4306 haec:
1048 4249 1127 4303 hodie
1152 4249 1315 4320 loquuntur:
1345 4271 1387 4304 se-

337 4341 457 4396 cundum
475 4337 604 4393 moralem
624 4339 868 4409 pulchritudinem,
887 4359 939 4412 qua
958 4339 994 4391 ita
1013 4356 1062 4390 nos
1079 4335 1198 4389 actiones
1215 4347 1319 4392 nostras
1336 4358 1388 4411 gu·

334 4430 493 4493 bernsmus,
518 4436 546 4480 ut
567 4444 629 4480 cum
660 4426 747 4497 speeie
772 4437 798 4480 et
821 4438 916 4481 natura
947 4443 1023 4477 verae
1056 4420 1259 4492 pulchritudinis
1289 4446 1386 4482 conre-
